2098 3320
0 2235 52 2273 55

769 136 1162 207 VIETOPIQN
1238 137 1277 184 Β

198 271 394 325 στάδιοι
423 269 518 339 γάρ
549 271 649 322 εἰσι
682 271 843 322 εἴκοσι
874 268 954 320 καὶ
985 271 1162 321 ἑκατὸν
1192 267 1273 319 καὶ
1304 265 1655 335 ἑξακισχίλιοι.
1726 268 1781 319 τὸ
1813 271 1866 321 δὲ

197 356 296 410 ἀπὸ
341 354 563 421 Θηβέων
615 356 666 408 ἐς
710 353 1080 422 Ἐλεφαντίνην
1112 351 1432 417 καλεομένην
1477 354 1627 405 πόλιν
1674 351 1867 404 στάδιοι

197 442 356 510 χίλιοι
387 439 465 491 καὶ
495 439 783 491 ὀκτακόσιοί
811 440 926 490 εἰσι.

279 524 475 589 Ταύτης
498 522 566 576 ὧν
590 526 677 588 τῆς
706 523 872 591 χώρης
895 525 982 587 τῆς
1007 521 1263 588 εἰρημένης
1287 522 1316 587 ἡ
1342 520 1528 586 πολλή,
1557 521 1680 573 κατά
1704 543 1796 588 περ
1820 525 1865 574 οἱ

149 637 172 678 5
199 609 326 678 ἱρέες
346 609 540 677 ἔλεγον,
561 609 726 660 ἐδόκεε
748 609 826 660 καὶ
845 607 976 678 αὐτῷ
996 628 1079 672 μοι
1100 606 1226 658 εἶναι
1247 607 1506 671 ἐπίκτητος
1528 607 1863 673 Αἰγυπτίοισι.

196 698 294 746 τῶν
317 695 411 762 γὰρ
436 691 590 760 ὀρέων
614 697 711 745 τῶν
737 691 1005 760 εἰρημένων
1028 696 1126 743 τῶν
1149 692 1272 758 ὑπὲρ
1293 690 1506 758 Μέμφιν
1531 692 1680 743 πόλιν
1706 691 1862 756 κειμέ-

197 800 296 831 νων
331 777 388 830 τὸ
423 775 610 843 μεταξὺ
645 778 883 845 ἐφαίνετό
917 798 1001 842 μοι
1040 775 1170 827 εἶναί
1208 797 1320 827 κοτε
1363 776 1547 828 κόλπος
1585 774 1863 840 θαλάσσης,

197 864 368 929 ὥσπερ
397 861 457 913 τά
488 883 542 914 τε
571 861 683 929 περὶ
698 860 860 914 Ἴλιον
893 862 971 913 καὶ
993 861 1304 928 Τευθρανίην
1335 860 1415 911 καὶ
1438 858 1673 926 ’Έφεσόν
1703 882 1757 912 τε
1789 861 1868 912 καὶ

173 946 486 1014 ·Μαιάνδρου
509 947 694 1006 πεδίον,
721 947 786 1000 ὥς
809 968 867 1014 γε
899 945 1025 998 εἶναι
1049 947 1234 1012 σμικρὰ
1258 949 1409 996 ταῦτα
1438 944 1708 1012 μεγάλοισι
1740 966 1864 1010 συμ-

126 1057 174 1086 ιο
195 1036 394 1098 βαλεῖν.
442 1036 542 1083 τῶν
559 1033 655 1099 γὰρ
674 1035 828 1083 ταῦτα
846 1033 907 1083 τᾶ
924 1030 1083 1099 χωρία
1102 1029 1518 1097 προσχωσάντων
1537 1034 1771 1095 ποταμῶν
1792 1029 1864 1082 ἑνὶ

196 1121 295 1169 τῶν
319 1115 584 1182 στομάτων
607 1120 691 1167 τοῦ
711 1116 914 1174 Νείλου,
943 1116 1112 1167 ἐόντος
1136 1115 1500 1179 πενταστόμου,
1523 1114 1681 1168 οὐδεὶς
1705 1114 1866 1166 αὐτῶν

197 1199 415 1270 πλήθεος
447 1199 558 1268 πέρι
593 1199 732 1266 ἄξιος
769 1201 1131 1266 συμβληθῆναί
1163 1200 1287 1251 ἐστι.
1379 1200 1480 1251 εἰσὶ
1517 1202 1570 1251 δὲ
1609 1200 1686 1251 καὶ
1717 1198 1866 1250 ἄλλοι

196 1287 424 1352 ποταμοί,
457 1284 514 1336 οὐ
553 1287 675 1337 κατὰ
711 1284 798 1337 τὸν
835 1289 1025 1336 Νεῖλον
1060 1285 1242 1337 ἐόντες
1262 1282 1499 1351 μεγάθεα,
1532 1284 1710 1344 οἵτινες
1747 1280 1868 1351 ἔργα

199 1367 558 1436 ἀποδεξάμενοι
590 1366 788 1437 μεγάλα
826 1370 942 1421 εἰσί·
988 1373 1086 1420 τῶν
1118 1366 1216 1435 ἐγὼ
1248 1367 1443 1435 φράσαι
1481 1368 1581 1436 ἔχω
1619 1368 1868 1433 οὐνόματα

124 1475 171 1520 15
198 1454 276 1507 καὶ
298 1454 469 1507 ἄλλων
495 1455 573 1513 καὶ
605 1454 690 1506 οὐκ
714 1454 898 1519 ἥκιστα
919 1451 1188 1524 Ἀχελῴου,
1218 1452 1272 1506 ὃς
1300 1452 1429 1520 ῥέων
1455 1452 1515 1504 δι’
1540 1453 1867 1520 Ἀκαρνανίης

198 1539 277 1591 καὶ
312 1538 458 1604 ἐξιεὶς
493 1542 545 1593 ἐς
580 1538 851 1591 θάλασσαν
880 1543 979 1591 τῶν
1010 1537 1292 1606 Ἐχινάδων
1330 1537 1500 1605 νήσων
1530 1540 1618 1592 τὰς
1652 1537 1866 1603 ἡμισέας

195 1623 286 1690 ἤδη
316 1623 521 1691 ἤπειρον
552 1626 807 1690 πεποίηκε.

272 1708 427 1761 ’Έστι
466 1711 519 1761 δὲ
559 1712 647 1774 τῆς
682 1709 925 1777 Ἀραβίης
963 1709 1146 1778 χώρης,
1190 1708 1443 1776 Αἰγύπτου
1484 1709 1537 1759 δὲ
1577 1705 1633 1757 οὐ
1673 1708 1862 1774 πρόσω,

198 1795 383 1848 κόλπος
441 1793 708 1860 θαλάσσης
766 1794 961 1862 ἐσέχων
1014 1796 1067 1846 ἐκ
1124 1796 1213 1858 τῆς
1263 1793 1502 1861 Ἐρυθρῆς
1561 1791 1865 1857 καλεομένης

123 1901 174 1930 20
195 1874 510 1947 [θαλάσσης],
558 1880 744 1947 μακρὸς
790 1881 914 1932 οὕτω
963 1878 1021 1944 δή
1068 1901 1115 1931 τι
1168 1880 1248 1931 καὶ
1297 1877 1492 1932 στεινὸς
1544 1876 1608 1929 ὡς
1656 1877 1865 1945 ἔρχομαι

197 1963 427 2032 φράσων·
472 1967 625 2030 μῆκος
664 1967 756 2031 μὲν
786 1964 945 2018 πλόου
981 1963 1247 2033 ἀρξαμένῳ,
1270 1965 1324 2014 ἐκ
1360 1967 1520 2036 μυχοῦ
1560 1966 1866 2014 διεκπλῶσαι

196 2050 247 2102 ἐς
269 2048 357 2113 τὴν
382 2048 554 2117 εὐρέαν
578 2048 847 2101 θάλασσαν
878 2048 1055 2116 ἡμέραι
1085 2050 1463 2113 ἀναισιμοῦνται
1493 2045 1866 2112 τεσσεράκοντα

197 2133 707 2206 εἰρεσίῃχρεωμένῳ,
747 2134 886 2202 εὖρος
927 2133 996 2194 δέ,
1035 2134 1095 2207 τῇ
1138 2133 1399 2200 εὐρύτατός
1441 2134 1552 2184 ἐστι
1593 2131 1862 2191 ὁκόλπος,

1907 140 1967 186 ΙΙ.
1991 155 2026 202 9

1902 537 1961 573 10

1903 1222 1927 1264 ba

1905 1725 1949 1759 11

193 2218 348 2284 ἥμισυ
387 2218 570 2286 ἡμέρης
604 2220 779 2271 πλόου.
866 2220 1015 2289 ῥηχίη
1058 2218 1100 2270 δ’
1137 2219 1190 2270 ἐν
1226 2217 1355 2288 αὐτῷ
1394 2217 1472 2269 καὶ
1513 2216 1735 2289 ἄμπωτις
1771 2217 1865 2268 ἀνὰ
1891 2222 2038 2273 ‹Mr-

122 2324 170 2365 25
195 2305 365 2355 πᾶσαν
391 2303 594 2371 -ἡμέρην
637 2305 844 2371 γίνεται.
934 2304 1102 2371 ἕτερον
1146 2307 1371 2355 τοιοῦτον
1417 2303 1606 2355 κόλπον
1652 2301 1731 2352 καὶ
1775 2301 1866 2365 τὴν

195 2389 447 2455 Αἴγυπτον
495 2388 647 2441 δοκέω
693 2388 934 2457 γενέσθαι
983 2410 1084 2448 κου,
1138 2388 1225 2440 τὸν
1275 2391 1366 2454 μὲν
1414 2389 1467 2439 ἐκ
1518 2390 1606 2452 τῆς
1656 2388 1866 2454 βορηίης

247 2538 272 2564 2
303 2526 491 2575 Θηβαίων
512 2526 552 2565 R
566 2527 602 2565 V
830 2540 856 2577 3
885 2527 1032 2579 χίλιοι]
1057 2531 1182 2568 εἴκοσι
1204 2526 1243 2564 R
1260 2526 1288 2564 S
1303 2526 1339 2564 V
1532 2537 1557 2573 5
1585 2526 1653 2576 ἱερ.
1682 2524 1714 2561 C
1731 2523 1768 2560 R
1784 2522 1865 2561 SV

196 2578 239 2621 δὲ
266 2581 329 2622 καὶ
360 2580 495 2620 RSV
713 2583 740 2620 6
779 2587 873 2621 tert.
913 2586 994 2623 τῶν
1024 2595 1105 2621 om.
1141 2581 1176 2619 Β
1402 2593 1423 2630 7
1452 2595 1504 2631 γε
1530 2578 1699 2630 φαίνετό
1729 2576 1864 2615 RSV

195 2635 222 2673 8
249 2634 303 2676 τά
321 2634 390 2688 τε]
411 2652 462 2689 ’γε
485 2639 537 2678 τὰ
555 2635 596 2675 A
609 2635 644 2674 B
659 2635 693 2676 C
709 2637 743 2676 P
873 2637 992 2686 ἥλιον
1014 2636 1053 2674 R
1244 2648 1272 2685 9
1301 2636 1351 2676 ὥς
1370 2651 1421 2687 γε
1447 2633 1862 2682 Schweighaeuser:

196 2691 302 2731 ὥστε
323 2690 363 2730 Α
376 2691 410 2729 Β
426 2690 459 2729 C
474 2690 508 2730 P
523 2706 531 2730 ἰ
563 2694 614 2734 ὣς
637 2691 676 2730 R
692 2691 721 2731 S
734 2692 772 2731 V
884 2690 1132 2743 συμβαλέειν
1154 2691 1187 2729 L
1368 2702 1385 2727 1
1397 2702 1412 2728 1
1447 2688 1705 2738 ἑπταστόμου
1728 2686 1766 2724 R
1782 2687 1811 2725 S
1825 2687 1862 2725 V

200 2757 247 2783 12
276 2751 420 2799 ξυμβλ.
445 2746 484 2785 R
499 2745 579 2786 SV
761 2747 811 2785 16
842 2748 953 2800 ἐξιὼν
975 2749 1015 2788 ἐς
1035 2748 1111 2796 τὴν
1133 2745 1222 2787 θάλ.
1249 2743 1287 2782 R
1304 2744 1386 2783 SV
1568 2756 1622 2782 20
1652 2740 1862 2789 θαλάσσης

196 2812 279 2840 om.
316 2800 355 2838 R
370 2800 400 2839 S
412 2800 451 2839 V
610 2802 752 2843 στενὸς
789 2801 828 2840 R
843 2801 873 2841 S
886 2801 924 2840 V
1154 2813 1203 2838 21
1250 2800 1392 2840 πλοίου
1427 2797 1641 2852 ἀρξαμένου
1676 2797 1715 2835 Α
1730 2795 1764 2834 Β
1780 2797 1812 2835 C
1830 2796 1862 2833 P

141 2859 146 2864 '
194 2854 325 2907 μάχου
365 2855 405 2894 R
424 2856 507 2895 SV
726 2869 780 2896 22
830 2858 983 2911 εὐρεῖαν
1023 2855 1085 2894 C:
1134 2854 1270 2909 εὕρέην
1311 2854 1349 2892 R
1369 2853 1474 2894 SV:
1525 2853 1678 2906 εὐρείην
1715 2852 1752 2890 Α
1775 2851 1808 2889 Β
1828 2851 1861 2889 Ρ

194 2925 362 2963 τεσσαρ.
390 2910 479 2950 RV
636 2924 699 2962 23,
718 2911 911 2964 χρωμένῳ
933 2910 1020 2949 ΑΒ
1206 2922 1258 2958 24
1290 2910 1459 2961 ἅμποτις
1482 2908 1561 2947 SV
1713 2920 1766 2956 25
1798 2909 1859 2947 καὶ

196 2965 258 3006 ἐπὶ
296 2967 372 3017 τὴν
406 2965 591 3005 PRSV
814 2969 867 3006 26
907 2983 975 3007 κου
1007 2978 1088 3005 om,
1123 2966 1161 3004 R
1178 2965 1280 3005 SV:
1328 2963 1424 3004 κοτέ
1446 2963 1573 3002 ›Stein
1717 2960 1861 3015 βορέης

197 3017 330 3058 RSV

1906 2322 1931 2364 3
