2098 3320
71 73 159 124 Ν.
189 40 275 139 152
933 72 1357 129 HPOAOTOT

311 202 557 273 χαλκήιον
576 196 813 271 κρητῆρος
833 203 1131 272 Ἀργολικοῦ
1155 206 1356 266 τρόπον·
1404 203 1554 272 πέριξ
1569 197 1761 258 δὲάὗτὸ
1779 208 1979 273 γρυπῶν

0 287 532 356 ι*1-4·’··Ῑ’··”””“’“ᾓεφαλαὶ
581 289 895 356 πρόκρρ-σσοί
937 291 1052 341 εἶσι·
1120 290 1197 341 καὶ
1250 288 1496 359 ἀνέθηκαν
1548 291 1599 343 ἐς
1651 287 1976 356 τὸ”Ήραιον,

288 371 688 437 ,ὑποστήσαντες
717 374 846 442 αὐτῷ
878 378 1008 440 τρεῖς
1043 373 1288 442 χαλκέους
1329 374 1610 428 κολοσσοὺς
1642 371 1976 442 ἑπταπήχεας,

260 477 282 524 5
312 462 445 509 τοῖσι
468 457 680 525 γούνασι
704 457 1097 526 ἐρηρεισμένους.
1175 459 1501 525 Κυρηναίοισι
1525 452 1579 510 δὲ
1606 458 1683 510 καὶ
1709 457 1978 524 Θηραίοισι

314 543 365 594 ἐς
407 542 620 606 Σαμίους
664 541 763 594 ἀπὸ
805 543 978 594 τούτου
1021 547 1108 594 τοῦ
1152 542 1299 610 ἔργου
1345 547 1514 610 πρῶτα
1554 543 1721 610 φιλίαι
1763 540 1980 609 μεγάλαι
2005 562 2027 602 5

189 642 277 691 153
316 624 707 692 συνεκρήθησαν.
754 628 822 678 ὀἱ
845 629 898 678 δὲ
923 630 1136 693 Θηραῖοι
1162 628 1324 679 ἐπείτε
1347 626 1434 679 τὸν
1462 627 1725 694 Κορώβιον
1748 626 1981 683 λιπόντες

314 711 368 762 ἐν
408 711 467 782 τῇ
506 708 644 780 νήσῳ
684 711 921 763 ἀπίκοντο
964 713 1013 764 ἐς
1053 710 1143 775 τὴν
1186 709 1375 779 Θήρην,
1413 700 1738 779 ἀπήγγελλον
1779 710 1844 764 ὥς
1882 716 1981 778 σφι
2088 719 2098 803 1

2090 807 2098 837 1

314 796 387 859 εἴη
447 798 599 860 νῆσος
667 796 748 847 ἐπὶ
806 795 974 867 Λιβύῃ
1034 794 1313 861 ἐκτισμένη.
1425 797 1698 862 Θηραίοισι
1754 797 1808 847 δὲ
1867 794 2005 863 ἕαδε,

313 880 564 945 ἀδελφεόν
595 900 649 931 τε
680 879 763 932 ἀπ’
794 880 1044 947 ἀδελφεοῦ
1079 879 1290 945 πέμπειν
1327 879 1471 950 πάλῳ
1503 880 1728 948 λαχόντα
1766 879 1844 932 καὶ
1882 877 1981 931 ἀπὸ

312 968 410 1015 τῶν
440 963 617 1031 χώρων
648 962 882 1016 ἁπάντων
919 966 1044 1016 ἐπτά
1087 966 1268 1017 ἐόντων
1311 964 1506 1032 ἄνδρας,
1543 965 1669 1016 εἶναι
1708 963 1762 1016 δέ
1804 969 1980 1031 σφεων
2010 979 2056 1008 10
2092 967 2098 985 ⁴

315 1047 392 1099 καὶ
422 1048 644 1115 ἡγεμόνα
677 1048 754 1100 καὶ
785 1048 1011 1114 βασιλέα
1044 1048 1247 1101 Βάττον.
1341 1050 1465 1101 οὕτω
1496 1048 1553 1112 δὴ
1588 1046 1863 1100 στέλλουσι
1893 1047 1979 1099 δύο
2096 1047 2098 1049 ’

314 1131 728 1200 πεντηκοντέρους
761 1135 811 1186 ἐς
841 1132 932 1197 τὴν
963 1132 1216 1185 Πλατέαν.
1295 1167 1316 1187 0

186 1233 273 1284 154
394 1221 564 1268 Ταῦτα
608 1219 661 1269 δὲ
708 1221 921 1284 Θηραῖοι
964 1216 1190 1284 λέγουσι,
1231 1219 1291 1269 τὰ
1334 1217 1376 1269 δ’
1414 1218 1651 1270 ἐπίλοιπα
1695 1221 1780 1269 τοῦ
1824 1216 1980 1288 λόγου

313 1300 653 1368 συμφέρονται
681 1300 771 1366 ἤδη
811 1306 1024 1368 Θηραῖοι
1063 1303 1401 1369 Κυρηναίοισι.
1497 1306 1763 1369 Κυρηναῖοι
1794 1303 1890 1367 γὰρ
1921 1302 1982 1352 τὰ

311 1385 422 1451 περὶ
447 1384 639 1437 Βάττον
658 1386 892 1452 ,οὐδαμῶς
924 1386 1257 1453 ὁμολογέουσι
1290 1387 1574 1452 Θηραίοισι.
1651 1384 1861 1452 λέγουσι
1886 1386 1981 1452 γὰρ
2010 1404 2056 1445 15

310 1470 454 1521 οὕτω·
494 1469 604 1522 ἔστι
622 1473 708 1535 τῆς
730 1468 924 1537 Κρήτης
944 1470 1127 1535 Ὀαξὸς
1151 1471 1311 1531 πόλις,
1336 1472 1389 1522 ἐν
1410 1471 1472 1542 τῇ.
1491 1469 1690 1538 ἐγένετο
1712 1468 1981 1538 Ἐτέαρχος

310 1554 573 1618 βασιλεύς,
608 1554 662 1608 ὃς
699 1556 780 1606 ἐπὶ
818 1555 1019 1622 θυγατρὶ
1060 1554 1268 1622 ἀμήτορι
1308 1556 1367 1627 τῇ
1406 1555 1593 1620 οὔνομα
1635 1553 1696 1619 ἦν
1736 1554 1976 1621 Φρονίμη,

196 1698 200 1703 ἃ
249 1658 274 1691 2
311 1639 391 1690 ἐπὶ
415 1639 567 1710 ταύτῃ
593 1639 744 1706 ἔγημε
769 1638 931 1704 ἄλλην
955 1644 1178 1707 γυναῖκα.
1253 1640 1282 1704 ἡ
1307 1642 1359 1692 δὲ
1387 1641 1740 1691 ἐπεσελθοῦσα
1764 1639 1979 1690 ἐδικαίου

311 1723 389 1774 καὶ
420 1727 486 1792 τῷ
518 1723 645 1793 ἔργῳ
678 1722 803 1778 εῖναι
833 1724 1038 1791 μητρυιὴ
1070 1732 1130 1797 τῇ
1162 1725 1403 1795 Φρονίμῃ,
1444 1722 1735 1792 παρέχουσά
1769 1744 1824 1774 τε
1857 1723 1980 1774 κακὰ

0 1804 249 1879 »mnf
311 1808 389 1858 καὶ
441 1810 540 1858 πᾶν
591 1807 667 1859 ἐπ’
720 1808 841 1879 αὐτῇ
900 1807 1250 1876 μηχανωμένη,
1307 1809 1385 1860 καὶ
1449 1807 1593 1861 τέλος
1653 1806 1980 1876 μαχλοσύνην
2006 1828 2057 1858 20

310 1890 608 1943 ἐπενείκασά
648 1894 695 1943 οἱ
735 1893 894 1944 πείθει
933 1892 1018 1944 τὸν
1059 1892 1211 1959 ἄνδρα
1253 1897 1406 1944 ταῦτα
1453 1892 1588 1961 ἔχειν
1630 1892 1773 1943 οὕτω.
1862 1892 1889 1942 ὃ
1927 1892 1982 1943 δὲ

0 1970 246 2027 »tue-*¹⁶2
309 1975 650 2047 ἀναγνωσθεὶς
686 1977 781 2027 ὑπὸ
811 1979 898 2040 τῆς
938 1976 1165 2043 γυναικὸς
1205 1975 1350 2044 ἔργον
1394 1977 1480 2028 οὐκ
1517 1978 1660 2027 ὅσιον
1697 1977 1979 2044 ἐμηχανᾶτο

247 2084 271 2129 3
310 2059 391 2111 ἐπὶ
422 2061 479 2130 τῇ
514 2061 731 2127 θυγατρί.
806 2059 865 2124 ἦν
889 2063 983 2127 γὰρ
1009 2061 1065 2125 δὴ
1092 2063 1332 2126 Θεμίσων
1366 2061 1489 2126 ἀνὴρ
1523 2064 1743 2128 Θηραῖος
1766 2060 1980 2126 ἔμπορος

310 2145 363 2195 ἐν
403 2145 460 2214 τῇ
504 2143 686 2214 Ὀαξῷ·
750 2149 926 2196 τοῦτον
967 2146 992 2196 ὁ
1033 2144 1304 2213 Ἐτέαρχος
1353 2145 1663 2212 παραλαβὼν
1703 2144 1784 2197 ἐπὶ
1821 2141 1979 2208 ξείνια

308 2226 505 2294 ἐξορκοῖ
546 2226 576 2292 ἧ
618 2227 711 2293 μέν
755 2231 801 2280 οἱ
846 2228 1159 2294 διηκονήσειν
1196 2231 1224 2280 ὅ
1267 2251 1316 2281 τι
1358 2229 1419 2281 ἂν
1464 2229 1624 2301 δεηθῇ.
1713 2229 1876 2281 ἐπείτε
1916 2225 1977 2291 δὴ
2006 2248 2052 2289 ²5

310 2308 586 2378 ἐξώρκωσε,
631 2312 835 2380 ἀγαγών
876 2316 922 2365 οῖ
962 2318 1224 2380 παραδιδοῖ
1261 2313 1350 2378 τὴν
1391 2315 1574 2365 ἑωυτοῦ
1615 2311 1859 2380 θυγατέρα
1899 2311 1978 2363 καὶ

237 2416 264 2458 4
308 2396 489 2460 ταύτην
521 2395 719 2448 ἐκέλευε
753 2403 1130 2450 καταποντῶσαι
1155 2398 1506 2464 ἀπαγαγόντα.
1596 2398 1622 2447 ὁ
1652 2400 1705 2449 δὲ
1737 2397 1977 2462 Θεμίσων

4 2478 708 2593 Ἂῳήκπεριημεκτήσας
739 2482 797 2552 τῇ
839 2481 1002 2554 ἀπάτῃ
1045 2487 1131 2534 τοῦ
1171 2482 1319 2548 ὅρκου
1363 2482 1442 2533 καὶ
1482 2480 1846 2546 διαλυσάμενος
1886 2479 1978 2544 τὴν

92 2565 171 2618 Ν
372 2628 390 2656 1-
423 2618 599 2669 χαλκίον
623 2619 662 2657 R
680 2618 709 2658 S
724 2617 760 2657 V
882 2622 1022 2672 -λιγοῦ
1045 2620 1083 2659 R
1209 2621 1331 2660 αὐτοῦ
1351 2618 1432 2672 CP
1447 2618 1486 2657 R
1503 2618 1585 2659 SV
1749 2631 1774 2656 2
1802 2619 1976 2669 κεφαλαὶ

312 2674 348 2713 οἱ
380 2671 517 2712 RSV
683 2686 707 2721 4
749 2673 1030 2726 ε’ρηρισμένους
1060 2673 1348 2712 ABCRSV
1515 2687 1536 2723 7
1578 2674 1817 2725 ἀπήγγελον
1848 2672 1976 2711 CSV

312 2741 338 2777 9
367 2726 636 2778 λαγχάνοντα
656 2727 744 2766 ΑΒ
761 2729 794 2767 C
926 2742 975 2767 10
1005 2730 1147 2782 ἄνδρας
1166 2727 1242 2782 (d)
1264 2728 1453 2778 Mahaffy
1585 2741 1631 2777 14
1663 2727 1921 2780 συμφέροντα
1938 2726 1976 2764 V

313 2783 361 2821 τὺ
395 2782 532 2821 RSV
759 2784 808 2820 16
850 2782 960 2835 Ἀξὸς
995 2783 1132 2822 RSV
1169 2784 1232 2834 (it.
1271 2785 1367 2832 243³
1405 2783 1524 2835 ’Άξος
1558 2782 1708 2832 Steph.
1746 2782 1846 2832 Byz.
1887 2794 1970 2820 sm.

317 2849 364 2884 17
396 2837 475 2886 ἆμη
496 2850 595 2889 ι-τρι
620 2836 683 2876 R:
718 2838 884 2891 ἀμητερι
907 2838 936 2877 S
952 2838 988 2876 V
1113 2839 1162 2876 18
1193 2841 1486 2878 ἐπεισελθοῦσα
1508 2837 1544 2875 Α
1560 2838 1593 2876 C
1609 2837 1638 2877 S
1752 2836 1921 2877 ἐδικαίευ
1943 2837 1973 2875 S
2048 2885 2062 2892 ·

313 2903 361 2928 21
397 2891 674 2943 ἐπενεῆκοῦσοί
695 2892 809 2931 AB:
843 2896 1067 2944 ἐνεγκοῦσα
1092 2893 1126 2932 C
1293 2906 1345 2931 22
1375 2895 1454 2944 οὐχ
1482 2892 1573 2930 RV
1737 2903 1789 2940 23
1820 2892 1868 2939 δὴ
1888 2903 1970 2929 om.

314 2945 354 2983 R
371 2944 451 2983 SV
620 2958 672 2995 25
703 2948 981 2996 διηκονήσειεν
1007 2946 1097 2985 RV
1209 2946 1253 2988 δὲ
1276 2947 1308 2985 C
1324 2947 1356 2985 P
1522 2947 1575 2984 28
1604 2948 1668 2988 καὶ
1691 2959 1768 2985 om.
1796 2946 1828 2984 C
1845 2945 1878 2983 Ρ
