2098 3320
790 88 1194 168 *IETOPLQN
1258 120 1297 168 B
1358 145 1362 150 -
1927 123 2079 171 11.62

219 250 332 316 περὶ
371 248 520 301 αὐτοῦ
558 248 710 316 λόγος
752 250 1044 316 λεγόμενος.
1135 252 1186 304 ἐς
1228 253 1281 303 δὲ
1310 249 1497 302 Ἡλίου
1533 272 1586 302 τε
1626 250 1775 302 πόλιν
1813 251 1891 301 καὶ
1928 253 1998 310 63

219 337 438 386 Βουτοῦν
493 334 671 387 θυσίας
727 334 914 399 μούνας
979 333 1295 387 ἐπιτελέουσι
1349 339 1639 402 φοιτῶντες.
1729 335 1782 386 ἐν
1840 337 1892 387 δὲ

219 415 464 485 Παπρήμι
493 418 667 471 θυσίας
697 420 790 484 μὲν
822 418 902 471 καὶ
936 419 1016 486 ἱρὰ
1047 417 1171 472 κατά
1201 441 1293 486 περ
1319 419 1398 472 καὶ
1423 427 1484 493 τῇ
1514 418 1647 491 ἄλλῃ
1679 422 1892 472 ποιεῦσι·

221 501 319 555 εὖτ’
349 500 410 555 ἂν
441 503 494 555 δὲ
526 502 724 569 γίνηται
756 502 1042 570 καταφερὴς
1075 503 1101 553 ὁ
1132 503 1290 569 ἥλιος,
1326 504 1492 571 ὀλίγοι
1521 502 1613 571 μέν
1636 524 1766 558 τινες
1796 507 1895 556 τῶν

171 607 193 647 5
220 585 365 654 ἱρέων
396 586 508 654 περὶ
537 586 781 654 τῶγαλμα
811 586 1134 648 πεπονέαται,
1168 590 1214 641 οἱ
1245 590 1298 640 δὲ
1325 588 1510 641 πολλοὶ
1540 587 1700 641 αὐτῶν
1732 586 1895 653 ξύλων

222 671 427 738 κορύνας
467 671 672 740 ἔχοντες
716 674 897 724 ἑστᾶσι
939 676 1025 724 τοῦ
1068 674 1172 739 ἱροῦ
1217 674 1271 725 ἐν
1317 680 1378 746 τῇ
1422 673 1600 743 ἐσόδῳ·
1646 671 1799 725 ἄλλοι
1843 674 1896 724 δὲ

221 757 449 824 εὐχωλὰς
500 754 862 815 ἐπιτελέοντες,
920 761 1131 812 πλεῦνες
1190 757 1372 826 χιλίων
1431 758 1638 825 ἀνδρῶν,
1692 757 1898 810 ἕκαστοι

221 839 424 909 ἔχοντες
454 838 582 906 ξύλα
622 840 701 893 καὶ
732 841 868 893 οὗτοι
901 841 984 893 ἐπὶ
1019 843 1081 893 τὰ
1115 842 1259 909 ἕτερα
1289 841 1434 897 ἁλέες
1470 845 1668 895 ἑστᾶσι.
1757 840 1813 892 τὸ
1843 843 1896 893 δὲ
1932 852 2098 908 tumn>

220 923 424 992 ἄγαλμα
454 924 538 977 ἐὸν
572 926 625 977 ἐν
656 930 757 995 νηῷ
789 930 943 996 μικρῷ
979 924 1163 996 ξυλίνῳ
1198 925 1684 996 κατακεχρυσωμένῳ
1716 947 1891 993 προεκ-

148 1030 197 1059 ιο
223 1010 478 1074 κομίζουσι
512 1017 574 1082 τῇ
612 1011 878 1082 προτεραίῃ
920 1011 970 1064 ἐς
1009 1009 1140 1063 ἄλλο
1184 1012 1365 1077 οἴκημα
1406 1012 1527 1079 ἱρόν.
1618 1013 1664 1064 οἱ
1704 1012 1796 1077 μὲν
1836 1010 1894 1075 δὴ

221 1094 386 1161 ὀλίγοι
427 1095 474 1146 οἱ
515 1095 626 1162 περὶ
668 1094 912 1162 τῶγαλμα
954 1095 1276 1161 λελειμμένοι
1319 1096 1525 1149 ἕλκουσι
1565 1093 1896 1162 τετράκυκλον

220 1175 415 1244 ἅμαξαν
439 1176 664 1245 ἄγουσαν
690 1178 778 1231 τὸν
803 1179 922 1243 νηόν
949 1200 1005 1231 τε
1031 1179 1109 1232 καὶ
1133 1179 1189 1232 τὸ
1213 1181 1266 1233 ἐν
1291 1184 1358 1250 τῷ
1383 1185 1482 1250 νηῷ
1510 1178 1650 1234 ἐνεὸν
1674 1178 1893 1247 ἄγαλμα,

204 1260 266 1314 ὀἱ
298 1264 351 1315 δὲ
382 1261 469 1314 οὐκ
506 1264 630 1315 ἐῶσι
663 1264 717 1315 ἐν
754 1267 890 1316 τοῖσι
930 1266 1288 1331 προπυλαίοισι
1326 1267 1570 1319 ἑστεῶτες
1607 1261 1816 1324 ἐσιέναι,
1848 1266 1897 1316 οἱ

220 1348 274 1400 δὲ
319 1346 642 1414 εὐχωλιμαῖοι
686 1345 1014 1414 τιμωρέοντες
1058 1353 1124 1418 τῷ
1171 1352 1265 1419 θεῷ
1313 1348 1517 1424 παίουσι
1560 1348 1736 1402 αὐτοὺς
1780 1348 1897 1400 ἀλε-

149 1458 194 1498 15
221 1428 473 1497 ξομένους.
565 1433 777 1484 ἐνθαῦτα
803 1430 940 1500 μάχη
969 1431 1166 1498 ξύλοισι
1193 1432 1400 1501 καρτερὴ
1433 1435 1642 1500 γίνεται,
1671 1431 1895 1499 κεφαλάς
1932 1453 1956 1496 3

176 1527 185 1532 ’
220 1536 274 1568 τε
312 1514 719 1583 συναράσσονται
757 1516 850 1575 καί,
887 1516 952 1571 ὡς
992 1517 1091 1584 ἐγὼ
1128 1516 1299 1578 δοκέω,
1335 1519 1521 1570 πολλοὶ
1559 1517 1639 1570 καὶ
1675 1514 1893 1588 ἀποθνῄ-

220 1620 401 1652 σκουσι
425 1601 480 1652 ἐκ
509 1605 609 1653 τῶν
641 1599 928 1667 τρωμάτων·
979 1600 1035 1652 οὐ
1060 1600 1231 1666 μέντοι
1254 1603 1382 1669 οἵγε
1408 1603 1672 1669 Αἰγύπτιοι
1695 1602 1895 1669 ἔφασαν

221 1681 562 1757 ἀποθνῄσκειν
609 1684 801 1737 οὐδένα.
893 1684 984 1749 τὴν
1027 1688 1079 1738 δὲ
1121 1685 1397 1754 πανήγυριν
1436 1687 1618 1751 ταύτην
1656 1687 1713 1737 ’ἐκ
1752 1689 1894 1737 τοῦδε
1928 1707 1954 1749 4

219 1770 423 1834 νομίσαι
464 1770 596 1836 φασὶ
638 1771 683 1821 οἱ
724 1770 1002 1837 ἐπιχώριοι·
1062 1770 1241 1823 οἰκέειν
1283 1773 1337 1824 ἐν
1374 1775 1441 1840 τῷ
1486 1773 1570 1840 ἱρῷ
1611 1770 1767 1839 τούτῳ
1808 1774 1895 1821 τοῦ

145 1878 194 1906 20
212 1851 392 1922 ’Άρεος
412 1852 503 1917 τὴν
522 1852 723 1920 μητέρα,
749 1853 827 1905 καὶ
848 1853 935 1906 τὸν
949 1852 1107 1921 νΑρεα
1123 1855 1416 1923 ἀπότροφον
1436 1855 1707 1922 γενόμενον
1727 1856 1893 1906 ἐλθεῖν
1907 1830 2098 1945 ‘zm

219 1937 590 2006 ἐξανδρωμένον
623 1937 863 1991 ἐθέλοντα
886 1946 946 2011 τῇ
977 1940 1125 2006 μητρὶ
1152 1945 1339 2006 συμμεῖ
1368 1961 1433 1999 αι,
1464 1940 1542 1991 καὶ
1566 1939 1680 1993 τοὺς
1704 1939 1890 2006 προπό-
1909 1936 2098 1968 Μ’·

217 2028 336 2077 λους
378 2025 467 2088 τῆς
513 2023 715 2090 μητρός,
764 2024 843 2075 οῖα
888 2022 974 2075 οὐκ
1022 2024 1286 2079 ὀπωπότας
1337 2023 1486 2076 αὐτὸν
1531 2024 1787 2091 πρότερον,
1836 2022 1894 2076 οὐ

217 2110 451 2174 περιορᾶν
483 2106 711 2175 παριέναι
745 2108 880 2159 ἀλλὰ
910 2108 1191 2175 ἀπερύκειν,
1226 2107 1314 2160 τὸν
1348 2111 1400 2160 δὲ
1440 2106 1498 2173 ἐξ
1524 2108 1684 2173 ἄλλης
1715 2108 1892 2163 πόλιος

217 2191 529 2258 ἀγαγόμενον
549 2191 836 2259 ἀνθρώπους
860 2192 976 2247 τούς
1004 2213 1059 2245 τε
1081 2193 1361 2259 προπόλους
1382 2191 1604 2262 τρηχέως
1627 2196 1892 2259 περισπεῖν

142 2298 191 2339 25
219 2275 296 2328 καὶ
321 2277 553 2331 ἐσελθεῖν
577 2278 709 2343 παρὰ
731 2275 819 2341 τὴν
843 2274 1048 2344 μητέρα.
1140 2277 1237 2329 ἀπὸ
1262 2278 1437 2330 τούτου
1459 2282 1527 2347 τῷ
1543 2275 1687 2344 ’Ἄρεϊ
1710 2277 1891 2340 ταύτην

216 2358 306 2425 τὴν
352 2359 554 2428 πληγὴν
600 2362 655 2413 ἐν
703 2368 764 2434 τῇ
813 2361 931 2434 ὁρτῇ
986 2360 1298 2426 νενομικέναι
1346 2362 1493 2428 φασί.
1588 2361 1667 2412 καὶ
1716 2359 1773 2412 τὸ
1823 2359 1890 2424 μὴ
1927 2367 1997 2427 64

215 2445 489 2512 μίσγεσθαι
529 2445 722 2512 γυναιξὶ
764 2447 818 2498 ἐν
861 2447 1014 2512 ἱροῖσι
1056 2448 1180 2510 μηδὲ
1220 2446 1459 2499 ἀλούτους
1506 2444 1604 2498 ἀπὸ
1645 2450 1890 2511 γυναικῶν

216 2530 267 2582 ἐς
298 2530 377 2596 ἱρὰ
408 2528 599 2583 ἐσιέναι
630 2530 769 2582 οὗτοί
797 2531 898 2582 εἰσι
921 2532 968 2582 οἱ
1001 2534 1185 2596 πρῶτοι
1212 2530 1630 2602 θρησκεύσαντες.
1722 2531 1767 2581 οἱ
1797 2530 1889 2593 μὲν

216 2613 310 2679 γὰρ
349 2612 500 2666 ἄλλοι
540 2613 726 2683 σχεδὸν
767 2613 949 2668 πάντες
990 2612 1259 2680 ἄνθρωποι,
1307 2613 1440 2678 πλὴν
1485 2613 1771 2680 Αἰγυπτίων
1809 2611 1888 2663 καὶ

273 2762 290 2789 1
323 2767 370 2792 τε
390 2763 473 2790 om.
494 2749 581 2789 AB
599 2750 632 2788 C
797 2763 822 2789 2
851 2749 1087 2803 φοιτέοντες
1113 2750 1153 2789 Α
1169 2750 1203 2790 Β
1220 2751 1253 2790 C
1275 2750 1458 2803 (·ωντες)
1490 2750 1524 2789 Ρ
1691 2763 1715 2799 4
1747 2748 1811 2801 δὲ]
1835 2750 1884 2798 δὴ

214 2802 302 2844 ΑΒ
318 2805 379 2845 C:
408 2817 491 2845 om.
518 2804 558 2844 R
669 2803 840 2859 γένηται
863 2805 954 2844 RV
1101 2818 1127 2856 5
1157 2807 1206 2847 τὸ
1228 2806 1294 2859 ἀγ.
1319 2806 1408 2845 ΑΒ
1524 2804 1677 2847 αὐτέων
1701 2804 1883 2844 PRSV

216 2860 262 2900 ἐκ
281 2858 408 2912 ξύλων
426 2857 464 2899 P
477 2859 516 2898 R
532 2859 562 2899 S
575 2859 615 2899 V
763 2863 792 2898 6
819 2877 865 2900 τε
886 2860 925 2899 Α
940 2861 974 2899 Β
991 2861 1024 2900 C
1176 2873 1198 2910 7
1230 2861 1400 2902 ἇποτελ.
1424 2862 1463 2901 R
1478 2860 1560 2901 SV
1709 2861 1734 2898 8
1765 2859 1883 2901 ἁλέες

213 2926 295 2954 om.
321 2915 355 2952 C
517 2927 567 2954 10
596 2914 768 2968 προτέρη
791 2914 829 2953 R
846 2915 926 2954 SV
1088 2929 1135 2955 12
1166 2914 1236 2966 τὸ]
1264 2919 1335 2957 τῶι
1358 2916 1391 2955 C
1410 2930 1419 2954 ε
1451 2929 1533 2955 om.
1557 2914 1637 2955 SV
1749 2915 1885 2955 ἐννεὺν

217 2967 255 3007 R
268 2967 307 3006 V
434 2981 482 3019 14
513 2969 747 3022 ἀλεξόμενοι
767 2969 807 3008 Α
820 2969 854 3008 Β
869 2970 902 3009 C
917 2969 951 3008 P
1076 2983 1124 3010 21
1160 2969 1461 3023 ἐξανδρωμένων
1484 2970 1523 3010 R
1638 2974 1825 3021 συμμιξαι
1849 2968 1883 3008 L

215 3021 470 3076 προσπόλους
491 3023 523 3063 S
691 3037 742 3072 24
774 3023 1027 3077 ἀγαγόμενος
1049 3025 1089 3064 R
1544 3031 1546 3033 '
