2098 3320
71 124 135 174 ΙΙ.
163 134 252 185 125

158 1617 252 1665 126

168 2541 255 2592 127

914 122 1346 172 ΗΡΟΔΟΤΟΤ

290 256 533 323 μηχανῆς·
601 253 715 306 ὅσοι
771 257 866 323 γὰρ
928 254 986 320 δὴ
1047 261 1245 324 στοῖχοι
1303 255 1435 321 ἦσαν
1485 262 1583 310 τῶν
1636 258 1957 324 ἀναβαθμῶν,

291 344 530 390 τοσαῦται
572 339 649 390 καὶ
690 339 912 408 μηχαναὶ
955 338 1103 404 ἦσαν,
1144 343 1242 393 εἴτε
1286 342 1366 392 καὶ
1407 341 1497 406 τὴν
1538 342 1691 406 αὐτὴν
1730 342 1960 410 μηχανὴν

293 426 474 476 ἐοῦσαν
513 425 632 489 μίαν
669 445 725 477 τε
765 424 845 476 καὶ
889 423 1238 490 εὐβάστακτον
1279 427 1587 494 μετεφόρεον
1629 428 1710 478 ἐπὶ
1749 430 1961 494 στοῖχον

291 509 524 567 ἕκαστον,
557 508 683 562 ὅκως
719 507 805 561 τὸν
839 510 983 561 λίθον
1022 508 1261 574 ἐξέλοιεν·
1307 509 1537 579 λελέχθω
1573 507 1702 578 [γὰρ]
1732 510 1850 576 ἡμῖν
1880 510 1959 563 ἐπ’

292 592 566 660 ἀμφότερα,
602 591 725 645 κατά
757 614 848 659 περ
878 592 1097 661 λέγεται.
1190 592 1452 659 ἐξεποιήθη
1478 594 1519 645 δ’
1544 592 1612 646 ὧν
1642 597 1703 646 τὰ
1735 595 1962 647 ἀνώτατα

292 678 440 741 αὐτῆς
471 682 654 743 πρῶτα,
680 679 804 742 μετὰ
836 680 889 730 δὲ
918 679 980 729 τὰ
1019 679 1238 747 ἐχόμενα
1267 679 1454 741 τούτων
1490 677 1757 744 ἐξεποίευν,
1789 686 1958 732 τελευ-

290 765 406 813 ταῖα
449 763 501 812 δὲ
546 761 694 826 αὐτῆς
738 763 798 813 τὰ
842 763 1046 829 ἐπίγαια
1101 763 1181 814 καὶ
1228 764 1289 813 τὰ
1335 762 1595 814 κατωτάτω
1641 762 1959 828 ἐξεποίησαν.

293 844 606 911 σεσήμανται
647 848 700 898 δὲ
737 849 817 898 διὰ
861 845 1164 913 γραμμάτων
1207 849 1492 914 Αἰγυπτίων
1533 849 1587 899 ἐν
1627 855 1686 920 τῇ
1728 848 1962 914 πυραμίδι

292 931 391 982 ὅσα
431 931 481 983 ἔς
521 952 575 982 τε
611 933 856 997 συρμαίην
897 931 976 982 καὶ
1018 932 1240 998 κρόμμυα
1284 931 1363 983 καὶ
1398 932 1614 998 σκόροδα
1649 932 1960 997 ἀναισιμώθη

291 1019 423 1066 τοῖσι
447 1014 838 1082 ἐργαζομένοισι·
892 1015 969 1066 καὶ
992 1015 1059 1082 ,ὡς
1090 1018 1177 1080 ἐμὲ
1203 1015 1255 1068 εῧ
1286 1019 1568 1081 μεμνῆσθαι
1590 1017 1653 1067 τὰ
1676 1017 1702 1066 ὁ
1726 1015 1961 1083 ἑρμηνεύς

290 1121 374 1165 μοι
425 1100 783 1166 ἐπιλεγόμενος
825 1102 886 1151 τὰ
933 1099 1197 1167 γράμματα
1242 1100 1357 1167 ἔφη,
1406 1098 1644 1164 ἑξακόσια
1697 1100 1775 1152 καὶ
1817 1100 1961 1169 χίλια

291 1183 510 1235 τάλαντα
561 1185 794 1251 ἀργυρίου
837 1183 1148 1236 τετελέσθαι.
1239 1185 1282 1236 εἰ
1326 1184 1366 1235 δ’
1412 1183 1521 1236 ἔστι
1571 1183 1727 1238 οὕτως
1776 1183 1960 1252 ἔχοντα

289 1273 460 1326 ταῦτα,
488 1269 616 1319 κόσα
638 1268 772 1321 οἰκὸς
794 1267 929 1319 ἄλλα
953 1269 1330 1332 δεδαπανῆσθαί
1350 1270 1461 1320 ἐστι
1490 1269 1542 1323 ἔς
1571 1290 1626 1321 τε
1656 1270 1861 1336 σίδηρον
1889 1274 1958 1339 τῷ

292 1351 573 1420 ἐργάζοντο,
601 1353 680 1404 καὶ
711 1343 846 1404 σιτία
878 1354 957 1405 καὶ
991 1354 1180 1417 ἐσθῆτα
1210 1357 1343 1405 τοῖσι
1375 1352 1774 1421 ἐργαζομένοισι,·
1818 1354 1960 1406 ὁκότε

290 1438 475 1505 χρόνον
504 1440 595 1502 μὲν
625 1438 911 1502 οἰκοδόμεον
943 1439 1004 1488 τὰ
1036 1436 1157 1504 ἔργα
1186 1437 1273 1490 τὸν
1306 1437 1578 1505 εἰρημένον,
1606 1437 1766 1489 ἄλλον
1796 1437 1866 1496 δέ,
1895 1437 1960 1491 ὦς

1985 622 2008 662 5

1989 1039 2039 1067 10

1988 1461 2091 1502 15*

293 1522 391 1588 ἐγὼ
423 1520 591 1580 δοκέω,
625 1523 679 1573 ἐν
713 1526 777 1591 τῷ
813 1522 926 1575 τοὺς
963 1524 1136 1575 λίθους
1168 1521 1378 1587 ἔταμνον
1412 1523 1490 1574 καὶ
1523 1521 1645 1590 ἦγον
1678 1522 1755 1573 καὶ
1784 1521 1843 1574 τὸ
1862 1521 1991 1574 ὑπὸ·

282 1609 386 1673 γῆν
409 1608 599 1673 ὄρυγμα
618 1605 900 1673 ἐργάζοντο,
925 1605 1010 1657 οὐκ
1031 1606 1204 1673 ὀλίγον
1224 1607 1423 1674 χρόνον.
1488 1608 1538 1660 ἐς
1557 1611 1701 1658 τοῦτο
1720 1609 1774 1659 δὲ
1793 1607 1961 1658 ἐλθεῖν

291 1689 467 1743 Χέοπα
492 1690 758 1755 κακότητος
781 1690 912 1742 ὥστε
938 1689 1206 1757 χρημάτων
1233 1692 1469 1756 δεόμενον
1489 1690 1580 1755 τὴν
1604 1688 1848 1758 θυγατέρα
1869 1688 1959 1754 τὴν

292 1778 473 1826 ἑωυτοῦ
526 1776 800 1826 κατίσαντα
852 1774 928 1827 ἐπ’
976 1774 1240 1840 οἰκήματος
1306 1772 1587 1841 προστάξαι
1637 1773 1961 1841 πρήσσεσθαι

292 1859 525 1927 ἀργύριον
556 1859 740 1911 ὁκόσον
771 1858 828 1923 δή
859 1881 922 1910 τι·
971 1859 1027 1910 οὐ
1057 1861 1152 1926 γὰρ
1187 1859 1243 1923 δὴ
1282 1860 1425 1910 τοῦτό
1453 1881 1513 1927 γε
1545 1859 1739 1926 ἔλεγον·
1785 1857 1876 1922 τὴν
1905 1860 1959 1910 δὲ

290 1943 353 1995 τά
396 1966 450 1996 τε
493 1943 588 1996 ὑπὸ
627 1948 713 1994 τοῦ
753 1943 938 2010 πατρὸς
978 1942 1227 2011 ταχθέντα
1274 1942 1611 2010 πρήσσεσθαι,
1648 1942 1743 2014 ἰδίῃ
1786 1944 1839 1994 δὲ
1881 1942 1959 1994 καὶ

293 2028 444 2093 αὐτὴν
474 2030 793 2092 διανοηθῆναι
822 2026 1067 2093 μνημήιον
1098 2027 1475 2087 καταλιπέσθαι,
1505 2027 1582 2079 καὶ
1614 2032 1699 2079 τοῦ
1731 2026 1959 2079 ἐσιόντος

292 2113 414 2180 πρὸς
454 2112 605 2176 αὐτὴν
646 2111 859 2164 ἑκάστου
899 2111 1100 2164 δέεσθαι
1143 2113 1268 2165 ὅκως
1308 2111 1369 2164 ἂν
1410 2112 1531 2185 αὐτῇ
1573 2112 1659 2163 ἕνα
1698 2112 1842 2162 λίθον
1885 2106 1960 2175 [ἐν

291 2201 427 2248 τοῖσι
458 2193 668 2263 ἔργοισι]
702 2195 952 2262 δωρέοιτο.
1043 2199 1097 2247 ἐκ
1127 2196 1316 2247 τούτων
1355 2200 1407 2248 δὲ
1438 2201 1536 2248 τῶν
1573 2193 1729 2247 λίθων
1759 2195 1959 2262 ἔφασαν

292 2281 384 2345 τὴν
415 2282 662 2347 πυραμίδα
689 2283 1069 2346 οἰκοδομηθῆναι
1109 2280 1198 2344 τὴν
1230 2282 1284 2332 ἐν
1320 2280 1458 2350 μέσῳ
1493 2285 1592 2331 τῶν
1626 2284 1774 2346 τριῶν
1811 2281 1957 2342 ἑστη-

294 2370 449 2424 κυῖαν,
484 2366 735 2431 ἔμπροσθε
766 2368 852 2429 τῆς
884 2364 1108 2432 μεγάλης
1138 2366 1420 2430 πυραμίδος,
1453 2367 1540 2429 τῆς
1571 2366 1680 2415 ἐστι
1711 2362 1768 2414 τὸ
1799 2366 1961 2413 κῶλον

296 2450 510 2501 ἕκαστον
540 2450 659 2501 ὅλου
692 2451 771 2501 καὶ
800 2449 1007 2515 ἡμίσεος
1039 2447 1272 2515 πλέθρου.

380 2537 690 2585 Βασιλεῦσαι
749 2536 803 2585 δὲ
852 2532 939 2584 τὸν
1000 2531 1176 2584 Χέοπα
1233 2536 1404 2583 τοῦτον
1463 2532 1724 2599 Αἰγύπτιοι
1782 2530 1960 2597 ἔλεγον

296 2615 600 2683 πεντήκοντα
643 2618 771 2677 ἔτεα,
811 2615 1202 2681 τελευτήσαντος
1243 2618 1295 2667 δὲ
1335 2615 1509 2667 τούτου
1545 2615 1838 2680 ἐκδέξασθαι
1869 2613 1959 2677 τὴν

347 2769 378 2804 2
407 2757 471 2798 καὶ
494 2757 534 2797 αἱ
551 2772 651 2807 μηχ.
679 2755 712 2794 C
729 2755 762 2793 P
885 2769 910 2805 4
939 2756 1018 2808 γὰρ
1039 2753 1072 2792 C
1088 2753 1122 2792 P
1141 2753 1219 2792 soli
1351 2764 1375 2802 5
1405 2752 1504 2794 καθά
1526 2752 1615 2791 RV
1725 2752 1752 2790 6
1782 2750 1959 2803 ἐχόμενα

298 2809 497 2850 Bekker:
527 2810 702 2861 ἑπόμενα
730 2810 763 2848 L
987 2820 1010 2858 7
1043 2806 1186 2861 ἐπίγεα
1217 2807 1276 2846 Re
1293 2807 1356 2857 (Ι)
1387 2807 1468 2847 SV
1633 2806 1849 2847 κατώτατα
1877 2804 1959 2844 SV

301 2878 351 2915 13
372 2867 477 2907 εἰκὸς
495 2865 527 2903 L
636 2878 682 2914 14
705 2863 928 2917 ἠργάζοντο
944 2862 984 2902 Α
999 2863 1034 2902 Β
1051 2878 1060 2902 :
1082 2861 1231 2917 εἰργάζ.
1251 2862 1290 2901 R
1305 2862 1336 2901 S
1348 2861 1386 2901 V
1402 2862 1466 2913 (it.
1483 2863 1549 2912 17)
1667 2873 1718 2910 19
1736 2859 1959 2917 καθίσαντα

299 2920 340 2959 R
355 2919 436 2959 SV
613 2920 836 2972 πρήσσεσθαι
859 2918 899 2957 R
923 2918 986 2969 (it.
1012 2917 1109 2971 21):
1141 2919 1369 2972 πρήσασθαι
1391 2916 1423 2956 S
1437 2915 1475 2955 V
1703 2926 1756 2964 23
1786 2917 1830 2955 ἐν
1849 2916 1957 2953 τοῖσι

300 2974 453 3028 ἔργοισι
473 2973 641 3012 seclusa
662 2973 744 3014 del.
766 2972 1029 3013 Valckenaer
1207 2984 1259 3022 24
1303 2975 1469 3026 δωροῖτο
1491 2971 1530 3010 R
1545 2970 1576 3011 S
1589 2969 1627 3010 V
1809 2969 1862 3006 26
1893 2967 1959 3017 ἔμ-

298 3032 472 3084 προσθεν
493 3028 527 3068 Ρ
541 3027 581 3067 R
592 3028 630 3066 V
1946 3042 1951 3047 ·-

1987 1881 2036 1909 20

1986 2300 2034 2341 25
