2098 3320
60 159 99 212 Ι.
122 159 223 224 146
881 152 1311 205 HPOAOTOT

266 282 342 348 ῆν,
421 283 607 336 τούτων
639 283 696 348 δὴ
730 284 892 336 εἵνεκα
925 283 1001 335 καὶ
1032 285 1078 335 οἱ
1101 282 1273 337 Ἴωνες
1305 283 1522 336 δυώδεκα
1553 284 1732 349 πόλιας
1763 282 1928 350 ἐποιή-

267 389 439 428 σαντο,
476 368 584 420 ἐπεὶ
615 368 681 421 ὥς
710 366 770 435 γέ
799 388 858 421 τι,
875 370 1074 434 μᾶλλον
1106 367 1241 420 οὗτοι
1273 367 1446 422 Ἴωνές
1483 370 1582 421 εἶσι
1623 374 1722 420 τῶν
1758 368 1931 421 ἄλλων

264 447 509 516 ’[ώνωνῆ
551 451 761 504 κάλλιόν
805 474 852 503 τι
897 453 1156 520 γεγόνασι,
1202 455 1359 520 μωρίη
1401 453 1567 518 πολλὴ
1602 453 1788 520 λέγειν,
1831 458 1929 505 τῶν

0 576 206 602 muo-
255 536 510 602 ’Ἄβαντες
542 538 635 602 μὲν
680 534 739 601 ἐξ
779 537 1002 601 Εὐβοίης
1043 536 1141 588 εἰσὶ
1178 536 1265 589 οὐκ
1305 538 1554 605 ἐλαχίστη
1589 542 1752 604 μοῖρα,
1795 542 1930 601 roso]

0 612 52 688 ξ
74 613 455 694 ’ΜῇΐῇἸωνίης
497 620 619 689 μέτα
654 620 768 673 οὐδὲ
809 620 1402 686 τρῆῦβούνόματός-ραύδέν,
1436 622 1623 674 Μινύαι
1659 625 1712 674 δὲ
1743 621 1925 690 Ὀρχο-
1953 646 1975 687 5

259 704 423 770 μένιοί
451 711 547 771 σφι
577 707 965 774 ἀναμεμείχαται
988 706 1067 758 καὶ
1086 708 1324 771 Καδμεῖοι
1356 706 1434 757 καὶ
1456 706 1682 772 Δρύοπες
1704 707 1781 758 καὶ
1808 710 1924 758 Φω-

262 788 369 843 κέες
400 788 707 855 ἀποδάσμιοι
740 790 818 842 καὶ
853 790 1124 842 Μολοσσοὶ
1158 790 1236 841 καὶ
1274 788 1513 856 Ἀρκάδες
1550 790 1816 857 Πελασγοὶ
1849 792 1927 843 καὶ

261 873 478 941 Δωριέες
510 873 842 941 Ἐπιδαύριοι,
877 873 1010 926 ἄλλα
1040 895 1095 926 τε
1131 875 1277 926 ἔθνεα
1307 876 1476 926 πολλὰ
1517 875 1924 943 ἀναμεμείχαται·

195 980 219 1011 2
257 960 302 1010 οἱ
334 961 387 1010 δὲ
418 960 577 1011 αὐτῶν
617 958 715 1010 ἀπὸ
746 963 832 1024 τοῦ
871 960 1170 1025 πρυτανηίου
1199 963 1286 1011 τοῦ
1322 958 1600 1024 Ἀθηναίων
1631 958 1926 1025 ὁρμηθέντες

257 1043 336 1094 καὶ
367 1043 650 1108 νομίζοντες
683 1044 1028 1110 γενναιότατοι
1061 1043 1187 1095 εἶναι
1211 1042 1411 1102 Ἰώνων,
1439 1043 1574 1095 οὗτοι
1598 1046 1651 1095 δὲ
1680 1043 1736 1094 οὐ
1755 1048 1923 1110 γυναῖ-
1954 1066 2002 1095 10

257 1148 345 1180 κας
391 1126 642 1194 ἠγάγοντο
684 1129 735 1180 ἐς
774 1126 865 1192 τὴν
909 1127 1140 1192 ἀποικίην
1184 1128 1318 1179 ἀλλὰ
1355 1129 1568 1194 Καείρας
1609 1127 1780 1196 ἔσχον,
1826 1132 1924 1180 τῶν
1987 1143 2010 1191 j

124 1264 131 1274 ,
193 1233 217 1276 3
254 1211 539 1277 ἐφόνευσαν
570 1211 684 1265 τοὺς
718 1211 909 1278 γονέας.
973 1214 1052 1263 διὰ
1082 1216 1256 1264 τοῦτον
1288 1214 1340 1264 δὲ
1369 1211 1453 1263 τὸν
1485 1212 1644 1279 φόνον
1674 1214 1723 1264 αἱ
1753 1217 1920 1279 γυναῖ-

255 1316 336 1349 κες
366 1296 508 1347 αὗται
539 1297 693 1361 νόμον
728 1295 929 1362 θέμεναι
959 1298 1113 1363 σφίσι
1145 1296 1324 1368 αὐτῇσι
1354 1297 1527 1363 ὅρκους
1551 1295 1811 1361 ἐπήλασαν
1844 1297 1923 1348 καὶ

252 1379 539 1447 παρέδοσαν
571 1381 686 1452 τῇσι
709 1379 986 1448 θυγατράσι
1011 1379 1076 1445 μή
1105 1401 1216 1432 κοτε
1241 1381 1542 1445 ὁμοσιτῆσαι
1559 1385 1694 1432 τοῖσι
1714 1379 1924 1447 ἀνδράσι

249 1467 374 1529 μηδὲ
398 1464 631 1530 οὐνόματι
655 1469 827 1530 βῶσαι
848 1464 934 1516 τὸν
963 1466 1145 1529 ἑωυτῆς
1168 1464 1337 1532 ἄνδρα,
1357 1468 1498 1516 τοῦδε
1524 1466 1686 1517 εἵνεκα
1703 1465 1780 1516 ὅτι
1798 1465 1920 1532 ἐφό-
1949 1487 1997 1528 15

246 1569 432 1601 νευσαν
464 1548 639 1617 σφέων
667 1550 780 1602 τοὺς
806 1547 1019 1615 πατέρας
1043 1550 1123 1601 καὶ
1147 1548 1326 1616 ἄνδρας
1351 1550 1430 1601 καὶ
1454 1553 1633 1603 παῖδας
1657 1549 1734 1600 καὶ
1759 1549 1924 1601 ἔπειτε

247 1637 400 1685 ταῦτα
423 1632 722 1698 ποιήσαντες
763 1634 940 1706 αὐτῇσι
963 1634 1239 1686 συνοίκεον.
1286 1638 1438 1685 ταῦτα
1455 1636 1507 1686 δὲ
1531 1632 1591 1698 ῆν
1608 1634 1845 1701 γινόμενα
1869 1635 1923 1686 ἐν

122 1726 207 1781 147
249 1716 477 1788 Μιλήτῳ.
543 1717 795 1783 βασιλέας
826 1721 880 1770 δὲ
906 1716 1190 1782 ἐστήσαντο
1217 1720 1262 1770 οῖ
1285 1721 1376 1783 μὲν
1407 1717 1567 1770 αὐτῶν
1586 1717 1795 1772 Λυκίους
1824 1716 1922 1770 ἀπὸ

250 1802 473 1855 Γλαύκου
496 1808 583 1854 τοῦ
612 1802 925 1871 Ἱππολόχου
952 1803 1237 1870 γεγονότας,
1263 1804 1308 1854 οἱ
1332 1805 1386 1854 δὲ
1412 1802 1678 1856 Καύκωνας
1702 1802 1923 1856 Πυλίους

247 1886 345 1938 ἀπὸ
378 1888 569 1954 Κόδρου
597 1892 684 1939 τοῦ
723 1886 1008 1946 Μελάνθου,
1047 1889 1092 1939 οἱ
1124 1890 1177 1939 δὲ
1209 1887 1287 1939 καὶ
1321 1885 1740 1954 συναμφοτέρους.
1789 1886 1922 1938 ἀλλὰ
1947 1906 1999 1934 20

281 1973 340 2037 ἀρ
366 1971 683 2041 περιέχονται
713 1976 799 2023 τοῦ
820 1972 1091 2036 οὐνόματος
1116 1972 1315 2036 μᾶλλόν
1336 1993 1383 2023 τι
1406 1976 1503 2023 τῶν
1528 1970 1698 2022 ἄλλων
1720 1969 1919 2023 Ἰώνων·

0 2041 52 2061 ⁶⁹
70 2030 178 2077 pom
246 2055 477 2108 ἔστωσαν
501 2056 559 2124 δῇ
582 2057 660 2108 καὶ
690 2059 735 2108 οἱ
758 2059 983 2123 καθαρῶς
1009 2056 1275 2123 γεγονότες
1297 2054 1485 2109 Ἴωνες.
1541 2055 1638 2107 εἶσὶ
1663 2057 1715 2107 δὲ
1738 2053 1921 2108 πάντες

238 2137 424 2199 Ἴωνες,
459 2141 572 2192 ὅσοι
604 2140 687 2192 ἀπ’
720 2139 976 2205 Ἀθηνέων
1014 2141 1256 2206 γεγόνασι
1295 2139 1374 2190 καὶ
1405 2139 1709 2206 Ἀπατούρια
1739 2138 1921 2206 ἄγουσι

246 2222 408 2289 ὁρτήν.
483 2223 663 2292 ἄγουσι
695 2227 747 2276 δὲ
774 2223 956 2277 πάντες
994 2223 1128 2288 πλὴν
1156 2224 1414 2291 Ἐφεσίων
1447 2223 1526 2275 καὶ
1558 2224 1918 2290 Κολοφωνίων·

244 2307 381 2359 οὗτοι
409 2310 505 2375 γὰρ
541 2313 714 2374 μοῦνοι
746 2308 930 2360 Ἰώνων
981 2307 1066 2359 οὐκ
1111 2307 1290 2375 ἄγουσι
1322 2307 1638 2374 Ἀπατούρια,
1674 2308 1753 2359 καὶ
1784 2307 1920 2358 οὗτοι
1946 2327 1994 2367 25

117 2403 208 2463 148
248 2394 370 2442 κατὰ
391 2393 550 2459 φόνου
573 2394 684 2444 τινὰ
709 2395 919 2459 σκῆψιν.
981 2391 1038 2443 τὸ
1058 2394 1110 2444 δὲ
1132 2391 1414 2443 Πανιώνιόν
1436 2393 1545 2443 ἐστι
1567 2394 1653 2455 τῆς
1679 2389 1920 2454 Μυκάλης

0 2480 407 2559 m-:ffxsspos
438 2477 584 2550 ῖρόε»,
601 2476 734 2553 πρὸς,
772 2475 951 2549 ᾅρέτοι)
979 2474 1335 2549 εεῑρμμμᾲοε,
1356 2450 2098 2555 Joffifissiapozfflwe'vwssifssss

246 2558 341 2610 ὑπὸ
379 2558 561 2612 Ἰώνων
605 2559 918 2613 Ποσειδέωνι
959 2559 1253 2629 Ἑλικωνίῳ·
1299 2559 1328 2624 ἡ
1361 2561 1413 2611 δὲ
1447 2557 1660 2623 Μυκάλη
1693 2559 1803 2610 ἐστὶ
1832 2561 1920 2622 τῆς

248 2643 449 2709 ἠπείρου
491 2643 612 2710 ἄκρη
646 2645 767 2712 πρὸς
800 2643 1009 2712 ζέφυρον
1034 2643 1218 2709 ἄνεμον
1244 2641 1528 2712 κατήκουσα
1557 2641 1722 2712 Σάμῳ,
1751 2643 1801 2695 ἐς
1830 2640 2098 2705 &qvam

1940 2707 2098 2750 (το-ιω

302 2793 334 2821 ,2
364 2781 418 2835 γε’
447 2800 488 2824 τι
517 2782 634 2822 AB:
668 2800 719 2836 γε
746 2783 811 2824 ἐπί
831 2783 893 2822 C:
922 2780 975 2835 ’γε’
996 2799 1060 2823 τοι
1082 2782 1115 2821 Ρ
1279 2793 1304 2831 5
1335 2779 1594 2834 Ὀρχομένιοί
1622 2789 1694 2832 σφι
1727 2779 1920 2819 Herold:

255 2835 623 2889 Ὀρχομενίοισι(ν)
656 2837 691 2876 L
893 2840 920 2876 6
949 2842 993 2876 et
1021 2838 1047 2876 8
1086 2836 1383 2888 ἀναμεμίχαται
1415 2836 1448 2874 L
1639 2848 1667 2885 9
1707 2833 1858 2876 αὐτέων
1888 2834 1922 2873 L

254 2890 455 2940 Ἀθηνέων
480 2892 686 2931 Schaeser
866 2904 914 2941 15
936 2890 1102 2942 ὀνόματι
1119 2891 1151 2929 L
1320 2892 1370 2928 16
1399 2890 1533 2931 ἐπείτε
1551 2890 1585 2928 L
1605 2903 1614 2928 ε
1636 2890 1797 2930 ἔπειτεν
1814 2888 1921 2927 Reiz

255 2957 304 2984 21
338 2945 449 2996 ὄνόμ.
478 2946 512 2985 Β
636 2959 690 2984 22
713 2946 769 2999 μδὴ
792 2945 986 2986 Herold:
1017 2945 1062 2987 δὲ
1083 2945 1117 2984 L
1255 2957 1307 2996 23
1335 2946 1511 2994 Ἀθηνῶν
1534 2944 1567 2983 L
1697 2956 1749 2992 24
1781 2941 1921 2997 ἑορτήν

253 2999 294 3038 Α
308 2999 342 3038 Β
358 3000 391 3040 C
508 2998 553 3042 δὲ
573 3012 654 3042 orn.
672 3000 707 3040 C
1696 3056 1699 3057 γ
