2098 3320
746 110 1124 173 ιΣΤΟιηΩΝ
1190 125 1234 173 Δ
1772 190 1774 193 .
1861 128 2071 190 1V·194

155 251 551 322 κατεργάζονται,
573 258 746 324 πολλῷ
772 253 814 306 δ’
835 254 907 306 ἔτι
927 253 1083 307 πλέον
1101 253 1302 322 λέγεται
1325 255 1619 324 δημιοργοὺς
1642 256 1822 323 ἄνδρας

154 337 358 391 ποιέειν.
431 341 724 403 μιλτοῦνται
747 337 788 389 δ’
811 335 880 390 ὧν
904 337 1085 393 πάντες
1109 339 1243 390 οὗτοι
1267 339 1346 391 καὶ
1371 340 1818 408 πιθηιςᾳφαγέουσι·
1837 353 2091 407 ωψσε»

153 425 200 476 οἱ
229 421 284 475 δέ
315 427 413 489 σφι
443 420 656 489 ἄφθονοι
687 423 801 473 ὅσοι
833 424 887 474 ἐν
910 427 1044 474 τοῖσι
1075 425 1216 489 ὄρεσι
1239 424 1476 491 γίνονται.
1555 427 1677 476 κατὰ
1706 426 1816 476 τού·
1856 441 1951 490 195

122 507 126 511 ’
153 528 266 561 τους
296 508 350 559 δὲ
377 504 588 573 -λέγουσι
618 507 948 575 Καρχηδόνιοι
981 510 1178 559 κεῖσθαι
1208 510 1365 573 νῆσον
1395 516 1455 581 τῇ
1478 509 1663 574 οὕνομα
1693 509 1820 560 εἶναι

105 615 128 656 5
156 592 388 659 Κύραυιν,
420 593 574 656 μῆκος
602 593 694 655 μὲν
725 591 992 656 διηκοσίων
1025 594 1258 651 σταδίων,
1292 590 1482 646 πλάτος
1512 595 1564 644 δὲ
1597 591 1815 657 στεινήν,

153 674 395 742 διαβατὸν
427 677 480 727 ἐκ
517 677 604 739 τῆς
640 674 860 742 ἠπείρου,
894 674 1104 727 ἐλαιέων
1136 697 1189 728 τε
1224 676 1414 741 μεστὴν
1448 677 1524 728 καὶ
1561 676 1814 742 ἀμπέλων.

151 762 334 826 λίμνην
365 763 420 812 δὲ
447 761 502 812 ἐν
530 760 655 832 αὐτῇ
686 757 828 824 εἶναι,
857 762 910 812 ἐκ
942 762 1029 824 τῆς
1060 762 1110 811 αἱ
1141 759 1377 827 παρθένοι
1408 766 1506 813 τῶν
1538 763 1818 830 ἐπιχωρίων
1856 779 1881 810 2

151 850 382 912 πτεροῖσι
421 844 630 911 ὀρνίθων
670 843 1011 912 κεχριμένοισι
1047 845 1209 916 πίσσῃ
1248 846 1301 896 ἐκ
1338 848 1425 909 τῆς
1466 846 1601 912 myos
1637 849 1818 913 ψῆγμα
1874 840 2014 893 ωδ
2037 872 2055 883 -

49 936 121 995 Ὗ
152 927 462 998 ἀνα-φέρουσι
520 932 724 997 χρυσοῦ.
828 933 980 980 ταῦτα
1038 930 1081 980 εἰ
1138 931 1229 994 μὲν
1280 928 1391 980 ἔστι
1450 929 1673 993 ἀληθέως
1730 930 1818 981 οὐκ

8 1043 15 1059 ε
79 1034 129 1066 ¹0
151 1013 277 1073 οἶδα,
326 1015 388 1065 τᾶ
438 1015 491 1066 δὲ
542 1011 745 1080 λέγεται
792 1011 986 1081 γράφω.
1076 1015 1149 1077 εἴη
1204 1012 1244 1064 δ’
1293 1012 1354 1065 ἂν
1408 1017 1521 1072 πᾶν,
1571 1016 1687 1069 ὅκου
1740 1016 1818 1066 καὶ

91 1105 94 1108 ’
151 1099 206 1151 ἐν
250 1098 486 1166 Ζακύνθῳ
537 1098 590 1150 ἐκ
633 1097 811 1163 λίμνης
857 1098 936 1150 καὶ
983 1098 1161 1152 ὕδατος
1207 1099 1397 1150 πίσσαν
1429 1090 1818 1165 ’ἀναφερομένην

0 1246 12 1256 ‚v
150 1181 298 1237 αὐτὸς
343 1182 442 1250 ἐγὼ
494 1182 649 1248 ὥρων.
739 1182 838 1234 εἰσὶ
888 1184 980 1246 μὲν
1029 1181 1108 1233 καὶ
1155 1187 1364 1235 πλεῦνες
1416 1184 1466 1234 αἱ
1513 1183 1686 1247 λίμναι
1732 1181 1815 1233 αὗ·
1857 1200 1882 1244 3

0 1260 6 1316 J*
149 1267 274 1326 τόθι,
313 1265 342 1332 ἡ
381 1266 422 1319 δ’
459 1264 528 1319 ὠν
566 1266 780 1333 μεγίστη
825 1265 1011 1318 αὐτέων
1052 1264 1396 1331 ἐβδομήκοντα
1436 1270 1600 1318 ποδῶν
1638 1265 1815 1338 πάντῃ,

0 1341 2 1347 ’
191 1350 310 1440 άθος
356 1353 408 1404 δὲ
453 1351 697 1418 διόργυιός
743 1352 868 1404 ἐστι·
932 1352 982 1404 ἐς
1029 1351 1212 1414 ταύτην
1263 1349 1435 1403 κοντὸν
1485 1355 1692 1403 κατιεῖσι
1741 1349 1819 1402 ἐπ’

79 1455 126 1499 15
150 1457 281 1507 ακρῳ
328 1437 573 1503 μυριζίνην
620 1433 1014 1502 προσδήσαντες,
1064 1436 1142 1487 καὶ
1191 1434 1360 1487 ἔπειτα
1409 1434 1717 1501 ἀναφέρουσι
1760 1435 1819 1506 τῇ

134 1522 364 1593 μυρσίνῃ
423 1521 632 1579 πίσσαν,
685 1518 841 1585 ὀδμην
898 1522 988 1585 μὲν
1047 1520 1266 1588 ἔχουσαν
1326 1518 1610 1587 ἀσφάλτου,
1664 1521 1723 1570 τὰ
1777 1519 1819 1570 δ’

149 1603 286 1657 ἄλλα
351 1608 440 1670 τῆς
504 1607 741 1671 Πιερικῆς
805 1605 992 1669 πίσσης
1063 1605 1262 1670 ἀμείνω·
1339 1602 1581 1671 ἐσχέουσι
1649 1607 1701 1656 δὲ
1772 1606 1821 1656 ἐς

0 1671 89 1732 δι·
149 1687 337 1760 λάκκον
381 1688 728 1757 ὀρωρυγμένον
773 1689 933 1758 ἀγχοῦ
976 1691 1063 1753 τῆς
1107 1690 1303 1754 λίμνης·
1358 1689 1509 1740 ἐπεὰν
1554 1690 1606 1740 δὲ
1652 1688 1816 1755 ἀθροί-

150 1795 284 1826 σωσι
315 1772 525 1843 συχνήν,
559 1774 710 1837 οὕτως
748 1774 799 1828 ἐς
829 1773 942 1827 τοὺς
973 1771 1228 1842 ἀμφορέας
1257 1774 1311 1825 ἐκ
1340 1777 1427 1833 τοῦ
1455 1772 1642 1825 λάκκου
1675 1794 1819 1824 κατα-

77 1879 128 1909 20
151 1857 344 1926 χέουσι.
436 1858 465 1909 ὅ
505 1878 553 1909 τι
589 1857 631 1909 δ’
673 1856 733 1910 ἂν
774 1857 970 1930 ἐσπέσῃ
1013 1859 1063 1910 ἐς
1101 1858 1190 1922 τὴν
1231 1858 1431 1922 λίμνην,
1474 1858 1568 1909 ὑπὸ
1613 1861 1706 1923 γῆν
1748 1857 1822 1908 ἰὸν
1856 1873 1882 1915 4

153 1943 481 2010 ἀναφαίνεται
506 1943 560 1994 ἐν
584 1942 643 2014 τῇ
670 1941 925 2014 θαλάσσῃ·
971 1941 1000 2007 ἡ
1028 1943 1080 1993 δὲ
1112 1941 1291 2010 ἀπέχει
1314 1942 1378 1995 ὡς
1401 1941 1621 2008 τέσσερα
1645 1940 1823 1993 στάδια

152 2016 250 2079 ἀπὸ
285 2029 373 2091 τῆς
406 2027 600 2092 λίμνης.
690 2027 816 2079 οὕτω
854 2023 922 2079 ὧν
955 2027 1033 2079 καὶ
1070 2027 1132 2077 τὰ
1168 2026 1266 2078 ἀπὸ
1302 2029 1389 2090 τῆς
1426 2024 1581 2090 νήσου
1617 2029 1704 2089 τῆς
1741 2026 1823 2077 ἐπὶ

153 2111 319 2183 Λιβύῃ
352 2109 579 2177 κειμένης
609 2111 778 2163 οἰκότα
809 2110 920 2163 ἐστὶ
957 2111 1182 2183 ἀληθείῃ.
1271 2110 1481 2177 λέγουσι
1512 2113 1565 2162 δὲ
1598 2111 1676 2162 καὶ
1706 2109 1823 2162 τάδε
1861 2115 1979 2176 196

155 2196 502 2265 Καρχηδόνιοι,
530 2194 654 2248 εἶναι
685 2198 772 2260 τῆς
795 2196 990 2260 Λιβύης
1019 2196 1183 2263 χῶρόν
1214 2216 1268 2247 τε
1299 2194 1379 2246 καὶ
1410 2194 1697 2261 ἀνθρώπους
1728 2193 1821 2258 ἔξω

79 2303 127 2346 ²5
151 2278 447 2347 “Ηρακλέων
479 2279 705 2345 στηλέων
732 2278 1130 2345 κατοικημένους,
1159 2281 1209 2333 ἐς
1233 2279 1345 2333 τοὺς
1377 2281 1527 2331 ἐπεὰν
1551 2278 1822 2331 ἀπίκωνται

156 2364 235 2437 καὶ
281 2363 547 2430 ἐξέλωνται
591 2366 652 2416 τὰ
699 2365 897 2432 φορτία,
947 2362 1116 2417 θέντες
1166 2364 1287 2416 αὐτὰ
1333 2362 1510 2428 ἐπεξῆς
1555 2364 1687 2429 παρὰ
1731 2361 1822 2426 τὴν

0 2449 106 2496 ds·
156 2447 464 2520 κυματ-ωγήν,
505 2447 755 2514 ἐσβάντες
797 2450 847 2501 ἐς
883 2451 945 2499 τὰ
981 2452 1134 2501 πλοῖα
1170 2447 1346 2516 τύφειν
1384 2447 1588 2499 καπνόν·
1633 2446 1746 2499 τοὺς
1781 2445 1822 2496 δ’

154 2533 449 2601 ἐπιχωρίους
491 2532 745 2599 ἰδομένους
785 2532 872 2584 τὸν
915 2531 1102 2583 καπνὸν
1142 2530 1267 2583 ἰέναι
1307 2531 1387 2583 ἐπὶ
1427 2530 1517 2594 τὴν
1554 2529 1822 2581 θάλασσαν

213 2684 231 2710 Ι
263 2671 456 2725 λέγονται
484 2671 522 2710 R
539 2671 621 2712 SV
788 2671 1051 2724 δημιουργοὺς
1079 2669 1112 2708 L
1333 2682 1357 2707 2
1388 2668 1557 2720 ποιέειν]
1587 2670 1763 2710 κ’ἀλέειν
1787 2670 1820 2707 C

281 2741 344 2768 εσι
366 2726 399 2765 C
415 2726 449 2765 P
463 2727 500 2765 R
517 2727 546 2765 S
559 2727 597 2765 V
724 2739 748 2774 4
779 2732 914 2778 Καλχ.
940 2725 978 2764 R
1109 2735 1134 2773 5
1165 2724 1346 2775 Κυραύην
1367 2724 1405 2762 Α
1422 2723 1455 2761 Β
1471 2723 1504 2762 C
1619 2725 1646 2761 6
1677 2726 1823 2765 ἐλαιῶν

148 2729 293 2821 ᾖὸὔςῖ
462 2794 483 2831 7
514 2780 657 2833 λιμένα
682 2781 719 2819 R
735 2780 815 2820 SV
926 2782 966 2820 αι
985 2792 1066 2817 om.
1092 2778 1179 2816 AB
1197 2778 1230 2817 C
1370 2779 1395 2816 8
1424 2778 1522 2830 πίσῃ
1546 2778 1579 2816 C
1603 2777 1666 2828 (it.
1691 2778 1821 2824 insta)

157 2780 208 2907 ξο
237 2837 332 2877 ὅκου
352 2836 386 2874 C
408 2849 579 2887 quoque
722 2847 772 2885 13
802 2837 933 2876 αὐτῶν
957 2833 995 2872 R
1012 2835 1041 2872 S
1057 2833 1094 2871 V
1246 2845 1291 2882 17
1325 2835 1467 2883 Περιῆς
1488 2819 1551 2870 V:
1581 2833 1769 2881 πευκίνης
1792 2833 1823 2872 S

151 2891 298 2942 ἔχουσι
319 2891 353 2929 C
549 2904 604 2929 20
634 2891 789 2941 ἐμπέση
812 2889 842 2929 S
857 2889 893 2927 V
1086 2900 1133 2926 21
1168 2887 1350 2939 τέσσαρα
1371 2887 1403 2925 C
1420 2887 1457 2924 R
1472 2886 1510 2923 V
1694 2901 1745 2925 22
1774 2889 1824 2927 τὸ

157 2944 197 2983 R
211 2945 294 2985 SV
438 2959 491 2995 23
522 2946 658 2987 εἰκότα
681 2945 761 2985 SV
909 2956 959 2992 25
993 2942 1302 2992 κατηκειμένους
1324 2942 1360 2979 V
1508 2954 1556 2990 27
1590 2943 1826 2994 κυματυγήν

154 2996 198 3040 R
212 2999 294 3041 SV
404 3002 497 3042 τοὺς
510 3030 519 3040 .
542 3030 551 3039 .
570 3029 580 3040 .
600 3001 751 3042 καπνὸν
771 3011 855 3041 0111.
881 2999 911 3038 S
926 2998 964 3037 V
