2098 3320
775 182 1155 232 ΙΣΤΟΡΙΩΝ
1214 182 1258 230 Α
1298 240 1309 248 .
1356 203 1359 206 ⁴
1890 186 1925 232 Ι.
1951 198 2033 246 114

178 316 291 371 τοὺς
321 300 508 369 ἄλλους
537 318 716 369 παῖδας
752 317 1034 380 διαλαβεῖν,
1073 310 1381 379 πειθομένων
1420 315 1475 366 δὲ
1514 317 1612 364 τῶν
1655 314 1845 367 παίδων

178 403 204 453 6
237 405 399 469 Κῦρος
425 399 513 452 τὸν
545 403 697 452 παῖδα
731 384 954 467 τρηχέως
987 396 1141 466 κάρτα
1171 396 1415 465 περιέσπε
1449 395 1754 465 μαστιγέων.
1820 399 1845 448 6
1882 418 1909 459 4

103 530 107 533 «
176 489 230 539 δὲ
263 487 426 538 ἐπείτε
452 484 653 551 μετείθη
685 482 920 552 τάχιστα,
953 482 1019 537 ὥς
1048 504 1108 550 γε
1138 481 1195 547 δὴ
1229 478 1409 545 ἀνάξια
1440 484 1624 547 ἑωυτοῦ
1654 482 1841 542 παθών,

174 571 371 636 μᾶλλόν
428 590 474 621 τι
526 566 862 637 περιημέκτεε,
916 567 1168 620 κατελθὼν
1206 569 1259 620 δὲ
1301 568 1352 621 ἐς
1393 567 1543 620 πόλιν
1588 565 1711 635 πρὸς
1758 565 1845 619 τὸν

127 681 149 720 5
174 653 362 722 πατέρα
405 654 714 722 ἀποᾈςτίζετο
759 657 856 705 τῶν
895 651 991 705 ὑπὸ
1037 652 1200 719 Κύρου
1240 650 1443 717 ἤντησε,
1494 649 1660 718 λέγων
1706 653 1759 703 δὲ
1789 642 2098 738 01⁹1sswa

174 739 336 806 Κύρου
365 737 440 804 (οὐ
469 737 565 806 γάρ
595 759 663 790 κω
695 736 755 803 ἧν
785 741 946 790 τοῦτο·
959 734 1208 802 τοῦνομα),
1242 736 1376 788 ἀλλὰ
1408 734 1529 803 πρὸς
1551 739 1638 786 τοῦ
1661 736 1842 801 βουκό-

130 831 133 833 ’
171 830 266 876 λου
308 827 394 875 τοῦ
433 820 741 890 Ἀστυάγεος
785 822 976 875 παιδός.
1066 822 1092 872 6
1134 823 1188 874 δὲ
1228 818 1578 888 Ἀρτεμβάρης
1620 820 1742 892 ὀργῇ
1780 819 1846 873 ὡς
1879 840 1902 887 5

173 907 281 977 εἶχε
311 908 472 960 ἐλθὼν
496 908 628 974 παρὰ
657 906 744 959 τὸν
763 904 1047 974 Ἀστυάγεα
1072 905 1152 957 καὶ
1173 903 1275 971 ἅμα
1299 905 1544 972 ἀγόμενος
1576 903 1664 957 τὸν
1694 907 1846 956 παῖδα

172 991 388 1060 ἀνάρσια
424 990 690 1059 πρήγματα
740 991 838 1059 ἔφη
887 989 1205 1049 πεπονθέναι,
1258 988 1442 1056 λέγων·
1482 987 1556 1040 9Ω
1604 992 1840 1055 βασιλεῦ,

99 1099 148 1130 10
170 1077 267 1130 ὑπὸ
297 1081 384 1128 τοῦ
407 1081 501 1128 σοῦ
523 1077 716 1135 δούλου,
744 1077 996 1142 βουκόλου
1021 1077 1074 1128 δὲ
1105 1073 1279 1129 παιδὸς
1306 1075 1401 1126 ὦδε
1422 1074 1839 1141 περιυβρίσμεθα,

171 1162 361 1215 δεικνὺς
391 1166 477 1214 τοῦ
511 1161 684 1214 παιδὸς
725 1160 838 1214 τοὺς
875 1160 1050 1226 ὤμους.
1120 1159 1338 1214 ἀκούσας
1381 1161 1435 1211 δὲ
1477 1159 1556 1210 καὶ
1599 1159 1717 1210 ἰδὼν
1755 1156 1838 1208 Ἀ-
1880 1175 1959 1225 115

172 1244 408 1314 στυάγης,
437 1244 600 1298 θέλων
630 1247 907 1312 τιμωρῆσαι
937 1249 1004 1314 τῷ
1030 1244 1167 1295 παιδὶ
1193 1246 1336 1309 τιμῆς
1360 1245 1447 1307 τῆς
1471 1241 1841 1310 Ἀρτεμβάρεος

171 1332 350 1391 εἵνεκα,
382 1327 724 1397 μετεπέμπετο
754 1329 840 1381 τόν
871 1351 923 1380 τε
943 1328 1196 1394 βουκόλον
1236 1327 1314 1379 καὶ
1345 1326 1432 1379 τὸν
1462 1330 1630 1379 παῖδα.
1676 1327 1840 1379 ἐπείτε

169 1417 223 1468 δὲ
254 1418 487 1482 παρῆσαν
517 1415 809 1482 ἀμφότεροι,
843 1412 1051 1480 βλέψας
1075 1411 1198 1478 πρὸς
1219 1416 1304 1464 τὸν
1324 1415 1485 1479 Κῦρον
1506 1412 1532 1462 6
1556 1410 1839 1478 Ἀστυάγης

98 1520 143 1562 15
170 1499 286 1567 ἔφη·
334 1500 402 1551 Σὺ
433 1499 492 1564 δὴ
526 1499 620 1550 ἐὼν
649 1502 790 1551 τοῦδε
820 1498 1044 1549 τοιούτου
1076 1497 1247 1552 ἐόντος
1283 1500 1398 1551 παῖς
1437 1497 1720 1562 ἐτόλμησας
1750 1494 1838 1548 τὸν
1875 1519 1899 1550 2

168 1587 310 1636 τοῦδε
339 1588 491 1636 παῖδα
521 1584 689 1638 ἐόντος
729 1583 926 1651 πρώτου
966 1581 1081 1649 παρ’
1113 1580 1221 1647 ἐμοὶ
1267 1582 1451 1653 ἀεικείῃ
1497 1580 1662 1652 τοιῇδε
1698 1579 1832 1646 περι-

169 1673 343 1729 σπεῖν,·
397 1669 424 1719 6
468 1670 522 1720 δὲ
568 1669 807 1734 ἀμείβετο
859 1668 970 1719 ὧδε·
1032 1665 1107 1717 ⁹ss
1152 1664 1389 1725 δέσποτα,
1438 1665 1536 1733 ἐγὼ
1584 1666 1637 1717 δὲ
1683 1668 1836 1716 ταῦτα

167 1757 343 1805 τοῦτον
374 1752 590 1818 ἐποίησα
622 1752 716 1804 σὺν
748 1754 874 1824 δίκῃ·
926 1754 972 1803 οἱ
1003 1750 1098 1818 γάρ
1128 1772 1189 1816 με
1227 1752 1279 1802 ἐκ
1319 1752 1408 1815 τῆς
1447 1749 1609 1815 κώμης
1644 1752 1831 1807 παῖδες,

165 1841 265 1890 τῶν
285 1837 365 1890 καὶ
394 1838 477 1891 ὅδε
507 1836 584 1902 ἦν,
607 1838 866 1901 παίζοντες
902 1834 1076 1903 σφέων
1101 1835 1261 1887 αὐτῶν
1287 1832 1568 1898 ἐστήσαντο
1590 1831 1832 1899 βασιλέα·

95 1942 146 1971 20
167 1922 366 1975 ἐδόκεον
395 1922 491 1990 γάρ
522 1928 619 1989 σφι
650 1922 776 1975 εἶναι
812 1924 863 1975 ἐς
893 1925 1035 1972 τοῦτο
1067 1919 1461 1984 ἐπιτηδεότατος.
1542 1919 1589 1970 οἱ
1623 1916 1716 1983 μέν
1746 1937 1833 1968 νυν
1869 1940 1894 1983 3

165 2004 319 2060 ἄλλοι
356 2011 528 2062 παῖδες
574 2009 636 2059 τὰ
687 2006 1064 2071 ἐπιτασσόμενα
1114 2002 1392 2061 ἐπετέλεον,
1426 2002 1567 2073 οὗτος
1589 2039 1593 2042 Α
1614 2003 1666 2053 δὲ
1713 2001 1831 2065 ἀνη-

167 2091 376 2144 κούστεέ
404 2114 458 2144 τε
489 2091 569 2143 καὶ
600 2092 756 2158 λόγον
803 2091 908 2158 εἶχε
944 2088 1135 2148 οὐδένα,
1180 2090 1231 2142 ἐς
1273 2087 1299 2139 ὃ
1338 2087 1515 2153 ἔλαβε’
1540 2085 1630 2151 τὴν
1674 2086 1831 2149 δίκην.

167 2176 210 2228 εἰ
239 2173 309 2228 ὧν
340 2176 398 2241 δὴ
429 2179 572 2229 τοῦδε
604 2177 767 2228 εἵνεκα
798 2174 934 2240 ἄξιός
964 2195 1047 2226 τευ
1078 2177 1227 2225 κακοῦ
1258 2174 1372 2238 εἶμι,
1401 2172 1484 2223 ὅδε
1514 2191 1591 2245 τοι
1615 2167 1830 2236 πάρειμι.

165 2264 318 2313 ταῦτα
346 2259 586 2328 λέγοντος
615 2265 701 2312 τοῦ
730 2258 903 2313 παιδὸς
939 2258 1024 2311 τὸν
1056 2255 1340 2324 Ἀστυάγεα
1378 2253 1517 2320 ἐσήιε
1548 2253 1833 2322 ἀνάγνωσις
1869 2260 1955 2310 116

93 2363 141 2406 25
164 2344 328 2405 αὐτοῦ,
363 2347 448 2398 καί
473 2347 519 2397 οἱ
557 2346 586 2396 ὅ
631 2366 686 2397 τε
725 2343 979 2413 χαρακτὴρ
1016 2346 1103 2394 τοῦ
1138 2341 1412 2409 προσώπου
1451 2337 1834 2407 προσφέρεσθαι

164 2429 334 2482 ἐδόκεε
364 2431 416 2484 ἐς
447 2429 629 2483 ἑωυτὸν
660 2414 740 2481 καὶ
770 2429 799 2495 ἡ
838 2429 1099 2495 ὑπόκρισις
1135 2424 1496 2493 ἐλευθερωτέρη
1542 2423 1684 2482 εἶναι,
1716 2423 1745 2474 ὅ
1778 2443 1833 2474 τε

162 2514 344 2581 χρόνος
394 2517 482 2580 τῆς
535 2513 760 2568 ἐκθέσιος
810 2515 870 2586 τῇ
912 2513 1082 2584 ἡλικίῃ
1132 2515 1219 2562 τοῦ
1268 2509 1443 2563 παιδὸς
1493 2509 1660 2560 ἐδόκεε
1705 2527 1829 2572 συμ-

218 2664 244 2691 2
272 2652 436 2706 περίεπε
459 2651 498 2690 R
515 2651 544 2691 S
558 2650 598 2690 V
789 2663 816 2701 3
847 2650 1064 2703 ἐμετείχθη
1086 2648 1127 2687 R
1146 2662 1156 2688 z
1197 2659 1226 2689 -Ι-
1238 2647 1427 2700 μετήχθη
1447 2645 1514 2686 V:
1545 2644 1777 2696 ἐμαστίχθη
1799 2642 1830 2683 S

163 2720 188 2756 4
218 2706 263 2748 δὲ
293 2719 374 2747 om.
408 2706 518 2746 SV:
557 2723 603 2748 τε
632 2703 689 2745 V²
882 2699 914 2745 6'
939 2704 1067 2759 Κύρον
1098 2702 1236 2743 RSV
1346 2702 1402 2743 κώ
1431 2699 1523 2754 (οἱ)
1555 2699 1828 2739 Herwerden

165 2774 188 2812 7
217 2762 380 2816 Ἀρτεβ.
403 2760 458 2799 V¹
623 2774 650 2811 9
681 2760 810 2813 ἔφησε
833 2760 916 2800 SV
1097 2771 1148 2797 10
1176 2756 1222 2798 δὲ
1240 2769 1321 2796 om.
1349 2756 1387 2794 R
1405 2755 1487 2796 SV
1658 2767 1704 2792 11
1737 2754 1830 2794 τοὺς

165 2819 293 2867 ὤμους
307 2819 380 2858 τοῦ
394 2814 535 2858 παιδός
556 2815 597 2854 R
612 2817 642 2855 S
655 2815 694 2853 V
806 2819 827 2857 ὁ
854 2816 968 2856 Ἀστ.
987 2814 1021 2853 C
1174 2825 1222 2850 12
1242 2813 1404 2864 Ἀρτεβ.
1426 2810 1466 2848 R
1620 2809 1670 2847 16
1688 2806 1829 2858 τοῦδε]

164 2871 312 2912 τούτου
339 2871 373 2909 Ρ
522 2870 651 2920 ἆεικίη
683 2870 748 2910 R:
795 2870 887 2919 ἆκίη
918 2869 1000 2908 SV
1200 2879 1247 2917 17
1291 2866 1363 2906 alt.
1396 2864 1442 2906 δὲ
1473 2864 1582 2904 SV:
1620 2875 1701 2903 om.
1736 2862 1826 2901 rell.

166 2938 220 2964 20
249 2927 470 2967 -δεώτατος
491 2926 525 2966 C
541 2925 659 2965 PR:
697 2923 925 2974 ·δειότητος
947 2923 977 2963 S
998 2937 1008 2963 ε
1041 2924 1255 2971 -διώτητος
1274 2920 1313 2959 V
1506 2931 1558 2957 22
1589 2918 1716 2966 ἔβαλε
1747 2916 1829 2956 SV

165 2992 218 3030 23
246 2979 327 3022 ὧδέ
345 2980 383 3019 R
401 2980 483 3020 SV
629 2996 670 3022 τι
693 2979 732 3018 R
844 2992 895 3028 24
926 2977 1094 3030 ἐσή(ι)ει
1118 2977 1151 3016 L
1298 2976 1351 3013 26
1380 2975 1509 3016 ωυτὸν
1531 2974 1595 3014 R:
1627 2973 1750 3014 αὐτὸν
1771 2970 1828 3011 C:

165 3036 309 3077 αυτοὺς
328 3034 369 3074 Α
384 3035 419 3074 Β
533 3034 838 3090 ἐλευθεριωτέρη
862 3035 1016 3073 Portus
1164 3043 1214 3083 27
1247 3029 1442 3072 ἐκθέσεως
1463 3026 1522 3067 R¹
1545 3029 1622 3081 (-ος
1644 3026 1723 3080 Rc)
1747 3024 1830 3066 SV

221 3151 323 3180 nm.
347 3149 375 3179 1.
1641 3133 1667 3175 5
