2098 3320
97 99 162 169 11.
184 111 244 163 77
919 100 1346 149 HPOAOTOT

288 232 541 298 Αἴγυπτον
577 230 813 290 οἰκέουσι,
848 230 1046 297 μνήμην
1085 232 1358 299 ἀνθρώπιον
1389 231 1588 284 πάντων
1619 231 1951 287 ἐπασκέοντες

283 314 509 380 μάλιστα
557 317 861 383 λογιώτατοί
910 319 1009 368 εἰσι
1068 321 1236 386 μακρῷ
1289 321 1388 368 τῶν
1441 317 1539 383 ἐγὼ
1592 318 1641 369 ἐς
1693 315 1950 383 διάπειραν

0 427 11 448 ι
43 403 243 464 bqusz
285 400 548 465 ἀπικόμην.
623 401 788 470 τρόπῳ
821 395 874 453 δὲ
901 401 1011 465 ζόης
1036 404 1210 470 τοιῷδε
1233 399 1577 468 διαχρέωνται·
1625 399 1949 466 συρμαΐζουσι

283 487 414 549 τρεῖς
443 483 628 550 ἡμέρας
659 483 838 550 ἐπεξῆς
866 484 1021 549 μηνὸς
1054 484 1281 544 ἑκάστου,
1311 483 1534 549 ἐμέτοισι
1559 485 1831 550 θηρώμενοι
1859 484 1950 549 τὴν

281 568 472 634 ὑγιείην
497 569 576 620 καὶ
601 569 875 634 κλύσμασι,
902 570 1184 633 νομίζοντες
1217 568 1315 620 ἀπὸ
1345 573 1443 620 τῶν
1466 559 1751 635 τρεφόντων
1775 569 1950 622 σιτίων
1973 591 1996 633 5

220 674 242 718 3
282 650 450 705 πάσας
490 654 578 706 τὰς
620 653 828 706 νούσους
867 658 1002 704 τοῖσι
1044 653 1356 719 ἀνθρώποισι
1396 654 1643 719 γίνεσθαι.
1718 653 1818 725 εἰσὶ
1857 655 1950 718 μὲν

282 737 377 802 γὰρ
410 736 489 787 καὶ
520 736 689 789 ἄλλως
714 737 978 803 Αἰγύπτιοι
1000 738 1127 802 μετὰ
1159 739 1354 801 Λίβυας
1377 735 1725 804 ὑγιηρέστατοι
1748 735 1950 790 πάντων

282 820 558 886 ἀνθρώπων
593 825 693 871 τῶν
735 819 902 887 ὡρέων
941 820 1050 885 ἐμοὶ
1087 819 1276 872 δοκέειν
1319 822 1519 879 εἵνεκεν,
1553 821 1630 872 ὅτι
1670 821 1727 872 οὐ
1760 828 1946 886 μεταλ·

280 902 540 956 λάσσουσι
563 907 612 956 αἱ
637 906 775 971 ὧραι·
819 907 874 956 ἐν
894 906 990 972 γὰρ
1008 912 1124 977 τῇσι
1146 905 1465 976 μεταβολῇσι
1484 910 1619 956 τοῖσι
1638 905 1948 972 ἀνθρώποισι

281 990 331 1039 αἱ
363 993 535 1040 νοῦσοι
564 987 791 1053 μάλιστα
826 989 1067 1055 γίνονται,
1103 994 1202 1040 τῶν
1234 1011 1288 1040 τε
1325 987 1498 1040 ἄλλων
1535 987 1736 1041 πάντων
1771 990 1852 1041 καὶ
1887 989 1945 1054 δὴ
1974 1010 2022 1038 ιο

217 1093 244 1135 4
283 1073 361 1124 καὶ
390 1077 490 1124 τῶν
521 1071 687 1139 ὡρέων
715 1071 954 1138 μάλιστα.
1029 1071 1403 1140 ἀρτοφαγέουσι
1433 1075 1485 1124 δὲ
1517 1074 1570 1124 ἐκ
1599 1077 1697 1124 τῶν
1727 1072 1946 1139 ὀλυρέων

280 1160 531 1211 ποιεῦντες
561 1156 752 1224 ἄρτους,
785 1157 900 1211 τοὺς
931 1158 1108 1209 ἐκεῖνοι
1143 1155 1414 1222 κυλλήστις
1444 1155 1758 1222 ὀνομάζουσι.
1827 1158 1944 1227 οἵνῳ

281 1242 334 1292 δὲ
367 1242 421 1292 ἐκ
453 1240 659 1308 κριθέων
689 1240 1005 1311 πεποιημένῳ
1038 1240 1380 1308 διαχρέωνται·
1429 1241 1485 1293 οὐ
1515 1239 1611 1308 γάρ
1637 1241 1739 1309 σφί
1766 1241 1866 1293 εἰσι
1888 1243 1946 1294 ἓν

279 1332 341 1397 τῇ
362 1325 500 1397 χώρῃ
526 1325 758 1390 ἄμπελοι.
813 1326 1000 1393 ἰχθύων
1031 1328 1083 1378 δὲ
1106 1326 1220 1378 τοὺς
1242 1328 1334 1391 μὲν
1357 1329 1478 1390 πρὸς
1509 1325 1652 1389 ἥλιον
1675 1323 1943 1389 αὐήναντες

217 1429 239 1476 5
281 1408 442 1474 ὠμοὺς
466 1408 735 1468 σιτέονται,
757 1410 870 1464 τοὺς
889 1412 943 1462 δὲ
964 1408 1023 1474 ἐξ
1038 1409 1199 1475 ἅλμης
1217 1408 1670 1477 τεταριχευμένους.
1734 1410 1953 1480 ὀρνίθων,
1970 1427 2016 1469 15

0 1492 150 1549 [κοίῳ
242 1495 333 1556 ἱδὲ
377 1493 492 1548 τούς
535 1515 590 1546 τε
633 1496 842 1561 ὄρτυγας
889 1494 969 1545 καὶ
1014 1495 1102 1547 τὰς
1145 1492 1340 1560 νήσ-σας
1386 1494 1464 1546 καὶ
1509 1496 1570 1545 τὰ
1616 1495 1800 1561 σμικρὰ
1843 1498 1942 1545 τῶν

279 1578 508 1644 ὀρνιθίων
539 1578 647 1644 ὠμὰ
678 1576 929 1630 σιτέονται
962 1578 1460 1646 προταριχεύσαντες·
1495 1579 1566 1641 ,τὰ
1597 1580 1650 1630 δὲ
1679 1577 1814 1629 ἄλλα
1843 1578 1942 1630 ὅσα

10 1646 317 1751 ωεῖἱλὶ
339 1662 550 1729 ὀρνίθων
581 1658 610 1726 ἢ
643 1664 829 1730 ἰχθύων
861 1664 964 1727 σφί
991 1664 1100 1714 ἐστι
1134 1663 1364 1730 ἐχόμενα,
1398 1663 1550 1729 χωρὶς
1579 1658 1609 1726 ἢ
1640 1663 1813 1713 ὁκόσοι
1843 1669 1940 1730 σφι

0 1726 46 1775 ⁸3
280 1745 375 1812 ἱροὶ
399 1744 778 1814 ἀποδεδέχαται,
801 1747 915 1801 τοὺς
933 1747 1140 1799 λοιποὺς
1161 1746 1340 1800 ὀπτοὺς
1368 1747 1445 1798 καὶ
1469 1746 1654 1812 ἑφθοὺς
1674 1743 1938 1798 σιτέονται.

176 1836 239 1896 78
279 1831 333 1881 ἐν
372 1832 427 1882 δὲ
466 1832 578 1903 τῇσι
617 1833 918 1903 συνουσίῃσι
958 1837 1093 1883 τοῖσι
1133 1830 1607 1896 εὐδαίμοσίαύτῶν,
1652 1832 1803 1882 ε’πεᾶν
1842 1830 1940 1882 ἀπὸ
1966 1847 2018 1876 20

277 1914 478 1967 δείπνου
511 1912 769 1981 γένωνται,
810 1913 1069 1983 περιφέρει
1108 1914 1231 1981 ἀνὴρ
1269 1914 1441 1981 νεκρὸν
1479 1916 1532 1966 ἐν
1569 1919 1701 1984 σορῷ
1739 1913 1940 1978 ξύλινον

277 1996 628 2063 πεποιημένον,
667 1997 1007 2065 μεμιμημένον
1053 2001 1104 2053 ἐς
1148 2001 1209 2050 τὰ
1252 1998 1476 2064 μάλιστα
1521 1999 1600 2050 καὶ
1645 2005 1814 2071 γραφῇ
1859 1999 1938 2050 καὶ
1951 1990 2098 2058 νῶθ’-ι

0 2096 141 2152 hoq-e
278 2082 422 2152 ἔργῳ,
455 2080 673 2150 μέγαθος
704 2084 828 2135 ὅσον
857 2105 911 2135 τε
945 2082 1106 2154 πάντῃ
1146 2089 1392 2150 πηχυαῖον
1422 2079 1452 2147 ἢ
1485 2084 1714 2150 δίπηχυν,
1748 2082 1938 2135 δεικνὺς

276 2168 331 2218 δὲ
360 2165 551 2236 ἑκάστῳ
582 2172 680 2219 τῶν
711 2165 1006 2233 συμποτέων
1036 2165 1192 2233 λέγει·
1240 2167 1326 2220 Ἐς
1357 2171 1532 2218 τοῦτον
1563 2164 1718 2232 ὁρέων
1748 2164 1861 2218 πῖνέ
1883 2188 1937 2218 τε

278 2251 357 2302 καὶ
387 2248 581 2317 τέρπευ·
627 2251 767 2303 ἔσεαι
796 2253 891 2319 γὰρ
917 2252 1181 2304 ἀποθανὼν
1204 2256 1439 2303 τοιοῦτος.
1514 2255 1667 2302 ταῦτα
1689 2252 1781 2315 μὲν
1804 2252 1937 2316 παρὰ
1964 2270 2011 2312 25

164 2347 237 2399 79
275 2335 336 2385 τὰ
357 2335 616 2399 συμπόσια
636 2339 848 2387 ποιεῦσι.
915 2337 1171 2402 πατρίοισι
1191 2336 1243 2385 δὲ
1263 2334 1537 2401 χρεώμενοι
1558 2334 1757 2399 νόμοισι
1775 2333 1936 2385 ἄλλον

275 2415 454 2470 οὐδένα
484 2420 791 2472 ἐπικτῶνται.
867 2424 1001 2471 τοῖσι
1033 2418 1167 2469 ἄλλα
1196 2439 1250 2470 τε
1280 2416 1458 2482 ἐπάξιά
1497 2420 1607 2469 ἐστι
1637 2419 1819 2483 νόμιμα
1854 2418 1935 2470 καὶ

326 2568 352 2605 3
383 2554 483 2606 ζωῆς
505 2555 544 2594 R
560 2555 641 2595 SV
806 2557 855 2605 δὴ
878 2556 1073 2609 χρέωνται
1094 2555 1152 2594 Ac
1173 2555 1325 2608 <-ονται
1346 2553 1422 2606 Αἱ)
1438 2554 1473 2593 Β
1489 2555 1522 2594 C
1740 2566 1766 2604 5
1796 2555 1936 2608 ὑγείην

275 2609 314 2648 R
331 2610 361 2649 S
374 2609 413 2648 V
604 2613 632 2649 6
661 2610 802 2653 νόσους
824 2611 857 2649 C
875 2611 914 2649 R
931 2611 960 2649 S
974 2611 1012 2648 V
1224 2623 1246 2658 7
1278 2609 1550 2662 ὑγιερέστεροι
1575 2609 1613 2646 R
1627 2609 1666 2648 V
1680 2609 1710 2648 S
1733 2609 1932 2662 (ὑγιέστ.)

271 2666 298 2703 8
327 2665 477 2716 ἀνδρῶν
499 2665 533 2703 Ρ
547 2664 587 2703 R
603 2665 632 2704 S
647 2666 684 2704 V
811 2683 813 2685 ¹
820 2682 887 2716 μοι
913 2666 943 2704 S
1069 2668 1152 2705 δοκ.
1179 2665 1265 2714 ἐμοὶ
1288 2665 1420 2705 εἵνεκα
1438 2664 1478 2701 Α
1493 2664 1527 2702 Β
1543 2664 1576 2701 C
1774 2676 1822 2703 10
1849 2665 1929 2717 γίν.

270 2719 368 2768 μάλ.
395 2719 533 2758 RSV
642 2725 724 2762 τῶν
742 2738 845 2762 τε..
868 2720 1079 2770 ,μάλιστα
1098 2731 1180 2758 om.
1207 2717 1344 2757 RSV
1538 2731 1582 2756 11
1617 2718 1707 2759 ὄλλ.
1737 2718 1805 2757 R:
1832 2719 1928 2759 ἀλλ.

274 2773 304 2812 S
318 2773 358 2812 V
498 2786 546 2823 14
578 2775 801 2825 αὖτἰμαντες
823 2774 863 2812 R
877 2774 915 2813 V
1075 2775 1125 2811 16
1154 2772 1280 2821 νήσας
1300 2772 1334 2811 C
1351 2772 1390 2811 R
1501 2773 1622 2826 μικρὰ
1641 2772 1680 2811 Α
1695 2773 1729 2811 Β
1746 2772 1779 2811 C
1795 2773 1828 2812 P
1844 2773 1884 2810 R
1897 2773 1935 2811 V

277 2840 324 2876 17
356 2828 518 2881 ὀρνίθων
538 2828 578 2867 Α
592 2829 627 2867 Β
644 2829 677 2868 C
839 2829 888 2867 18
917 2828 1008 2869 ἐστί
1028 2827 1164 2880 σφιίν)
1190 2826 1224 2865 Ρ
1239 2826 1278 2864 R
1295 2827 1325 2866 S
1338 2826 1377 2866 V
1537 2840 1590 2866 20
1619 2830 1725 2868 τοῖσι
1745 2839 1825 2867 om.
1851 2826 1934 2867 SV

273 2881 427 2923 αὐτέων
448 2882 484 2920 Ρ
496 2882 535 2921 R
552 2883 582 2924 S
595 2883 634 2923 V
827 2895 880 2932 23
910 2899 958 2922 τε
979 2895 1060 2921 om.
1086 2881 1121 2922 E
1250 2881 1383 2936 πάντῃ
1406 2881 1487 2922 del.
1513 2881 1635 2921 stein
1763 2884 1934 2923 διπλοῦν

272 2935 478 3033 Ξιέὶοὸν
653 2951 706 2989 24
735 2938 829 2979 πῖνέ
845 2955 916 2980 τευ
938 2937 977 2975 R
997 2950 1007 2976 t
1036 2952 1197 2978 πινευτε
1219 2935 1253 2975 Ε
1268 2935 1298 2975 S
1312 2935 1349 2974 V
1525 2949 1575 2987 27
1608 2935 1764 2991 ἐτι-ἄξιά]
1786 2936 1889 2991 ἅπαξ
1906 2935 1949 2978 ἅ-
