2098 3320
54 129 118 179 II.
148 141 234 191 177

210 449 234 479 2

147 858 237 920 η8

143 2116 235 2167 179
268 2107 280 2124 ‘

893 126 1318 174 HPOAOTOT

273 261 401 323 μἐνα
433 256 510 308 καὶ
540 259 601 307 τὰ
633 255 730 309 ἀπὸ
760 259 847 320 τῆς
876 257 1042 324 χώρης
1072 262 1206 309 τοῖσι
1236 256 1559 323 ἀνθρώποισι,
1595 257 1674 308 καὶ
1704 258 1848 311 πόλις
1885 260 1940 312 ἐν

276 341 399 413 αὐτῇ
439 339 677 408 γενέσθαι
707 342 795 394 τὰς
833 339 1034 394 ἁπάσας
1069 341 1184 393 τότε
1219 342 1480 407 δισμυρίας
1517 342 1605 395 τὰς
1640 341 1939 408 οἰκεομένας.

275 426 426 490 νόμον
449 446 503 476 τε
528 425 846 493 Αἰγυπτίοισι
870 425 1012 477 τόνδε
1027 424 1248 490 Ἀμασίς
1275 426 1386 476 ἐστι
1411 425 1437 474 ὁ
1462 423 1796 490 καταστήσας,
1822 427 1942 478 ἀπο-

276 509 523 562 δεικνύναι
553 508 690 562 ἔτεος
721 507 934 561 ἑκάστου
963 513 1030 578 τῷ
1062 507 1288 581 νομάρχῃ
1320 507 1483 561 πάντα
1516 511 1627 561 τινὰ
1658 511 1941 577 Αἰγυπτίων

275 595 390 645 ὅθεν
440 597 657 658 βιοῦται·
723 592 790 658 μὴ
844 595 898 644 δὲ
946 597 1180 644 ποιεῦντα
1227 597 1379 644 ταῦτα
1424 595 1548 658 μηδὲ
1595 594 1943 661 ἀποφαίνοντα

275 678 467 741 δικαίην
518 678 632 742 ζόην
681 677 935 747 ἰθύν-εσθαι
983 676 1194 746 θανάτῳ.
1285 678 1459 728 Σόλων
1504 679 1557 728 δὲ
1605 677 1632 727 ὁ
1678 676 1944 742 Ἀθηναῖος

274 761 454 826 λαβὼν
496 759 553 825 ἐξ
591 761 844 827 Αἰγύπτου
888 765 1061 811 τοῦτον
1104 761 1191 812 τὸν
1236 762 1387 826 νόμον
1431 760 1744 826 Ἀθηναίοισι
1784 761 1940 813 ἔθετο·

276 850 343 915 τῷ
369 847 549 896 ἐκεῖνοι
580 846 631 898 ἐς
662 844 759 896 αἶεὶ
790 843 1051 913 χρέωνται,
1081 845 1212 896 ἐόντι
1246 845 1430 914 ἀμώμῳ
1462 845 1613 914 νόμῳ.
1690 844 1942 912 φιλέλλην

276 932 329 981 δὲ
359 929 628 995 γενόμενος
660 929 687 978 ὁ
709 927 931 993 ’Ἄμασις
961 928 1097 980 ἄλλα
1127 950 1180 980 τε
1213 930 1263 983 ἐς
1293 927 1556 993 Ἑλλήνων
1595 927 1943 996 μετεξετέρους

276 1011 550 1076 ἀπεδέξατο
575 1012 651 1063 καὶ
677 1012 734 1076 δὴ
758 1013 836 1064 καὶ
859 1018 994 1064 τοῖσι
1019 1011 1421 1077 ἀπικνευμένοισι
1446 1015 1497 1066 ἐς
1517 1014 1767 1079 Αἴγυπτον
1791 1012 1942 1065 ἔδωκε

277 1097 561 1162 Ναύκρατιν
585 1097 736 1148 πόλιν
760 1098 1033 1160 ἐνοικῆσαι,
1055 1101 1188 1148 τοῖσι
1219 1099 1271 1148 δὲ
1299 1096 1367 1161 μὴ
1397 1095 1758 1161 βουλομένοισι
1782 1097 1942 1148 αὐτῶν

277 1179 513 1232 ἐνοικέειν
552 1180 701 1231 αὐτοῦ
745 1183 797 1232 δὲ
838 1179 1277 1245 ναυτιλλομένοισι
1320 1179 1470 1232 ἔδωκε
1514 1180 1706 1248 χώρους
1751 1180 1938 1247 ἐνιδρύ·

277 1269 468 1316 σασθαι
499 1265 700 1330 βωμοὺς
733 1264 811 1316 καὶ
841 1264 1047 1329 τεμένεα
1082 1268 1259 1316 θεοῖσι.
1347 1264 1405 1316 τὸ
1443 1263 1536 1329 μέν
1574 1286 1661 1317 νυν
1697 1263 1940 1331 μέγιστον

275 1349 437 1401 αὐτῶν
477 1348 679 1414 τέμενος
725 1349 803 1400 καὶ
847 1349 1249 1413 ὀνομαστότατον
1290 1347 1373 1400 ἐὸν
1419 1348 1497 1399 καὶ
1538 1348 1938 1417 χρησιμώτατον,

279 1433 581 1498 καλεύμενον
627 1435 680 1484 δὲ
726 1431 1013 1497 Ἑλλήνιον,
1062 1434 1169 1484 αἵδε
1215 1431 1387 1485 πόλιές
1435 1434 1534 1484 εἰσι
1585 1435 1636 1484 αἱ
1688 1431 1940 1500 ἱδρυμέναι

279 1525 431 1589 κοινῇ,
465 1517 645 1568 Ἰώνων
685 1519 775 1582 μὲν
813 1519 934 1570 Χίος
977 1517 1056 1568 καὶ
1094 1515 1233 1570 Τέως
1266 1518 1345 1568 καὶ
1383 1517 1588 1568 Φώκαια
1628 1518 1708 1569 καὶ
1741 1517 1935 1581 Κλαζο-

275 1603 435 1667 μεναί,
466 1600 700 1668 Δωριέων
731 1603 784 1652 δὲ
812 1600 979 1654 Ῥόδος
1011 1601 1090 1652 καὶ
1116 1602 1294 1654 Κνίδος
1319 1602 1397 1652 καὶ
1426 1599 1829 1668 Ἁλικαρνησσὸς
1860 1601 1940 1652 καὶ

278 1685 527 1750 Φάσηλις,
564 1684 789 1736 Αἰολέων
820 1685 932 1750 δὲὴ
967 1686 1323 1749 Μυτιληναίων
1361 1685 1533 1750 μούνη.
1620 1684 1808 1736 τούτων
1846 1683 1940 1750 μέν

278 1772 386 1821 ἐστι
428 1774 572 1821 τοῦτο
612 1769 668 1820 τὸ
708 1768 926 1834 τέμενος,
963 1769 1041 1820 καὶ
1078 1767 1360 1836 προστάτας
1399 1773 1485 1820 τοῦ
1525 1769 1759 1835 ἐμπορίου
1797 1768 1940 1820 αὗται

265 1856 327 1923 ’,αἱ
370 1853 543 1907 πόλιές
581 1855 680 1905 εἶσι
717 1855 766 1904 αἱ
797 1852 1123 1920 παρέχουσαι·
1170 1854 1288 1904 ὅσαι
1310 1856 1371 1905 »δὲ
1401 1852 1553 1904 ἄλλαι
1586 1853 1761 1906 πόλιες
1789 1874 1938 1918 μετα-

277 1942 543 1996 ποιεῦνται,
577 1936 718 1989 οὐδέν
750 1944 849 2004 σφι
884 1937 1060 2002 μετεὸν
1098 1941 1494 2002 μεταποιεῦνται.
1583 1936 1736 2005 χωρὶς
1766 1939 1819 1988 δὲ
1852 1938 1937 1988 Αἶ-

276 2025 472 2089 γινῆται
496 2023 577 2073 ἐπὶ
602 2024 795 2073 ἑωυτῶν
821 2021 1085 2087 ἱδρύσαντο
1109 2020 1314 2086 τέμενος
1338 2022 1478 2080 Διός,
1505 2022 1586 2073 καὶ
1610 2020 1741 2072 ἄλλο
1766 2019 1942 2086 Σάμιοι

279 2105 436 2174 Ήρης
470 2106 549 2157 καὶ
583 2104 832 2169 Μιλήσιοι
862 2094 1204 2159 Ἀπόλλωνος.
1281 2105 1341 2171 ἣν
1372 2109 1425 2157 δὲ
1455 2105 1512 2156 τὸ
1543 2103 1758 2157 παλαιὸν
1787 2105 1940 2171 μούνη

280 2190 561 2256 Ναύκρατις
602 2190 839 2256 ἐμπόριον
879 2190 958 2241 καὶ
993 2189 1124 2241 ἄλλο
1163 2189 1305 2241 οὐδὲν
1342 2189 1610 2257 Αἰγύπτου.
1701 2191 1744 2241 εἶ
1780 2188 1834 2241 δέ
1869 2210 1943 2242 τις

281 2277 330 2327 ἐς
359 2279 457 2326 τῶν
487 2295 536 2325 τι
565 2273 694 2324 ἄλλο
721 2272 983 2338 στομάτων
1005 2278 1091 2325 τοῦ
1114 2275 1304 2325 Νείλου
1335 2274 1576 2332 ἀπίκοιτο,
1609 2276 1738 2342 χρῆν
1760 2273 1944 2339 ὀμόσαι

278 2358 345 2423 μὴ
381 2360 475 2423 μὲν
513 2346 690 2409 ἑκόντα
727 2359 910 2416 ἐλθεῖν,
945 2358 1275 2423 ἀπομόσαντα
1315 2359 1369 2409 δὲ
1403 2358 1463 2429 τῇ
1498 2357 1577 2421 νηὶ
1611 2357 1732 2429 αὐτῇ
1771 2355 1943 2409 πλέειν

280 2444 332 2494 ἐς
355 2441 412 2493 τὸ
438 2441 753 2506 Κανωβικόν·
797 2437 826 2506 ἢ
853 2443 894 2492 εἰ
924 2439 990 2507 μή
1015 2463 1072 2508 γε
1097 2440 1177 2493 οἶά
1201 2463 1254 2493 τε
1278 2443 1351 2506 εἵη
1373 2441 1493 2508 πρὸς
1517 2439 1724 2507 ἀνέμους
1748 2442 1943 2494 ἀντίους

334 2591 360 2628 3
390 2578 458 2629 τε]
481 2578 525 2619 δὲ
546 2577 583 2616 Α
598 2578 632 2616 Β
649 2577 682 2616 C
697 2575 747 2616 P1
913 2593 939 2628 4
969 2578 1189 2631 Αἰγύπτιον
1212 2578 1249 2617 R
1266 2578 1296 2617 S
1308 2578 1347 2617 V
1495 2590 1520 2628 5
1550 2582 1786 2627 βεβαιοῦται
1806 2578 1845 2617 Α
1859 2578 1894 2617 Β
1909 2579 1943 2617 C

283 2634 386 2683 ζ-τε)
406 2647 415 2672 :
445 2633 643 2681 βεβίωται
664 2631 723 2671 Α2
866 2635 893 2672 6
926 2632 1029 2684 ζωὴν
1049 2634 1088 2672 R
1103 2633 1133 2672 S
1146 2633 1184 2671 V
1333 2646 1355 2683 7
1385 2634 1457 2674 τὸν
1476 2646 1558 2673 om.
1582 2633 1616 2672 C
1758 2646 1786 2684 9
1815 2636 1837 2674 ὁ
1857 2646 1939 2673 om.

281 2687 321 2727 A
338 2688 372 2726 Β
389 2687 421 2725 C
574 2701 624 2726 10
654 2689 796 2728 ἇποκν.
822 2687 859 2725 R
1017 2702 1033 2729 1
1045 2701 1061 2726 1
1096 2690 1303 2736 ἐσοικῆσαι
1326 2688 1360 2726 Β
1518 2701 1566 2726 12
1596 2687 1741 2730 οἶκέειν
1760 2688 1799 2726 Α
1813 2688 1848 2726 Β
1864 2687 1897 2726 C
1911 2687 1944 2726 P

281 2742 431 2783 αὐτόσε
455 2741 729 2781 Herwerden
895 2742 1067 2796 χωρίους
1089 2742 1124 2780 Β
1147 2757 1156 2781 :
1185 2743 1347 2796 χωρίοις
1366 2741 1452 2780 AC
1664 2754 1712 2792 15
1743 2743 1784 2783 αἱ
1801 2754 1883 2781 om.
1909 2742 1943 2780 C

286 2799 335 2835 16
366 2795 483 2846 Κλεζ.
505 2797 543 2835 R
563 2811 572 2836 ε
604 2796 727 2847 Κληζ.
751 2797 804 2836 S:
838 2796 949 2848 Κλιζ.
970 2797 1008 2835 V
1121 2809 1168 2846 17
1199 2797 1338 2838 Κνίδος
1359 2797 1415 2836 P:
1449 2797 1593 2839 Κνίσος
1615 2798 1722 2837 SV:
1752 2797 1944 2838 Κνίσοδος

283 2852 322 2889 R
339 2865 350 2891 t
378 2852 474 2892 Χίος
494 2850 533 2889 Α
547 2851 581 2889 Β
599 2851 677 2904 [C]
791 2853 931 2900 -νησὸς
947 2850 978 2890 S
989 2850 1028 2888 V
1143 2853 1192 2891 18
1217 2858 1364 2892 Μιτυλ.
1382 2851 1416 2890 Β
1431 2851 1464 2890 C
1479 2852 1512 2890 P
1525 2851 1563 2889 R
1578 2852 1609 2891 S
1621 2851 1658 2889 V
1767 2849 1944 2892 τουτέων

283 2905 316 2943 C
331 2905 364 2943 P
547 2919 601 2944 20
630 2908 669 2946 αἱ
689 2918 770 2945 om.
796 2906 886 2944 RV
1010 2904 1129 2947 πόλις
1149 2905 1187 2944 Α
1202 2905 1236 2943 Β
1357 2908 1395 2946 αἱ
1414 2918 1494 2946 om.
1520 2905 1559 2944 A
1574 2906 1609 2944 Β
1626 2905 1659 2944 C
1770 2904 1880 2956 ὅσαι]
1903 2906 1944 2945 αἴ

284 2959 323 2997 R
339 2959 369 2998 S
383 2959 420 2996 V
574 2972 622 2997 21
656 2958 772 3000 οὐδέν
788 2990 797 2999 .
815 2990 824 2999 .
842 2962 1149 3010 μεταποιεῦνται
1170 2972 1251 3000 om.
1277 2959 1314 2998 A
1329 2960 1364 3000 B
1381 2960 1414 2998 C
1554 2972 1606 3009 23
1627 2958 1753 3016 ’Ἤρας
1776 2958 1816 2999 Α
1831 2959 1865 2997 Β
1880 2959 1913 2999 C
1931 2972 1940 2999 :

272 3013 423 3064 ‘'Hpnm
444 3013 482 3051 V
591 3012 717 3066 μούνη
737 3014 763 3063 ἡ
785 3013 818 3050 C
834 3013 867 3053 P

1969 1034 2019 1064 10

1971 1453 2018 1494 15

1971 1874 2021 1901 20

1969 2292 2018 2334 25
