2098 3320
1 2111 6 2130 Ι

32 2105 604 2239 θ’νὲΐπεριέστιξε
653 2137 731 2188 καὶ
775 2137 994 2188 τούτοισι
1038 2142 1094 2188 τὸ
1138 2142 1319 2206 τεῖχος·
1382 2137 1494 2191 τοὺς
1541 2140 1592 2189 δὲ
1639 2137 1844 2191 λοιποὺς
1886 2141 1984 2189 Τῶν

21 2255 24 2274 1

70 59 158 114 IV.
188 49 280 115 201

941 64 1373 113 HPOAOTOT

319 193 474 262 τέρων
497 198 703 247 πολλῶν
730 195 807 247 καὶ
839 194 926 247 οὐκ
956 195 1123 261 ἧσσον
1146 201 1243 249 τῶν
1267 196 1510 265 Περσέων
1526 196 1747 264 ’Άμασις
1778 198 1804 248 ὁ
1835 219 1984 266 στρα-

320 279 470 346 τηγὸς
504 284 591 331 τοῦ
625 280 774 344 πεζοῦ
812 283 1094 349 μηχανᾶται
1136 280 1317 334 τοιάδε·
1362 283 1532 348 μαθὼν
1568 283 1680 337 τοὺς
1717 285 1988 350 Βαρκαίους

322 363 387 417 ὡς
426 366 547 414 κατὰ
569 415 572 417 ,
583 366 673 429 μὲν
704 368 759 415 rb
797 364 1007 434 ἰσχυρὸν
1038 365 1123 417 οὐκ
1157 366 1341 434 αἱρετοὶ
1378 365 1493 425 εἶεν,
1526 367 1657 437 δόλῳ
1695 369 1748 419 δὲ
1783 365 1984 435 αἱρετοί,

322 447 481 500 ποιέει
516 447 697 500 τοιάδε·
745 449 918 503 νυκτὸς
951 449 1147 518 τάφρην
1184 450 1360 517 ὀρύξας
1397 449 1569 518 εὐρέαν
1607 451 1825 504 ἐπέτεινε
1861 449 1987 516 ξύλα

322 531 537 584 ἀσθενέα
559 534 681 599 ὑπὲρ
706 525 871 598 αὐτῆς,
899 534 1171 601 κατύπερθε
1201 538 1254 587 δὲ
1285 531 1529 600 ἐπιπολῆς
1550 540 1648 588 τῶν
1673 535 1835 601 ξύλων
1864 540 1987 604 χοῦν

322 619 414 684 γῆς
451 617 756 684 ἐπεφόρησε,
790 617 972 670 ποιέων
1003 620 1060 690 τῇ
1093 618 1226 691 ἄλλῃ
1257 627 1321 692 γῇ
1354 620 1603 672 ἰσόπεδον.
1696 619 1798 684 ἅμα
1831 618 1986 692 ἡμέρῃ

322 704 375 752 δὲ
409 703 459 755 ἐς
488 702 670 769 λόγους
702 702 1036 768 προεκαλέετο
1061 703 1173 757 τοὺς
1198 705 1482 770 Βαρκαίους.
1550 707 1596 756 οἱ
1627 706 1681 756 δὲ
1711 704 1988 758 ἀσπαστῶς

321 784 629 849 ὑπήκουσαν,
671 788 723 840 ἐς
762 787 791 837 ὅ
831 793 929 854 σφι
974 787 1087 840 ἔαδε
1129 789 1371 860 ὁμολογίῃ
1411 787 1717 856 χρήσασθαι.
1805 787 1895 852 τὴν
1935 791 1986 840 δὲ

323 871 594 937 ὁμολογίην
625 871 884 923 ἐποιεῦντο
919 870 1115 936 τοιήνδε
1151 872 1275 931 τινά,
1308 873 1390 925 ἐπὶ
1425 875 1511 937 τῆς
1549 875 1759 940 κρυπτῆς
1795 871 1987 940 τάφρου

182 1815 284 1852 202

181 2403 283 2450 203

321 954 590 1019 τάμνοντες
627 956 783 1021 ὅρκια,
824 955 930 1008 ἔστ’
964 955 1026 1008 ἂν
1060 957 1090 1021 ἡ
1128 960 1192 1024 γῆ
1231 958 1348 1022 αὕτη
1387 958 1539 1011 οὕτως
1579 957 1688 1029 ἔχῃ,
1726 956 1894 1022 μένειν
1929 957 1986 1009 τὸ

321 1041 486 1105 ὅρκιον
512 1042 633 1090 κατὰ
663 1040 848 1108 χώρην,
876 1042 956 1093 καὶ
980 1043 1252 1107 Βαρκαίους
1274 1063 1327 1093 τε
1350 1040 1637 1094 ὑποτελέειν
1662 1040 1819 1109 φάναι
1841 1039 1985 1106 ἀξίην

322 1123 533 1188 βασιλέϊ
570 1124 650 1175 καὶ
681 1122 889 1190 Πέρσας
923 1127 1077 1191 μηδὲν
1106 1125 1236 1177 ἄλλο
1268 1128 1510 1195 νεοχμοῦν
1541 1127 1664 1178 κατὰ
1696 1126 1984 1192 Βαρκαίους.

322 1210 446 1273 μετὰ
471 1210 523 1259 δὲ
545 1207 602 1259 τὸ
627 1209 794 1274 ὅρκιον
821 1212 1054 1275 Βαρκαῖοι
1083 1213 1174 1275 μὲν
1199 1211 1559 1265 πιστεύσαντες
1589 1210 1815 1262 τούτοισι
1847 1210 1991 1263 αὐτοί

322 1313 378 1343 τε
418 1290 624 1357 ἐξήισαν
663 1294 717 1344 ἐκ
754 1298 840 1344 τοῦ
875 1293 1056 1348 ἄστεος
1093 1295 1171 1346 καὶ
1207 1299 1305 1346 τῶν
1341 1295 1595 1360 πολεμίων
1630 1294 1725 1347 ἔων
1760 1293 1986 1361 παριέναι

324 1378 374 1429 ἐς
404 1376 459 1427 τὸ
489 1381 656 1444 τεῖχος
685 1376 772 1430 τὸν
802 1379 1132 1444 βουλόμενον,
1165 1381 1254 1432 τὰς
1288 1377 1455 1432 πάσας
1485 1379 1646 1433 πύλας
1681 1376 1983 1443 ἀνοίξαντες.

322 1463 367 1512 οἱ
414 1462 466 1512 δὲ
507 1460 706 1528 Πέρσαι
752 1460 1142 1530 καταρρήξαντες
1187 1463 1276 1527 τὴν
1322 1463 1535 1529 κρυπτὴν
1576 1462 1800 1530 γέφυραν
1845 1462 1986 1516 ἔθεον

323 1544 423 1595 ἔσω
456 1547 506 1599 ἐς
530 1545 586 1596 τὸ
609 1551 791 1614 τεῖχος.
869 1546 1170 1614 κατέρρηξαν
1195 1550 1248 1600 δὲ
1272 1550 1412 1600 τοῦδε
1444 1549 1607 1600 εἵνεκα
1629 1547 1718 1612 τὴν
1741 1549 1991 1611 ἐποίησανμ

322 1628 562 1696 γέφυραν,
584 1631 664 1681 ἵνα
683 1630 1074 1698 ἐμπεδορκέοιεν,
1091 1633 1328 1697 ταμόντες
1348 1637 1480 1684 τοῖσι
1497 1633 1786 1698 Βαρκαίοισι
1803 1631 1986 1700 χρόνον

321 1712 489 1778 μένειν
514 1715 609 1766 αἰεὶ
638 1714 695 1766 τὸ
726 1716 891 1781 ὅρκιον
922 1717 1045 1767 ὅσον
1076 1715 1136 1768 ἂν
1159 1716 1188 1781 ἡ
1213 1719 1275 1783 γῆ
1306 1715 1429 1788 μένῃ
1456 1718 1577 1768 κατὰ
1590 1712 1696 1782 [τὰ]
1718 1717 1831 1768 τότε
1861 1715 1984 1784 εἶχε·

324 1796 662 1865 καταρρήξασι
690 1802 744 1851 δὲ
782 1797 942 1851 οὐκέτι
980 1800 1122 1865 ἔμενε
1157 1800 1212 1851 rb
1247 1801 1415 1867 ὅρκιον
1445 1802 1567 1852 κατὰ
1601 1800 1785 1868 χώρην.
1871 1801 1986 1854 τοὺς

323 1881 414 1947 μέν
454 1903 540 1935 νυν
581 1882 897 1938 αἰτιωτάτους
939 1889 1037 1936 τῶν
1076 1886 1331 1950 Βαρκαίων
1365 1885 1394 1949 ἡ
1433 1886 1695 1951 Φερετίμη,
1735 1886 1899 1937 ἐπείτε
1938 1887 1985 1937 οἱ

324 1969 378 2017 ἐκ
425 1971 524 2019 τῶν
570 1967 812 2034 Περσέων
860 1969 1223 2035 παρεδόθησαν,
1271 1969 1643 2021 ἀνεσκολόπισε
1691 1970 1852 2038 κύκλῳ
1899 1973 1986 2020 τοῦ

323 2052 532 2118 τείχεος,
583 2057 680 2104 τῶν
733 2051 787 2103 δέ
839 2059 935 2120 σφι
983 2059 1226 2119 γυναικῶν
1271 2053 1385 2106 τοὺς
1431 2053 1612 2118 μαζοὺς
1641 2053 1985 2119 ἀποταμοῦσα

2011 557 2033 597 5
2091 549 2094 552 ι

2012 975 2062 1005 10

2012 1399 2060 1443 15

2011 1819 2062 1848 20

325 2221 583 2286 Βαρκαίων
619 2221 765 2285 ληίην
802 2219 1035 2272 ἐκελευσε
1076 2221 1253 2273 θέσθαι
1289 2222 1400 2275 τοὺς
1439 2220 1659 2288 Πέρσας,
1700 2220 1833 2285 πλην
1871 2223 1983 2273 ὅσοι
2007 2239 2056 2280 25

322 2303 482 2355 αὐτῶν
513 2302 644 2368 ἦσαν
677 2303 943 2356 Βαττιάδαι
974 2327 1026 2356 τε
1065 2306 1143 2357 καὶ
1174 2310 1259 2357 τοῦ
1290 2306 1449 2372 φόνον
1480 2304 1537 2356 οὐ
1571 2305 1826 2370 μεταίτιοι·
1871 2305 1980 2356 τού-

321 2408 454 2438 τοισι
501 2390 554 2439 δὲ
603 2388 694 2452 τὴν
738 2390 886 2440 πόλιν
935 2388 1180 2455 ἐπέτρεψε
1227 2390 1255 2453 ἡ
1302 2390 1564 2455 Φερετίμη.
1653 2388 1765 2442 τοὺς
1812 2386 1880 2441 ὧν
1924 2388 1982 2453 δὴ

378 2540 402 2563 2
431 2527 566 2577 μαθὼν
590 2525 634 2567 δὲ
659 2526 699 2564 R
739 2546 741 2548 ·
867 2539 892 2576 3
921 2528 1043 2568 rva
1211 2542 1235 2577 4
1266 2528 1422 2581 τάφρην
1442 2527 1530 2566 ΑΒ
1553 2527 1670 2567 Suid.
1696 2540 1729 2567 s.
1746 2541 1786 2567 V.
1809 2527 1982 2580 τάφρος-ε

323 2580 527 2633 τάφρηνον
546 2580 583 2620 V
601 2594 610 2619 τ
639 2580 793 2634 τάφρον
814 2582 902 2621 rell.
1032 2582 1168 2634 εὐρέην
1190 2583 1228 2621 Α
1243 2583 1278 2621 Β
1294 2583 1326 2621 C
1343 2582 1376 2621 P
1505 2581 1716 2624 ἀπέκτεινε
1739 2582 1778 2620 R
1792 2582 1857 2621 V:
1887 2579 1982 2623 ἀπέ-

326 2641 420 2684 θηκε
444 2635 474 2674 S
640 2647 664 2685 5
695 2635 938 2696 κατύπερθεν
962 2637 999 2675 R
1016 2637 1096 2676 SV
1208 2636 1252 2678 δὲ
1273 2649 1355 2677 om.
1382 2637 1419 2675 R
1434 2638 1472 2676 V
1585 2638 1647 2677 ἐπὶ
1669 2640 1798 2686 πολῆς
1820 2637 1888 2676 R:
1919 2638 1981 2677 ἐπὶ

323 2693 482 2739 πολλῆς
504 2690 537 2729 C
552 2691 589 2729 V
714 2703 736 2740 7
767 2691 1057 2745 προεκαλέεται
1079 2691 1138 2731 C:
1170 2690 1469 2746 προσεκαλέετο
1493 2692 1532 2731 R
1549 2692 1629 2731 SV
1761 2704 1806 2730 11
1840 2694 1982 2732 ὕποτε·

323 2745 423 2795 λεήν
442 2745 481 2783 Α
497 2746 526 2784 S
629 2744 752 2798 φόνου
776 2746 898 2785 Stein
1016 2760 1062 2785 12
1093 2750 1300 2798 νεωχμοῦν
1321 2747 1386 2786 C:
1416 2750 1616 2799 νεοχλοῦν
1634 2747 1699 2785 V.
1731 2746 1980 2798 ἐνοχλοῦνδ

323 2801 524 2854 Βαρκαίων
546 2800 578 2839 C
593 2801 627 2839 P
796 2814 843 2850 14
875 2802 1042 2854 ἐξήεσαν
1063 2801 1102 2840 R
1119 2802 1147 2840 S
1163 2802 1212 2840 V¹
1350 2813 1402 2851 15.
1429 2801 1585 2843 ἁπάσας
1608 2801 1646 2839 R
1661 2801 1691 2839 S
1704 2802 1742 2840 V
1851 2800 1980 2842 πύλας

321 2867 403 2894 om.
429 2855 510 2895 SV
642 2857 691 2894 16
722 2855 833 2897 ἔθεον
851 2886 859 2896 .
877 2885 886 2895 .
909 2887 918 2896 .
935 2855 1114 2909 ’γέφυραν
1133 2869 1212 2896 om.
1241 2856 1274 2895 C
1412 2869 1458 2906 17
1491 2856 1563 2908 ἔξω
1587 2855 1695 2896 ΑΒ.
1811 2868 1861 2905 19
1890 2855 1980 2896 κατ’

321 2909 346 2950 ἃ
386 2911 424 2948 R
591 2909 644 2951 τὰ
682 2910 764 2950 del.
807 2910 962 2950 Struve
1181 2924 1232 2961 23
1275 2912 1455 2962 μαστοὺς
1493 2910 1532 2949 R
1548 2911 1598 2950 Sc
1617 2925 1626 2950 ε
1669 2912 1843 2962 μασθοὺς
1875 2909 1914 2949 V
1931 2908 1978 2949 S¹

321 2979 371 3015 25
405 2964 565 3006 ἐκέλευε
581 2964 620 3003 Α
634 2965 668 3004 Β
686 2965 719 3004 C
884 2967 937 3004 26
968 2966 1118 3007 αὐτέων
1141 2967 1179 3005 R
1196 2967 1276 3007 SV
1442 2978 1492 3016 27
1516 2964 1772 3019 ἐπέστρεψεν
1794 2965 1834 3004 R

1305 3070 1329 3086 d
