2098 3320
89 90 181 139 ΙΙΙ.
211 93 299 140 128
772 142 777 146 ,
969 93 1403 142 ΗΡΟΔΟΤΟΥ

339 221 484 275 αὐτὸς
515 222 725 277 ἕκαστος
757 221 946 275 ἐθέλων
979 222 1166 276 ποιέειν
1196 229 1364 276 ταῦτα.
1439 226 1686 291 ἐρίζοντας
1715 227 1768 281 δὲ
1794 232 2005 294 Δαρεῖος

340 305 690 372 κατελάμβανε
722 307 938 359 κελεύων
964 307 1267 360 πάλλεσθαι·
1316 308 1648 374 παλλομένων
1678 313 1732 363 δὲ
1758 309 2007 380 λαγχάνει

278 409 302 439 2
338 392 393 441 ἐκ
423 389 622 443 πάντων
670 394 888 458 Βαγαῖος
933 393 960 442 ὁ
1008 385 1298 459 Ἀρτόντεω.
1389 393 1563 462 λαχὼν
1610 392 1665 446 δὲ
1716 395 1743 445 ὁ
1791 399 2006 462 Βαγαῖος

338 473 495 526 ποιέει
525 474 706 526 τοιάδε·
752 477 949 541 βυβλία
980 476 1305 544 γραψάμενος
1337 479 1506 530 πολλὰ
1539 478 1617 530 καὶ
1653 478 1764 545 περὶ
1799 484 2006 532 πολλῶν

337 558 520 626 ἔχοντα
566 559 870 626 πρηγμάτων
914 559 1172 631 σφρηγῖδά
1217 567 1316 628 σφι
1362 561 1585 627 ἐπέβαλε
1632 562 1723 627 τὴν
1773 565 2002 631 Δαρείου,
2028 585 2051 626 5

279 663 304 707 3
337 644 460 706 μετὰ
491 645 544 695 δὲ
574 643 652 708 ἤιε
682 644 814 712 ἔχων
843 649 996 696 ταῦτα
1028 647 1079 699 ἐς
1108 647 1196 699 τὰς
1227 644 1439 712 Σάρδις..
1514 647 1812 712 ἀπικόμενος
1842 649 1895 700 δὲ
1927 647 2006 700 καὶ

0 750 109 802 ωας)
124 734 312 797 μηνί.
337 726 574 796 Ὀροίτεω
606 729 656 782 ἐς
687 730 809 795 ὄψιν
834 730 995 781 ἐλθὼν
1019 734 1116 781 τῶν
1146 731 1383 795 βυβλίων
1415 730 1467 781 ἓν
1492 730 1707 783 ἕκαστον
1730 733 2002 802 περιαιρεό-

169 794 482 874 ωω’”’μ.ενος
529 812 690 864 ἐδίδου
740 818 807 882 τῷ
858 821 1210 886 γραμματιστῇ
1257 819 1324 884 τῷ
1377 815 1633 884 βασιληίῳ
1682 813 2006 881 ἐπιλέγεσθαι

333 893 729 962 (γραμματιστὰς
774 900 827 949 δὲ
869 898 1169 962 βασιληίους
1214 900 1260 950 οἱ
1308 897 1487 952 πάντες
1531 897 1771 968 ὕπαρχοι’
1792 898 2001 967 ἔχουσι)·

335 980 736 1046 ἀποπειρώμενος
767 983 820 1033 δὲ
849 986 949 1033 τῶν
991 983 1279 1049 δορυφόρων
1319 984 1480 1034 ἐδίδου
1516 985 1576 1034 τὰ
1616 983 1816 1048 βυβλία
1845 984 1872 1034 ὁ
1903 987 2000 1036 Βα-
2031 1002 2080 1033 10

277 1089 304 1131 4
334 1068 493 1129 γαῖος,
522 1066 569 1117 εἴ
595 1067 641 1116 οἱ
673 1063 958 1129 ἐνδεξαίατο
989 1066 1275 1118 ἀπόστασιν
1307 1066 1406 1118 ἀπὸ
1435 1066 1693 1133 Ὀροίτεω.
1766 1065 1919 1134 ὁρέων
1948 1066 2005 1120 δέ

335 1154 501 1214 σφεας
530 1148 592 1200 τά
621 1170 676 1200 τε
706 1150 903 1215 βυβλία
934 1149 1242 1216 σεβομένους
1281 1149 1514 1217 μεγάλως
1544 1152 1623 1203 καὶ
1659 1153 1720 1203 τὰ
1754 1152 2004 1218 λεγόμενα

334 1234 389 1283 ἐκ
419 1238 516 1285 τῶν
556 1234 791 1299 βυβλίων
828 1234 901 1287 ἔτι
940 1235 1174 1300 μεζόνως,
1209 1238 1338 1287 διδοῖ
1365 1234 1496 1287 ἄλλο
1537 1237 1591 1288 ἐν
1627 1240 1694 1305 τῷ
1732 1237 1850 1302 ἐνῆν
1880 1236 2003 1290 ἔπεα

332 1316 466 1369 τάδε·
513 1316 587 1368 ςῺ,
628 1317 842 1385 Πέρσαι,
885 1319 1134 1384 βασιλεὺς
1180 1323 1393 1386 Δαρεῖος
1439 1319 1736 1387 ἀπαγορεύει
1778 1321 1893 1386 ὑμῖν
1933 1319 2088 1417 μὴωῐ

333 1401 656 1470 δορυφορέειν
698 1402 946 1470 Ὀροίτεα.
1038 1406 1084 1456 οἱ
1124 1407 1179 1456 δὲ
1216 1404 1520 1458 ἀκούσαντες
1559 1405 1745 1457 τούτων
1783 1403 2002 1483 μετῇ-κάν
2028 1424 2076 1468 15

276 1509 297 1555 5
333 1489 379 1538 οἱ
402 1488 491 1540 τὰς
521 1486 719 1555 αἰχμάς.
794 1488 910 1540 ἰδὼν
941 1490 994 1540 δὲ
1016 1489 1165 1540 τοῦτό
1195 1494 1359 1555 σφεας
1382 1490 1407 1539 ὁ
1433 1492 1649 1556 Βαγαῖος
1679 1488 2001 1555 πειθομένους

331 1575 398 1641 τῷ
423 1573 644 1642 βυβλίῳ,
667 1573 878 1624 ἐνθαῦτα
896 1571 955 1637 δὴ
983 1570 1244 1640 θαρσήσας
1263 1572 1320 1624 τὸ
1338 1579 1626 1626 τελευταῖον
1644 1578 1742 1626 τῶν
1764 1575 2001 1640 βυβλίων

332 1658 461 1707 διδοῖ
487 1661 554 1726 τῷ
585 1664 950 1729 γραμματιστῇ,
985 1658 1038 1709 ἐν
1069 1662 1135 1728 τῷ
1170 1656 1464 1724 ἐγέγραπτο·
1512 1658 1762 1712 Βασιλεὺς
1787 1663 2001 1727 Δαρεῖος
2053 1655 2056 1657 ’

333 1738 569 1812 Πέρσῃσι
597 1746 731 1794 τοῖσι
763 1742 816 1793 ἐν
841 1740 1049 1808 Σάρδισι
1081 1740 1368 1794 ἐντέλλεται
1399 1743 1606 1795 κτείνειν
1636 1742 1891 1809 Ὀροίτεα.
1953 1744 2000 1795 οἱ

333 1827 386 1877 δὲ
417 1826 684 1892 δορυφόροι
715 1825 780 1880 ὡς
809 1825 1030 1891 ἤκουσαν
1059 1831 1225 1886 ταῦτα,
1253 1825 1570 1892 σπασάμενοι
1595 1826 1709 1880 τοὺς
1739 1825 2001 1891 ἀκινάκεας
2025 1848 2075 1877 20

335 1910 582 1961 κτείνουσι
623 1911 898 1977 παραυτίκα
940 1932 1041 1976 μιν.
1129 1911 1254 1962 οὕτω
1294 1910 1352 1974 δὴ
1394 1911 1625 1978 Ὀροίτεα
1665 1910 1751 1963 τὸν
1793 1909 1999 1978 Πέρσην
2059 1918 2064 1922 ”

335 1993 684 2061 Πολυκράτεος
713 1999 799 2046 τοῦ
829 1995 1016 2060 Σαμίου
1045 1996 1203 2049 τίσιες
1231 1998 1497 2061 μετῆλθον.

201 2088 294 2135 129
417 2077 758 2143 Ἀπικομένων
798 2081 852 2131 δὲ
887 2078 966 2130 καὶ
1002 2078 1436 2145 ἀνακομισθέντων
1471 2083 1571 2130 τῶν
1601 2077 1838 2145 Ὀροίτεω
1873 2099 1993 2147 χρη-

332 2160 501 2227 μάτων
547 2165 597 2216 ἐς
640 2165 703 2215 τὰ
747 2167 915 2215 Σοῦσα
959 2162 1218 2228 συνήνεικε
1260 2164 1423 2234 χρόνῳ
1468 2163 1525 2214 οὗ
1570 2167 1743 2232 πολλῷ
1787 2164 1998 2230 ὕστερον

333 2245 559 2311 βασιλέα
592 2252 806 2313 Δαρεῖον
837 2250 890 2299 ἐν
921 2246 1046 2320 ἄγρῃ
1082 2249 1265 2314 θηρίων
1306 2244 1693 2318 ἀποθρῴσκοντα
1731 2245 1814 2298 ἀπ’
1845 2247 1998 2299 ἵππου
2022 2266 2070 2308 25

269 2355 293 2385 2
336 2335 622 2399 στραφῆναι
665 2331 751 2383 τὸν
797 2333 940 2383 πόδα.
1029 2333 1111 2383 καί
1152 2354 1246 2386 κως
1292 2330 1624 2399 ἰσχυροτέρως
1669 2329 1916 2398 ἐστράφη·
1970 2331 1997 2380 ὁ

334 2414 428 2482 γάρ
459 2418 506 2467 οἱ
537 2414 857 2482 ἀστράγαλος
889 2414 1175 2484 ἐξεχώρησε
1206 2418 1259 2467 ἐκ
1291 2421 1388 2468 τῶν
1419 2415 1626 2482 ἄρθρων.
1705 2414 1914 2480 νομίζων
1943 2416 1997 2466 δὲ
2048 2453 2053 2461 ·

336 2499 414 2550 καὶ
453 2501 694 2566 πρότερον
730 2500 841 2566 περὶ
879 2499 1059 2552 ἑωυτὸν
1096 2499 1232 2568 ἔχειν
1264 2499 1546 2567 Αἰγυπτίων
1582 2498 1695 2552 τοὺς
1734 2497 1996 2551 δοκέοντας

393 2654 409 2678 Ι
444 2638 571 2681 θέλων
595 2639 633 2678 R
649 2639 678 2679 S
693 2639 731 2678 V
783 2666 786 2670 ·
922 2652 947 2688 4
976 2639 1073 2680 τάδε
1094 2638 1133 2677 Α
1148 2639 1182 2678 Β
1199 2639 1232 2677 C
1247 2639 1280 2678 P
1426 2637 1571 2685 βιβλία
1593 2637 1626 2674 L
1819 2647 1843 2685 5
1875 2634 1996 2677 ἐόντα

335 2694 486 2744 Haupt
580 2697 807 2748 σφρηγῖδας
827 2694 862 2733 C
955 2695 1050 2747 σφιἹ
1072 2711 1119 2734 τε
1141 2694 1175 2732 C
1285 2694 1312 2731 6
1341 2694 1412 2733 τὰς
1432 2705 1515 2731 om.
1544 2692 1582 2730 R
1598 2690 1680 2730 SV
1792 2702 1814 2740 7
1845 2695 1932 2754 βιβ.
1960 2690 1994 2729 L

336 2762 387 2788 10
415 2749 559 2797 βιβ.Ι,
764 2761 808 2788 11
841 2751 975 2790 οἱοῐῐι.
1001 2748 1187 2793 ABCP
1386 2759 1434 2785 12
1465 2751 1551 2794 βιβ.
1578 2744 1895 2794 CPRSV(1t.
1922 2746 1991 2795 13)

333 2802 801 2910 λ33μὲ’ἕῗζῗ”βῖὶΒ..ιι’
890 2802 1240 2908 Ῑέξὲἱῗζδῖξὲν
1362 2800 1657 2903 ἑῗβτέύὲἒῦ
1815 2812 1865 2893 Ξέ
1893 2804 1994 2905 {5¹}

331 2914 371 2951 A
386 2914 419 2951 B
435 2913 469 2952 C
594 2926 648 2952 20
676 2913 789 2964 τοὺς]
811 2915 882 2954 τὰς
905 2913 938 2951 C
1051 2911 1239 2953 ἀκινάκας
1258 2910 1299 2949 Α
1312 2910 1346 2949 Β
1361 2911 1442 2966 (ΣῬ
1570 2922 1623 2960 25
1655 2913 1782 2963 θηρῶν
1802 2907 1841 2947 A
1856 2908 1891 2947 B
1908 2908 1942 2947 C
1956 2907 1992 2946 P
2060 2905 2070 2911 ⁵

333 2967 450 3007 Suid.
475 2981 508 3007 s.
524 2982 563 3008 v.
587 2968 827 3019 Δημοκήδης
991 2980 1042 3017 27
1074 2968 1207 3021 &Opem
1222 2965 1312 3005 RV
