2098 3320
98 103 265 166 IL97

241 260 267 291 2

0 409 260 448 ,ὴνοῐίλῖ-ι

0 468 267 499 νιν-Μ

192 658 267 721 98

930 107 979 155 H
998 107 1361 157 ΡΟΔΟΤΟΤ

302 240 388 288 τοῦ
411 241 634 302 ποταμοῦ
657 238 792 290 ἀλλὰ
815 239 897 291 διὰ
920 237 1079 304 μέσου
1102 243 1188 291 τοῦ
1218 240 1403 291 πεδίου.
1479 239 1530 293 ἐς
1557 236 1650 304 μέν
1674 259 1732 306 γε
1755 237 1968 308 Μέμφιν

303 322 358 372 ἐκ
381 320 692 389 Ναυκράτιος
723 321 1026 376 ἀναπλέοντι
1056 323 1172 390 παρ’
1198 323 1348 377 αὐτὰς
1369 325 1458 377 τὰς
1481 324 1756 390 πυραμίδας
1779 324 1969 391 γίνεται

303 406 330 455 ὁ
362 405 534 459 πλόος·
582 405 692 458 ἔστι
725 410 779 459 δὲ
810 407 897 459 οὐκ
936 408 1093 467 οὗτος,
1129 410 1263 460 ἀλλὰ
1299 409 1431 475 παρὰ
1468 411 1523 459 τὸ
1555 405 1644 471 ὀξὺ
1680 412 1766 459 τοῦ
1799 407 1969 460 Δέλτα

305 489 383 540 καὶ
404 491 536 556 παρὰ
559 490 892 558 Κερκάσωρον
911 492 1078 544 πόλιν·
1127 494 1177 546 ἐς
1201 494 1253 544 δὲ
1278 492 1564 558 Ναύκρατιν
1587 491 1684 543 ἀπὸ
1703 489 1969 557 θαλάσσης

306 575 384 625 καὶ
425 575 672 640 Κανώβου
714 578 794 627 διὰ
837 577 1006 629 πεδίου
1049 574 1220 628 πλέων
1261 575 1395 641 ἥξεις
1440 575 1543 627 κατ’
1580 574 1872 627 ’Άνθυλλάν
1914 597 1968 629 τε
1993 599 2016 639 5

303 658 454 709 πόλιν
493 660 572 711 καὶ
608 659 698 724 τὴν
735 659 1045 729 Ἀρχάνδρου
1083 659 1404 726 καλευμένην.
1482 658 1697 712 τουτέων
1734 662 1787 712 δὲ
1815 655 1850 724 ἧ
1876 662 1968 725 μὲν

0 755 102 807 Q
116 755 220 793 hau
236 740 563 794 L-”AvHvAAa
578 744 730 795 ἐοῦσα
747 745 931 811 λογίμη
963 745 1109 798 πόλις
1129 742 1494 811 ε’ςᾈζποδήματα
1514 742 1762 811 ἐξαίρετος
1781 745 1970 796 δίδοται

96 805 249 848 §Quo

242 933 267 964 2

0 1100 57 1148 ,Ὗ
75 1088 243 1156 Ρυωή-

303 831 391 877 τοῦ
442 827 538 879 αἰεὶ
589 829 952 891 βασιλεύοντος
1004 828 1258 896 Αἰγύπτου
1308 836 1369 901 τῇ
1417 829 1627 896 γυναικί.
1714 832 1858 880 τοῦτο
1915 830 1970 880 δὲ

304 913 495 978 γίνεται
535 911 595 977 ἐξ
626 913 749 965 ὅσου
785 914 878 965 ὑπὸ
917 912 1157 985 Πέρσῃσί
1187 915 1298 965 ἐστι
1335 914 1600 980 Αἴγυπτος.
1677 911 1707 977 ἡ
1740 914 1793 964 δὲ
1827 910 1968 980 ἑτέρη
2077 956 2088 966 .

306 996 454 1048 πόλις
485 995 645 1048 δοκέει
673 1018 756 1062 μοι
786 1001 842 1047 τό
874 997 1060 1062 οὕνομα
1086 996 1222 1065 ἔχειν
1247 996 1344 1050 ἀπὸ
1374 1001 1462 1048 τοῦ
1487 1000 1689 1048 Δαναοῦ
1717 981 2098 1064 γαμβροῦ,’ἷ3’“

307 1078 614 1148 Ἀρχάνδρου
634 1086 758 1150 τοῦ·
742 1082 900 1133 Φθίου
922 1081 1251 1155 τοιζΑχαιοῦ·
1300 1080 1528 1133 καλέεται
1550 1082 1644 1148 γὰρ
1668 1079 1726 1145 δὴ
1750 1079 2098 1149 Ἀρχάν-νκψ

0 1158 290 1201 'Qec-‘m
308 1167 423 1230 ὅρου
454 1165 617 1219 πόλις.
693 1167 765 1230 εἴη
799 1164 839 1216 δ’
863 1165 924 1217 ἂν
955 1166 1035 1217 καὶ
1065 1165 1223 1220 ἄλλος
1252 1187 1325 1220 τις
1349 1164 1677 1233 ”Αρχανδρος,
1711 1165 1768 1217 οὗ
1796 1162 1971 1231 μέντοι

191 1350 267 1399 99

306 1270 365 1315 γε
396 1249 669 1316 Αἰγύπτιον
699 1249 756 1301 τὸ
786 1250 986 1316 οὕνομα.

392 1332 567 1402 Μέχρι
601 1336 693 1399 μὲν
728 1334 902 1386 τούτου
938 1337 1057 1402 ὄψις
1097 1357 1153 1387 τε
1189 1334 1280 1400 ἐμὴ
1327 1335 1407 1386 καὶ
1447 1334 1617 1401 γνώμη
1656 1333 1735 1386 καὶ
1774 1333 1966 1399 ἱστορίη

307 1421 462 1468 ταῦτα
495 1417 719 1484 λέγουσά
757 1420 883 1478 ἐστι,
921 1418 978 1470 τὸ
1015 1422 1067 1471 δὲ
1106 1418 1203 1472 ἀπὸ
1241 1422 1383 1470 τοῦδε
1421 1419 1719 1485 Αἰγυπτίους
1759 1416 1968 1486 ἔρχομαι
1996 1435 2045 1479 15

242 1550 245 1554 ,
307 1502 488 1568 λόγους
521 1502 672 1570 ε’ρέων
704 1505 826 1554 κατὰ
855 1505 917 1554 τὰ
945 1502 1142 1568 ἤκουον·
1188 1500 1469 1570 προσέσται
1501 1500 1554 1554 δέ
1585 1523 1632 1553 τι
1661 1501 1856 1554 αὐτοῖσι
1887 1501 1970 1554 καὶ.

0 1607 270 1737 ΜΜᾼΜΖ

0 1913 97 1967 a?

0 1973 114 2003 Μ

244 2112 268 2156 3

307 1589 393 1650 τῆς
426 1589 545 1651 ε’μῆς
576 1588 741 1655 ὄψιος.
817 1592 956 1639 Μῖνα
979 1587 1066 1640 τὸν
1090 1593 1285 1655 πρῶτον
1307 1587 1693 1654 βασιλεύσαντα
1717 1585 1968 1653 Αἰγύπτου

307 1673 352 1721 οἱ
385 1670 509 1737 ἱρέες
541 1670 719 1739 ἔλεγον
748 1676 890 1723 τοῦτο
918 1675 1011 1737 μὲν
1041 1673 1432 1743 ἀπογεφυρῶσαι
1469 1667 1584 1738 [καὶ]
1615 1670 1704 1735 τὴν
1735 1667 1962 1737 Μέμφιν.

308 1758 394 1806 τὸν
432 1757 526 1822 γὰρ
569 1755 791 1822 ποταμὸν
828 1756 990 1808 πάντα
1027 1755 1159 1824 ῥέειν
1196 1758 1328 1823 παρὰ
1367 1755 1424 1808 τὸ
1462 1758 1574 1823 ὅρος
1613 1754 1670 1807 τὸ
1708 1753 1970 1822 ψάμμινον

308 1838 429 1906 πρὸς
460 1840 669 1905 Λιβύης,
695 1840 782 1892 τὸν
806 1843 858 1892 δὲ
892 1845 1031 1893 Μῖνα
1060 1840 1265 1899 ἄνωθεν,
1298 1841 1422 1892 ὅσον
1453 1862 1507 1892 τε
1534 1838 1707 1892 ἑκατὸν
1738 1838 1970 1892 σταδίους
1996 1855 2047 1884 20

146 1908 330 1942 'Qu-bfo
385 1923 399 1942 x

308 1945 405 1989 απο
437 1923 691 1992 Μέμφιος,
731 1924 817 1976 τὸν
853 1925 1326 1993 πρὸς-μεσαμβρίης
1362 1925 1560 1992 ἀγκ-ᾥνα
1599 1923 2098 1993 προσχῴ,,σα.ντα,ῃξῃῖῗζ1

306 2007 362 2059 τὸ
380 2010 471 2073 μὲν
496 2010 704 2077 ἀρχαῖον
722 2008 925 2076 ῥέεθρον
944 2009 1265 2076 ἀποξηρῆναι,
1290 2009 1378 2061 τὸν
1397 2011 1450 2060 δὲ
1469 2007 1689 2074 ποταμὸν
1709 2009 1972 2075 ὀχετ-ςῦσαι
1982 2012 2098 2090 mg

308 2091 363 2142 τὸ
402 2089 560 2157 μέσον
599 2098 699 2144 τῶν
738 2091 894 2159 ὀρέων
928 2093 1075 2160 ῥέειν.
1153 2094 1223 2145 ἔτι
1259 2096 1312 2145 δὲ
1355 2094 1432 2145 καὶ
1473 2098 1559 2144 νῦν
1598 2091 1693 2143 ὑπὸ
1729 2089 1989 2158 Περσέων*

309 2177 335 2225 ὁ
366 2177 531 2242 ἀγκὼν
563 2177 705 2230 οὗτος
736 2183 820 2228 τοῦ
852 2178 1055 2236 Νείλου,
1083 2178 1147 2231 ὡς
1172 2174 1480 2244 ἀπεργμένος
1509 2175 1612 2248 ῥέῃ,
1642 2178 1692 2227 ἐν
1718 2175 1971 2246 φυλακῇσι

308 2259 563 2332 μεγάλῃσι
585 2262 767 2329 ἔχεται,
791 2263 1147 2328 φρασσόμενος
1167 2262 1261 2313 ἀνὰ
1281 2265 1379 2314 πᾶν
1399 2261 1522 2314 ἔτος·
1563 2261 1604 2311 εἰ
1625 2260 1718 2327 γὰρ
1738 2257 1972 2322 ἐθελήσει
1996 2275 2044 2315 25

310 2342 461 2409 ῥήξας
496 2346 775 2412 ὑπερβῆναι
813 2346 839 2395 ὁ
875 2346 1093 2411 ποταμὸς
1128 2345 1295 2417 ταύτῃ,
1341 2347 1562 2397 κίνδυνος
1606 2342 1746 2414 πάσῃ
1791 2341 1971 2408 Μέμφι

367 2496 391 2521 2
421 2484 677 2524 ἀναπλώοντι
700 2483 733 2521 L
758 2482 858 2534 (-όο-
882 2483 936 2534 C)
1125 2495 1153 2534 3
1183 2483 1264 2524 οὐδ’
1286 2482 1325 2521 Α
1340 2483 1374 2521 Β
1392 2483 1424 2521 C
1441 2483 1474 2521 P
1630 2480 1746 2523 οὗτος
1765 2480 1805 2532 (ὃ
1827 2478 1972 2534 ε’ωθῶς)

311 2537 431 2576 Stein
642 2550 667 2587 5
712 2537 898 2586 Κανόβου
938 2538 977 2576 R
1179 2540 1207 2576 6
1248 2538 1325 2587 τὴν
1362 2550 1440 2576 om.
1486 2537 1525 2576 R
1548 2538 1578 2576 S
1599 2537 1638 2575 V
1833 2538 1860 2574 8
1899 2539 1972 2576 τοῦ

311 2605 393 2631 om.
420 2593 459 2630 R
571 2593 630 2633 ἀεὶ
650 2592 690 2631 Α
708 2593 743 2631 Β
937 2606 964 2642 9
993 2592 1087 2633 ὅτου
1110 2592 1140 2631 S
1330 2605 1373 2631 11
1405 2592 1484 2644 γὰρ
1511 2605 1594 2630 om.
1616 2591 1656 2630 R
1843 2590 1892 2630 16
1920 2591 1973 2631 τὰ

311 2660 394 2686 om.
435 2648 461 2685 d
588 2650 787 2701 πρόσεστι
828 2649 858 2688 S
879 2648 917 2686 V
1055 2647 1100 2688 δὲ
1139 2647 1297 2688 αὐτοῖσί
1333 2664 1374 2687 τι
1413 2648 1477 2687 καὶ
1498 2645 1556 2684 -Α
1577 2645 1612 2684 Β
1636 2646 1669 2684 C
1689 2660 1697 2684 ε
1745 2643 1790 2685 δέ
1826 2660 1866 2686 τι
1906 2644 1971 2684 καὶ

312 2705 469 2742 αὐτοῖσι
491 2703 555 2743 καὶ
578 2702 618 2741 R
633 2702 662 2741 S
677 2703 737 2743 V:
769 2702 817 2744 δέ
833 2720 873 2744 τι
894 2703 959 2743 καὶ
981 2704 1139 2743 αὐτοῖσι
1159 2702 1202 2743 τί
1221 2703 1285 2743 καὶ
1308 2701 1340 2740 Ρ
1362 2701 1444 2751 (pr.
1470 2701 1534 2741 καὶ
1555 2700 1659 2750 del.)
1822 2711 1868 2748 17
1898 2699 1971 2739 τὸν

313 2763 363 2795 Μ.
394 2761 554 2809 πρῶτον
579 2756 670 2796 ΑΒ
688 2757 721 2795 C
739 2758 800 2797 P:
837 2758 912 2799 τὸν
942 2764 995 2798 Μ.
1027 2757 1101 2798 τὸν
1129 2760 1286 2810 πρῶτον
1317 2755 1452 2794 RSV
1562 2758 1680 2804 Μῆνα
1710 2755 1749 2792 R
1783 2754 1906 2804 (corr.
1934 2765 1966 2801 Ι,

312 2811 355 2850 it.
394 2812 470 2862 20)
502 2811 540 2849 V
653 2814 703 2851 18
741 2815 888 2853 τοῦτον
919 2811 953 2850 Ρ
1044 2813 1110 2852 καὶ
1138 2824 1218 2851 om.
1254 2810 1391 2850 RSV
1505 2822 1554 2859 19
1582 2809 1772 2860 ψίμμινον
1801 2808 1841 2846 R
1859 2806 1971 2847 SV:

311 2864 487 2917 ψάμμιον
508 2866 542 2904 Ρ
689 2879 738 2905 21
770 2868 843 2908 τὸν
862 2879 943 2906 om.
970 2866 1010 2905 R
1025 2867 1056 2906 S
1071 2866 1109 2904 V
1228 2864 1481 2917 μεσημβρίης
1501 2863 1540 2902 Α
1554 2864 1589 2903 Β
1606 2864 1639 2902 C
1791 2875 1844 2901 22
1874 2863 1970 2902 ἀπο-

312 2924 474 3014 οξδηραναι
503 2921 537 2960 L
596 2976 630 3013 L
686 2934 737 2971 24
768 2922 837 2974 ὣς]
860 2923 904 2963 ὃς
925 2921 951 2960 d
1053 2919 1324 2974 ἀπεργόμενος
1345 2919 1405 2958 Ac
1434 2920 1597 2972 (ἀπερχ.
1620 2916 1696 2971 ΑῙ)
1711 2918 1746 2956 Β
1763 2917 1797 2955 C
1897 2914 1968 2969 ῥέῃ

350 2976 434 3014 tein
455 2989 463 3014 :
493 2974 573 3029 ῥέει
1344 3013 1347 3017 ,
