2098 3320
48 110 114 159 11.
133 122 198 171 35

850 110 1280 160 ΗΡΟΔΟΤΟΤ

179 262 203 306 3
236 239 490 310 τὰᾶχθεα
517 243 565 300 οἱ
594 244 687 307 μὲν
715 241 890 310 ἄνδρες
925 243 1007 296 ἐπὶ
1042 247 1140 295 τῶν
1179 241 1440 311 κεφαλέων
1470 240 1730 308 φορέουσι,
1762 243 1813 294 αἱ
1842 243 1897 293 δὲ

135 1006 202 1063 36

237 329 465 391 γυναῖκες
497 326 579 377 ἐπὶ
607 331 706 379 τῶν
742 326 905 398 ὤμων.
992 325 1220 395 οὐρέουσι
1255 327 1306 379 αἱ
1344 328 1437 392 μὲν
1473 329 1699 393 γυναῖκες
1734 324 1894 392 ὀρθαί,

239 411 285 460 οἱ
336 411 390 460 δὲ
440 408 614 477 ἄνδρες
675 409 954 476 κατήμενοι.
1064 411 1296 482 εὐμαρείῃ
1354 409 1600 478 χρέωνται
1652 411 1706 461 ἐν
1762 413 1898 461 τοῖσι

239 495 442 557 οἴκοισι,
486 495 715 547 ἐσθίουσι
759 498 813 548 δὲ
853 493 948 559 ἔξω
994 497 1048 548 ἐν
1091 496 1209 568 τῇσι
1253 497 1431 553 ὁδοῖσι,
1475 492 1792 560 ἐπιλέγοντες
1833 492 1898 546 ὣς

238 579 300 629 τὰ
352 580 444 643 μὲν
491 580 679 648 αἰσχρὰ
731 580 976 647 ἀναγκαῖα
1022 582 1075 632 δὲ
1124 582 1177 632 ἐν
1229 579 1499 648 ἀποκρύφῳ
1550 578 1661 630 ἐστὶ
1711 575 1898 629 ποιέειν
1922 601 1944 642 5

239 663 407 729 χρεόν,
454 665 515 714 τὰ
560 666 613 716 δὲ
656 663 722 728 μὴ
776 666 966 733 αἰσχρὰ
1014 664 1317 731 ἀναφανδόν.
1426 665 1586 729 ἱρᾶται
1634 660 1755 728 γυνὴ
1807 663 1899 727 μὲν

241 746 444 812 οὐδεμία
474 747 584 800 οὔτε
617 748 823 815 ἔρσενος
858 752 972 801 θεοῦ
1013 749 1125 801 οὔτε
1164 747 1363 813 θηλέης,
1396 746 1570 814 ἄνδρες
1606 748 1659 798 δὲ
1700 743 1900 798 πάντων

240 853 292 883 τε
348 831 427 882 καὶ
479 830 697 884 πασέων.
785 831 990 901 τρέφειν
1040 832 1152 886 τοὺς
1202 831 1376 885 τοκέας
1426 836 1560 883 τοῖσι
1610 833 1702 895 μὲν
1753 829 1902 881 παισὶ

244 914 446 980 οὐδεμία
476 915 664 983 ἀνάγκη
697 915 762 982 μὴ
800 916 1175 982 βουλομένοισι,
1210 917 1327 988 τῇσι
1364 918 1418 967 δὲ
1455 913 1730 982 θυγατράσι
1760 917 1902 965 πᾶσα

244 999 431 1065 ἀνάγκη
476 1000 553 1052 καὶ
593 1000 658 1066 μὴ
701 1001 1060 1073 βουλομένῃσι.
1150 1003 1196 1053 οἱ
1237 999 1364 1067 ἱρέες
1403 1004 1501 1052 τῶν
1541 1002 1667 1051 θεῶν
1710 998 1770 1070 τῇ
1809 1000 1902 1063 μὲν
1930 1019 1977 1048 10

243 1083 375 1155 ἄλλῃ
422 1089 627 1149 κομῶσι,
676 1087 729 1137 ἐν
783 1085 1016 1155 Αἰγύπτῳ
1062 1088 1114 1138 δὲ
1159 1084 1415 1152 ξυρῶνται.
1519 1089 1653 1135 τοῖσι
1695 1081 1903 1134 ἄλλοισι

243 1168 551 1233 ἀνθρώποισι
595 1170 745 1234 νόμος
788 1168 889 1235 ἅμα
935 1169 1069 1235 κήδεϊ
1115 1168 1345 1236 κεκάρθαι
1389 1170 1476 1221 τὰς
1522 1168 1747 1234 κεφαλὰς
1788 1165 1903 1219 τοὺς

0 1251 466 1342 Ιβψςζιξῖῶκὲ,μάλιστα
504 1252 728 1316 ἱκνέεται,
771 1254 1036 1320 Αἰγύπτιοι
1069 1256 1123 1306 δὲ
1159 1253 1254 1305 ὑπὸ
1289 1253 1403 1306 τοὺς
1440 1250 1680 1304 θανάτους
1720 1251 1904 1302 ἀνιεῖσι

182 1440 204 1471 2

0 2271 22 2314 ὒὶ

185 2282 212 2323 4-

244 1358 331 1389 τας
361 1337 533 1404 τρίχας
565 1335 803 1402 αὔξεσθαι
842 1336 930 1391 τάς
975 1359 1028 1390 τε
1070 1339 1124 1389 ἐν
1162 1339 1221 1409 τῇ
1261 1337 1457 1408 κεφαλῇ
1497 1335 1576 1386 καὶ
1611 1340 1676 1404 τῷ
1706 1334 1901 1403 γενείῳ,

245 1419 367 1474 τέως
418 1419 721 1487 ἐξυρημένοι.
810 1427 945 1474 τοῖσι
992 1424 1085 1487 μὲν
1131 1421 1340 1473 ἄλλοισι
1390 1420 1696 1487 ἀνθρώποισι
1751 1418 1905 1486 χωρὶς
1932 1437 1978 1479 ζῇ

239 1505 429 1570 θηρίων
462 1501 536 1570 <ῆ>
567 1507 729 1557 δίαιτα
753 1504 1085 1573 ἀποκέκριται,
1114 1506 1431 1572 Αἰγυπτίοισι
1462 1506 1515 1556 δὲ
1538 1505 1659 1568 ὁμοῦ
1689 1502 1906 1568 θηρίοισι

247 1588 276 1652 ἡ
330 1588 492 1640 δίαιτά
539 1591 663 1641 ἐστι.
754 1589 853 1641 ἀπὸ
905 1595 1069 1656 πυρῶν
1119 1590 1197 1641 καὶ
1247 1587 1451 1656 κριθέων
1502 1589 1660 1639 ὧλλοι
1707 1586 1903 1650 ζώουσι,

250 1673 534 1739 Αἰγυπτίων
570 1676 623 1725 δὲ
664 1679 731 1744 τῷ
772 1673 1045 1744 ποιευμένῳ
1087 1673 1184 1726 ἀπὸ
1223 1673 1410 1725 τούτων
1447 1670 1538 1736 τὴν
1577 1672 1689 1735 ζόην
1719 1672 1907 1723 ὄνειδος

249 1755 490 1823 μέγιστόν
542 1759 669 1821 ἐστι,
717 1759 851 1810 ἀλλὰ
902 1758 999 1810 ἀπὸ
1046 1757 1267 1825 ὀλυρέων
1314 1760 1569 1809 ποιεῦνται
1619 1756 1771 1813 σιτία,
1819 1754 1942 1842 τὰςΙ
2041 1792 2056 1838 2

252 1842 381 1904 ζειὰς
418 1839 729 1909 μετεξέτεροι
770 1841 1021 1895 καλέουσι.
1112 1847 1308 1909 φυρῶσι
1352 1845 1406 1892 τὸ
1450 1842 1542 1905 μὲν
1587 1844 1730 1907 σταῖς
1774 1842 1909 1890 τοῖσι
1934 1855 1983 1883 20

251 1925 389 1984 ποσί,
444 1925 530 1978 τὸν
582 1929 635 1979 δὲ
687 1926 849 1991 πηλὸν
894 1928 1015 1997 τῇσι
1059 1915 1211 1995 χερσί
1254 1922 1352 1991 [καὶ
1398 1924 1488 1989 τὴν
1537 1924 1720 1990 κόπρον
1768 1923 1905 1974 ἀναι-

249 2008 480 2076 ρέονται].
570 2012 631 2062 τὰ
674 2012 838 2063 αἰδοῖα
880 2012 1037 2062 ῶλλοι
1075 2013 1166 2075 μὲν
1210 2012 1332 2062 ἐῶσι
1377 2009 1440 2062 ὡς
1485 2006 1733 2075 ἐγένοντο,
1776 2004 1909 2070 πλὴν

250 2094 366 2145 ὅσοι
424 2093 522 2145 ἀπὸ
579 2094 766 2147 τούτων
824 2094 1024 2160 ἔμαθον,
1079 2094 1341 2161 Αἰγύπτιοι
1399 2095 1452 2145 δὲ
1510 2090 1906 2159 περιτάμνονται.

252 2177 428 2242 εἵματα
458 2183 556 2230 τῶν
584 2181 676 2244 μὲν
707 2179 897 2245 ἀνδρῶν
928 2179 1138 2233 ἕκαστος
1174 2177 1280 2246 ἔχει
1317 2177 1418 2236 δύο,
1451 2181 1550 2229 τῶν
1580 2178 1634 2228 δὲ
1663 2178 1909 2242 γυναικῶν

253 2260 306 2313 ἓν
358 2261 559 2327 ἑκάστη.
648 2268 747 2315 τῶν
800 2263 971 2315 ἱστίων
1021 2263 1136 2317 τοὺς
1190 2262 1381 2329 κρίκους
1436 2260 1514 2312 καὶ
1564 2259 1677 2313 τοὺς
1730 2258 1909 2312 κάλους
1934 2273 1982 2314 25

253 2347 299 2396 οἱ
350 2348 442 2410 μὲν
488 2346 638 2398 ἄλλοι
686 2345 869 2411 ἔξωθεν
916 2346 1237 2413 προσδέουσι,
1289 2345 1550 2412 Αἰγύπτιοι
1596 2346 1648 2395 δὲ
1700 2343 1905 2395 ἔσωθεν.

253 2428 515 2496 γράμματα
543 2429 796 2499 γράφουσι
835 2433 915 2484 καὶ
954 2432 1238 2498 λογίζονται
1276 2428 1504 2497 ψήφοισι
1535 2427 1788 2492 “Ελληνες
1817 2428 1908 2492 μὲν

307 2579 333 2615 3
363 2567 574 2618 καθήμενοι
598 2569 635 2607 R
652 2569 732 2608 SV
842 2569 1067 2624 εὐμαρέη(ι)
1095 2570 1127 2608 L
1238 2581 1259 2617 4
1291 2568 1460 2613 τοῖσι(ν“)
1486 2566 1625 2615 ΟΚΥ
1735 2577 1760 2615 5
1784 2567 1912 2605 ποιεῖν

257 2621 294 2660 R
310 2623 346 2660 V
490 2624 517 2660 6
548 2625 677 2676 χρεών
699 2624 732 2662 C
749 2624 781 2662 E
803 2624 919 2664 Stob.
947 2625 985 2663 ss.
1011 2637 1076 2673 40,
1103 2637 1151 2674 74
1264 2623 1326 2675 ἱρά
1346 2621 1397 2662 τέ
1417 2622 1454 2659 R
1473 2621 1553 2660 SV
1694 2634 1714 2670 7
1746 2619 1909 2670 οὐδεμίη

257 2676 293 2714 R
323 2676 380 2727 xit.
404 2679 451 2726 9³1
476 2677 558 2716 SV
572 2678 605 2716 P
821 2693 848 2728 9
877 2682 996 2733 τῇσι.
1017 2709 1026 2718 .
1048 2709 1057 2718 .
1075 2685 1241 2727 βουλομ.
1261 2691 1345 2716 om.
1369 2678 1403 2715 C
1552 2677 1771 2728 θυγατρῆσι
1795 2674 1833 2712 R
1849 2675 1879 2712 S
1900 2688 1908 2712 :

255 2735 401 2782 -τροῖσι
422 2731 460 2769 V
522 2753 541 2764 v
630 2746 678 2772 10
706 2736 773 2786 ἱερ.
800 2734 837 2771 R
986 2747 1027 2771 11
1063 2732 1238 2784 κομόωσι
1255 2731 1358 2772 SV:
1391 2730 1606 2782 κομόουσιν
1623 2731 1689 2770 R:
1719 2727 1907 2780 κομέουσι

255 2785 292 2823 Α
308 2786 341 2823 Β
356 2786 388 2823 C
405 2786 438 2823 Ρ
594 2792 762 2840 ξυρῶντε
788 2789 822 2826 R
842 2803 850 2827 :
881 2793 1071 2842 ξηρῶνται
1094 2788 1199 2827 SV:
1229 2789 1431 2840 ξυροῦνται
1452 2785 1490 2824 Α
1505 2785 1540 2824 Β
1559 2799 1568 2824 :
1597 2787 1801 2836 ξηρεῦνται
1825 2781 1872 2820 C'
1898 2795 1906 2820 :

255 2843 457 2891 ξυρεῦνται
481 2842 512 2879 Ρ
527 2842 580 2879 (2²
723 2846 771 2881 16
801 2844 824 2891 ἡ
845 2843 940 2882 add.
964 2843 1169 2882 Schaeser
1302 2853 1347 2889 17
1380 2845 1521 2892 κριθῶν
1543 2840 1581 2878 R
1597 2839 1677 2878 SV
1788 2838 1906 2878 ἄλλοι

258 2894 295 2932 R
311 2895 340 2932 S
355 2894 392 2931 V
581 2899 627 2934 18
660 2896 760 2946 ζώην
782 2896 836 2935 Λι
852 2898 885 2937 C
901 2898 931 2936 S
1117 2909 1165 2947 19
1195 2893 1400 2945 ὄλλυρέων
1421 2894 1460 2934 R
1475 2895 1505 2932 S
1519 2894 1557 2932 V
1738 2906 1790 2930 20
1821 2890 1906 2940 ζεᾶς

254 2947 343 2990 ΑΒ
358 2950 390 2986 C
408 2949 438 2987 P
549 2954 649 2991 στᾶς
673 2952 711 2990 R
728 2952 763 2989 V
942 2964 990 2990 21
1024 2955 1133 2992 τοῖσι
1152 2950 1190 2988 V
1208 2964 1216 2988 :
1246 2953 1334 2990 ταῖς
1356 2949 1387 2988 S
1500 2949 1563 2989 καὶ
1585 2976 1594 2987 .
1622 2976 1630 2986 .
1658 2945 1906 2999 ἀναιρέονται

254 3002 423 3042 seclusa
443 3016 523 3043 om.
547 3005 585 3043 R
602 3006 631 3044 S
645 3005 682 3044 V
699 3004 746 3043 Ρι
912 3018 964 3045 22
995 3006 1115 3048 ἄλλοι
1139 3005 1169 3046 S
1182 3004 1220 3044 V
