2098 3320
774 55 1155 103 ΙΣΤΟΡΙΩΝ
1216 57 1255 103 Β
1886 56 2059 119 11.137

177 188 276 238 τῶν
323 186 411 237 τὰς
459 183 701 252 διώρυχας
747 181 1028 250 ὀρυξάντων
1079 184 1162 236 ἐπὶ
1210 183 1530 250 Σεσώστριος
1580 181 1845 248 βασιλέος,

179 268 382 335 δεύτερα
411 270 465 320 δὲ
495 268 576 320 ἐπὶ
615 271 701 318 τοῦ
742 269 999 327 Αἰθίοπος,
1046 269 1124 320 καὶ
1167 267 1319 335 κάρτα
1358 267 1554 335 ὑψηλαὶ
1594 265 1847 335 ἐγένοντο.

177 350 417 420 ὑψηλέων
447 354 500 404 δὲ
544 351 622 403 καὶ
659 351 840 419 ἑτέρων
871 351 1154 419 γενομένων
1187 354 1241 405 ἐν
1273 353 1332 424 τῇ
1370 352 1605 421 Αἰγύπτῳ
1636 353 1845 410 πολίων,
1885 372 1906 419 5

179 436 245 490 ὦς
276 437 385 502 ἐμοὶ
416 435 592 495 δοκέει,
621 435 847 502 μάλιστα
877 437 906 501 ἡ
937 438 991 489 ἐν
1023 435 1282 503 Βουβάστι
1312 437 1460 491 πόλις
1491 433 1768 504 ἐξεχώσθη,
1795 437 1849 488 ἐν

130 545 153 586 5
179 521 236 593 τῇ
255 520 335 572 καὶ
360 521 465 588 ἱρόν
490 522 601 572 ἐστι
624 520 939 587 Βουβάστιος
965 515 1439 589 ἀξιαπηγητότατον·
1485 519 1614 586 μέζω
1639 522 1730 585 μὲν
1753 522 1850 587 γὰρ

179 604 315 656 ἄλλα
346 605 425 657 καὶ
456 603 910 672 πολυδαπανώτερά
942 607 1054 657 ἐστι
1085 604 1179 673 ἱρά,
1211 604 1362 670 ἡδονὴ
1396 607 1448 657 δὲ
1480 602 1675 656 ἰδέσθαι
1707 604 1849 657 οὐδὲν

179 689 355 741 τούτου
396 692 610 754 μᾶλλον·
663 690 692 754 ἡ
735 692 788 741 δὲ
834 690 1122 755 Βούβαστις
1166 691 1289 742 κατὰ
1331 688 1557 741 Ἑλλάδα
1600 688 1849 756 γλῶσσάν

181 775 295 826 ἐστι
337 771 590 840 Ἀρτεμις.
678 773 735 825 τὸ
788 774 829 826 δ’
884 773 988 840 ἱρὸν
1040 774 1189 839 αὐτῆς
1241 776 1336 826 ὧδε
1389 774 1512 842 ἔχει·
1576 772 1709 838 πλὴν
1761 776 1849 837 τῆς
1887 776 1979 838 138

181 858 362 910 ἐσόδου
398 862 452 908 τὸ
490 857 620 909 ἄλλο
657 859 811 923 νῆσός
849 860 975 910 ἐστι·
1030 860 1083 910 ἐκ
1119 860 1216 926 γὰρ
1251 863 1337 910 τοῦ
1381 858 1572 910 Νείλου
1612 857 1850 929 διώρυχες

106 964 156 994 10
181 941 421 1010 ἐσέχουσι
452 942 509 994 οὐ
541 944 919 1010 συμμίσγουσαι
950 942 1226 1015 ἀλλήλῃσι,
1259 942 1374 995 ἀλλ’
1407 942 1524 1011 ἄχρι
1553 944 1641 1007 τῆς
1673 943 1850 994 ἐσόδου

181 1031 268 1078 τοῦ
309 1028 413 1093 ἱροῦ
454 1026 658 1094 ἑκατέρη
703 1026 891 1095 ἐσέχει,
935 1028 965 1092 ἡ
1006 1030 1098 1093 μὲν
1137 1028 1196 1098 τῇ
1237 1026 1582 1094 περιρρέουσα,
1615 1027 1645 1091 ἡ
1677 1029 1730 1079 δὲ
1769 1027 1848 1098 τῇ,

182 1111 320 1178 εὖρος
350 1113 505 1163 ἐοῦσα
536 1105 738 1179 ἑκατέρη
764 1110 939 1164 ἑκατὸν
964 1116 1144 1171 ποδῶν,
1170 1110 1399 1178 δένδρεσι
1431 1111 1710 1164 κατάσκιος.
1787 1112 1850 1162 τὰ
1887 1133 1912 1164 2

179 1198 234 1248 δὲ
273 1197 558 1263 προπύλαια
602 1196 734 1263 ὕψος
779 1198 872 1262 μὲν
905 1188 1037 1248 ’δέκα
1084 1196 1324 1263 ὀργυιέων
1371 1197 1498 1255 ἐστί,
1546 1196 1750 1247 τύποισι
1796 1197 1851 1247 δὲ

182 1277 462 1349 ἑξαπήχεσι
497 1280 825 1333 ἐσκευάδαται
861 1280 1050 1346 ἀξίοισι
1082 1281 1255 1348 λόγου.
1345 1279 1429 1332 ἐὸν
1465 1279 1508 1331 δ’
1540 1282 1594 1332 ἐν
1624 1279 1755 1352 μέσῃ
1787 1279 1846 1350 τῇ

107 1385 154 1427 15
182 1365 303 1416 πόλι
348 1363 404 1416 τὸ
450 1363 554 1432 ἱρὸν
597 1369 863 1432 κατορᾶται
903 1364 1150 1418 πάντοθεν
1195 1366 1453 1432 περιιόντι·
1501 1363 1587 1417 ἅτε
1628 1366 1721 1431 γὰρ
1762 1367 1849 1428 τῆς

183 1449 359 1503 πόλιος
389 1451 482 1514 μὲν
514 1449 893 1518 ἐκκεχωσμένης
929 1451 1080 1517 ὑψοῦ,
1113 1455 1199 1502 τοῦ
1229 1449 1270 1502 δ’
1303 1452 1407 1516 ἱροῦ
1443 1449 1499 1501 οὐ
1531 1447 1850 1514 κεκινημένου

184 1533 249 1587 ὣς
301 1534 519 1602 ἀρχῆθεν
577 1533 801 1599 ἐποιήθη,
851 1534 1069 1587 ἔσοπτόν
1121 1535 1248 1585 ἐστι.
1358 1533 1575 1601 περιθέει
1625 1536 1677 1585 δὲ
1731 1532 1849 1584 αὐτὸ
1885 1553 1910 1596 3

183 1617 390 1683 αἱμασιὴ
444 1617 820 1685 ἐγγεγλυμμένη
879 1619 1098 1670 τύποισι·
1165 1619 1275 1671 ἔστι
1334 1621 1387 1670 δὲ
1446 1619 1637 1670 ἔσωθεν
1688 1616 1850 1671 ἄλσος

183 1701 425 1770 δενδρέων
465 1704 718 1769 μεγίστων
751 1702 1130 1773 ,πεφυτευμένον
1166 1704 1277 1771 περὶ
1319 1702 1439 1767 νηὸν
1478 1702 1653 1770 μέγαν,
1691 1703 1745 1754 ἐν
1786 1702 1852 1772 τῷ

106 1806 157 1834 20
183 1785 241 1850 δὴ
271 1787 511 1854 τῶγαλμα
541 1786 630 1839 ἔνι·
679 1787 819 1854 εὖρος
840 1790 894 1839 δὲ
920 1787 998 1838 καὶ
1027 1790 1180 1853 μῆκος
1202 1792 1289 1838 τοῦ
1323 1789 1427 1853 ἱροῦ
1458 1786 1618 1858 πάντῃ
1644 1786 1848 1838 σταδίου

183 1872 310 1922 ἐστί.
399 1873 522 1922 κατὰ
552 1874 644 1936 μὲν
674 1871 733 1935 δὴ
765 1871 856 1935 τὴν
887 1872 1066 1923 ἔσοδον
1099 1870 1386 1938 ἐστρωμένη
1429 1871 1539 1923 ἐστὶ
1571 1870 1682 1925 ὁδὸς
1706 1871 1850 1922 λίθου
1884 1891 1912 1933 4

182 1955 264 2007 ἐπὶ
292 1957 526 2009 σταδίους
558 1960 688 2022 τρεῖς
724 1954 950 2021 μάλιστά
988 1978 1062 2027 κῃ,
1096 1957 1175 2007 διὰ
1205 1959 1292 2020 τῆς
1323 1957 1507 2022 ἀγορῆς
1539 1954 1767 2022 φέρουσα
1798 1956 1849 2007 ἐς

181 2038 238 2090 τὸ
268 2039 389 2106 πρὸς
418 2039 506 2104 ἠῶ,
542 2040 679 2107 εὖρος
717 2042 771 2091 δὲ
808 2040 873 2094 ὡς
907 2039 1164 2106 τεσσέρων
1202 2038 1449 2106 πλέθρων·
1496 2047 1557 2111 τῇ
1588 2042 1641 2091 δὲ
1679 2039 1758 2090 καὶ
1788 2046 1849 2111 τῇ

181 2126 268 2188 τῆς
299 2125 414 2175 ὁδοῦ
448 2123 651 2192 δένδρεα
691 2123 1032 2191 οὐρανομήκεα
1072 2123 1279 2191 πέφυκε·
1329 2123 1474 2191 φέρει
1504 2123 1545 2174 δ’
1577 2125 1626 2177 ἐς
1654 2122 1848 2190 Ἑρμέω
2031 2165 2056 2198 Ι,

105 2226 152 2266 25
182 2208 302 2274 ἱρόν.
392 2207 449 2260 τὸ
491 2210 584 2274 μὲν
629 2207 687 2272 δὴ
730 2207 833 2275 ἱρὸν
877 2213 1020 2260 τοῦτο
1064 2209 1218 2262 οὕτως
1263 2208 1385 2276 ἔχει.
1476 2207 1852 2277 rQsssQ-rfig
1887 2212 2098 2313 Ῑὸἓῇί

182 2292 480 2360 ἔιπαλλαγῆς
510 2298 596 2344 τοῦ
627 2293 864 2346 Αἰθίοπος
899 2294 995 2345 ὧδε
1025 2292 1204 2360 ἔλεγον
1240 2291 1494 2360 γενέσθαι·
1541 2294 1665 2359 ὄψιν
1696 2294 1750 2344 ἐν
1780 2297 1847 2361 τῷ
2052 2275 2098 2296 ⁶⁸

179 2375 316 2446 ὕπνῳ
357 2375 552 2442 τοιήνδε
594 2377 762 2429 ἰδόντα
797 2376 956 2430 αὐτὸν
1001 2378 1233 2445 οἴχεσθαι
1273 2376 1542 2444 φεύγοντα·
1600 2375 1766 2429 ἐδόκεέ
1801 2378 1848 2427 οἱ

180 2458 335 2527 ἄνδρα
366 2460 643 2514 ἐπιστάντα
673 2461 1042 2527 συμβουλεύειν
1072 2461 1185 2515 τοὺς
1219 2460 1351 2527 ἱρέας
1382 2461 1496 2514 τοὺς
1529 2463 1582 2513 ἐν
1613 2461 1846 2529 Αἰγύπτῳ

181 2543 496 2610 συλλέξαντα
537 2545 727 2600 πάντας
761 2545 947 2612 μέσους
987 2549 1258 2610 διαταμεῖν·
1307 2546 1475 2598 ἰδόντα
1510 2547 1564 2596 δὲ
1598 2544 1688 2608 τὴν
1724 2546 1847 2611 ὄψιν
1888 2566 1914 2597 2

240 2695 257 2722 1
290 2683 392 2738 ὄρυξ.
414 2696 495 2724 om.
521 2683 603 2723 SV
767 2696 793 2733 3
821 2681 1074 2736 γενομένων]
1100 2682 1366 2734 τασσομένων
1385 2682 1425 2721 Α
1440 2682 1475 2721 Β
1492 2683 1526 2721 C
1679 2695 1703 2731 4
1734 2682 1758 2731 ἡ
1781 2682 1845 2734 ε’ν]

179 2737 254 2788 μὲν
273 2737 314 2777 Α
329 2738 363 2777 Β
381 2738 416 2778 C
526 2738 624 2780 πόλι
643 2737 732 2777 ΑΒ
753 2754 762 2778 t
793 2739 913 2780 πόλει
935 2739 969 2778 C
1117 2738 1144 2775 6
1172 2739 1310 2787 ἡδονῆι
1330 2738 1370 2775 Α
1385 2737 1420 2775 Β
1437 2737 1470 2776 C
1485 2737 1519 2776 P
1668 2737 1693 2775 8
1724 2737 1783 2778 ἔτι
1809 2738 1847 2776 R

185 2805 236 2832 10
265 2794 564 2846 συμμίσγονται
586 2793 620 2832 C
782 2807 829 2843 14
860 2793 973 2846 ἀξίως
998 2793 1038 2832 R
1054 2792 1136 2832 SV
1296 2793 1345 2830 16
1376 2790 1692 2844 ἐγκεχωσμένης
1715 2791 1754 2831 R
1769 2792 1798 2831 S
1813 2793 1850 2830 V

184 2859 232 2897 17
263 2847 306 2889 δὲ
326 2861 408 2889 om.
429 2848 462 2886 C
479 2847 570 2887 RV
686 2849 735 2887 18
764 2847 904 2890 τύποις
926 2847 965 2886 R
979 2848 1017 2887 V
1127 2846 1201 2899 μὲν
1222 2848 1350 2888 ἄλσος
1372 2847 1454 2886 SV
1569 2860 1619 2897 19
1649 2855 1847 2898 πεφυτευ·

180 2902 310 2952 μένων
331 2902 418 2942 PR
432 2902 514 2942 SV
696 2914 744 2942 21
777 2905 865 2944 οδὸς
886 2903 1000 2944 λίθου
1022 2903 1137 2943 ἐστὶν
1159 2902 1198 2941 R
1214 2902 1295 2941 SV
1461 2914 1513 2951 24
1545 2904 1583 2943 ἐς
1605 2915 1686 2941 om.
1711 2901 1750 2939 A
1765 2901 1799 2940 B
1813 2902 1847 2942 C

182 2969 234 3007 25
264 2970 318 2996 an
339 2958 417 3006 τὴν
438 2958 712 3010 ἆπαλλαγὴνῖ
879 2971 932 3009 29
962 2956 1192 3007 διαταμέειν
1212 2957 1251 2996 Α
1265 2957 1300 2996 Β
1320 2971 1328 2997 :
1359 2956 1510 3008 -μεύειν
1530 2957 1564 2996 C
