2098 3320
739 18 1119 91 ιΣΤοΡιΩΝ
1180 42 1220 91 Γ
1484 54 1488 58 ·
1862 42 1954 93 111.
1982 45 2051 93 26

148 195 289 242 μενοι
324 176 416 241 μὲν
457 173 672 242 φανεροί
709 172 810 224 εἶσι
854 174 905 226 ἐς
937 170 1129 224 ’Όασιν
1171 171 1338 231 πόλιν,
1379 169 1471 236 τὴν
1511 169 1689 239 ἔχουσι
1727 172 1822 236 μὲν

150 259 327 326 Σάμιοι
371 260 459 324 τῆς
500 258 837 326 Αἰσχριωνίης
878 259 1044 324 φυλῆς
1084 257 1352 324 λεγόμενοι
1393 254 1535 315 εἶναι,
1569 253 1821 324 ἀπέχουσι
1878 313 1880 315 ,

149 348 203 398 δὲ
233 345 358 397 ἑπτὰ
387 341 610 410 ἡμερέων
640 342 755 393 ὁδὸν
786 341 884 394 ἀπὸ
910 340 1134 406 Θηβέων
1165 342 1245 393 διὰ
1269 338 1495 408 ψάμμου,
1528 338 1822 406 ὀνομάζεται

149 432 202 482 δὲ
231 429 258 480 6
287 432 451 498 χῶρος
475 426 616 480 οὗτος
641 426 764 478 κατὰ
793 424 1060 491 Ἑλλήνων
1091 430 1338 493 γλῶσσαν
1370 423 1624 492 Μακάρων
1655 427 1818 489 νῆσοι.

103 537 124 577 5
151 515 202 567 ἐς
229 515 321 579 μὲν
352 512 409 577 δὴ
433 516 608 564 τοῦτον
630 510 718 563 τὸν
747 515 912 579 χῶρον
940 509 1145 578 λέγεται
1175 508 1442 563 ἀπικέσθαι
1465 508 1553 562 τὸν
1586 510 1818 577 στρατόν,
1862 529 1886 561 2

149 597 206 650 τὸ
237 599 463 650 ἐνθεῦτεν
494 595 564 656 δέ,
583 588 672 648 ’ὅτι
700 594 768 662 μὴ
800 595 938 648 αὐτοὶ
968 594 1242 661 Ἀμμώνιοι
1266 594 1346 646 καὶ
1377 596 1424 647 οἱ
1454 593 1643 647 τούτων
1672 594 1819 646 ἀκού-

152 703 347 743 σαντες,
373 680 522 733 ἄλλοι
553 680 751 734 οὐδένες
774 680 916 732 οὐδὲν
948 679 1126 748 ἔχουσι
1158 681 1316 732 εἰπεῖν
1340 679 1453 746 περὶ
1484 677 1662 732 αὐτῶν·
1706 679 1822 731 οὔτε

149 769 245 835 γὰρ
284 768 334 820 ἐς
370 765 485 819 τοὺς
525 764 834 832 Ἀμμωνίους
875 765 1113 818 ἀπίκοντο
1153 764 1268 817 οὔτε
1307 764 1470 817 ὀπίσω
1515 763 1820 828 ἐνόστησαν.

151 850 352 919 λέγεται
392 853 446 903 δὲ
485 851 564 903 καὶ
607 849 725 902 τάδε
764 848 848 902 ὑπ’
881 849 1042 902 αὐτῶν
1073 848 1385 915 Ἀμμωνίων·
1431 848 1601 914 ἐπειδὴ
1643 850 1698 901 ἐκ
1733 850 1819 913 τῆς
1862 869 1885 913 3

81 957 128 986 10
151 934 364 989 Ὀάσιος
392 935 572 1000 ταύτης
604 933 732 987 ἰέναι
765 936 847 986 διὰ
881 937 970 1000 τῆς
1000 933 1212 1002 ψάμμου
1249 935 1329 987 ἐπὶ
1368 932 1548 1002 σφέας,
1582 931 1823 1001 γενέσθαι

150 1042 204 1073 τε
244 1019 419 1073 αὐτοὺς
457 1017 644 1086 μεταξύ
683 1039 768 1071 κου
804 1016 1030 1084 μάλιστα
1066 1018 1227 1071 αὐτῶν
1266 1040 1321 1071 τε
1361 1018 1440 1070 καὶ
1475 1020 1563 1083 τῆς
1593 1016 1820 1078 Ὀάσιος,

150 1104 357 1172 ἄριστον
379 1103 717 1172 αἱρεομένοισι
746 1104 943 1157 αὐτοῖσι
973 1105 1272 1157 ἐπιπνεῦσαι
1296 1104 1444 1156 νότον
1472 1101 1633 1171 μέγαν
1654 1123 1711 1156 τε
1743 1102 1822 1155 καὶ
1888 1156 1899 1177 ,

151 1186 392 1254 ἐξαίσιον,
421 1188 671 1257 φορέοντα
701 1191 755 1241 δὲ
787 1190 926 1243 θῖνας
955 1190 1043 1253 τῆς
1071 1186 1284 1256 ψάμμου
1315 1187 1612 1257 καταχῶσαί
1638 1193 1819 1255 σφεας,
1849 1172 2088 1233 W

152 1273 232 1326 καὶ
262 1275 426 1344 τρόπῳ
456 1273 662 1344 τοιούτῳ
695 1273 1054 1341 ἀφανισθῆναι.
1145 1272 1421 1339 Ἀμμώνιοι
1455 1274 1545 1338 μὲν
1577 1273 1704 1324 οὕτω
1734 1271 1819 1324 λέ-

81 1383 125 1424 15
150 1380 298 1427 γουσι
337 1357 576 1426 γενέσθαι
617 1358 730 1425 περὶ
770 1360 859 1423 τῆς
901 1360 1138 1425 στρατιῆς
1178 1358 1373 1422 ταύτης.
1463 1356 1736 1424 ἀπιγμένου
1768 1359 1821 1409 δὲ
1860 1369 1922 1420 27

153 1443 442 1510 Καμβύσεω
497 1445 547 1498 ἐς
595 1441 808 1510 Μέμφιν
858 1441 1021 1510 ἐφάνη
1072 1442 1393 1509 Αἰγυπτίοισι
1445 1442 1470 1492 ὁ
1513 1440 1683 1501 ςἈπις,
1734 1441 1823 1494 τὸν

142 1526 397 1594 οΈλληνες
419 1526 659 1595 ’Έπαφον
683 1525 938 1580 καλέουσν
981 1526 1255 1595 ἐπιφανέος
1278 1529 1331 1579 δὲ
1354 1526 1529 1579 τούτου
1551 1525 1823 1594 γενομένου

151 1612 330 1666 αὐτίκα
372 1614 419 1666 οἱ
458 1612 726 1680 Αἰγύπτιοι
766 1610 942 1678 εἵματά
984 1632 1040 1664 τε
1085 1611 1299 1679 ἐφόρεον
1342 1612 1403 1663 τὰ
1447 1610 1701 1663 κάλλιστα
1743 1611 1823 1664 καὶ

150 1695 281 1762 ἦσαν
305 1699 358 1749 ἐν
382 1697 606 1769 θαλίῃσι.
684 1697 802 1750 ἰδὼν
832 1699 886 1749 δὲ
909 1700 1064 1748 ταῦτα
1093 1696 1209 1750 τοὺς
1232 1697 1533 1763 Αἰγυπτίους
1563 1700 1822 1751 ποιεῦντας
1859 1720 1883 1751 2

77 1805 128 1834 20
150 1782 176 1833 6
214 1782 511 1847 Καμβύσης,
544 1780 716 1850 πάγχυ
753 1780 917 1848 σφέας
954 1779 1228 1846 καταδόξας
1270 1783 1453 1834 ἑωυτοῦ
1495 1785 1653 1836 κακῶς
1694 1780 1819 1847 πρή·

149 1864 328 1932 ξαντος
350 1867 643 1934 χαρμόσυνα
666 1870 819 1918 ταῦτα
844 1865 1049 1925 ποιέειν,
1079 1864 1254 1918 ἐκάλεε
1277 1866 1392 1919 τοὺς
1418 1865 1710 1932 ἐπιτρόπους
1734 1869 1822 1930 τῆς

151 1949 406 2019 Μέμφιος·
453 1949 768 2017 ἀπικομένων
799 1953 852 2003 δὲ
883 1952 933 2004 ἐς
963 1952 1088 2018 ὄψιν
1121 1952 1278 2018 εἴρετο
1309 1950 1339 2002 ὅ
1373 1971 1419 2002 τι
1451 1950 1694 2018 πρότερον
1730 1953 1822 2015 μὲν

149 2035 321 2090 ἐόντος
358 2035 507 2088 αὐτοῦ
548 2037 602 2088 ἐν
641 2034 823 2102 Μέμφι
859 2036 1057 2088 ἐποίευν
1092 2039 1316 2087 τοιοῦτον
1358 2034 1502 2088 οὐδὲν
1538 2034 1817 2103 Αἰγύπτιοι,

149 2120 263 2172 τότε
306 2122 361 2173 δὲ
400 2119 509 2173 ἐπεὶ
553 2119 699 2173 αὐτὸς
744 2120 920 2187 παρείη
967 2122 1055 2185 τῆς
1098 2121 1334 2188 στρατιῆς
1373 2120 1566 2184 πλῆθός
1606 2141 1654 2171 τι
1696 2121 1818 2172 ἀπο-

76 2228 124 2269 25
147 2204 343 2270 βαλών.
430 2207 476 2258 οἱ
507 2206 561 2258 δὲ
592 2203 809 2272 ἔφραζον
839 2204 905 2258 ὥς
937 2210 1037 2273 σφι
1068 2203 1180 2259 θεὸς
1211 2205 1284 2269 εἵη
1318 2205 1495 2272 φανεὶς
1525 2207 1605 2256 διὰ
1636 2205 1821 2271 χρόνου
1858 2226 1882 2269 3

148 2293 344 2342 πολλοῦ
367 2290 533 2344 ἐωθὼς
556 2290 928 2357 ἐπιφαίνεσθαι,
953 2290 1033 2342 καὶ
1059 2288 1124 2344 ὡς
1148 2290 1302 2342 ἐπεὰν
1327 2294 1478 2362 φανῇ,
1501 2290 1613 2340 τότε
1638 2288 1821 2342 πάντες

150 2373 411 2442 Αἰγύπτιοι
452 2373 780 2443 κεχαρηκότες
821 2372 1090 2441 ὁρτάζοιεν.
1184 2377 1335 2426 ταῦτα
1372 2373 1592 2427 ἀκούσας
1623 2375 1648 2423 ὁ
1679 2376 1817 2438 Καμ-

150 2514 389 2606 Rzzvvgff
627 2565 660 2604 Ε
693 2524 725 2593 ,3
755 2510 1121 2605 wa‘wrfflffi
1273 2510 1475 2604 υνφ-
1502 2510 1595 2583 {w

146 2632 174 2669 9
202 2620 267 2662 καὶ
287 2633 369 2662 om.
386 2578 533 2661 ’ἴῖωὲλῖ
563 2594 591 2616 ⁴⁷
642 2573 791 2662 {2253}
811 2597 868 2669 R,
892 2581 1013 2660 ζτάῖιῗῗ
1027 2578 1088 2658 Ire
1126 2597 1134 2607 .
1179 2633 1229 2659 10
1261 2622 1344 2661 ἐπεὶ
1368 2582 1640 2660 Κῧκουοντιεὲ
1667 2619 1822 2661 αὐτέων

146 2674 236 2715 ΑΒ
252 2675 286 2714 C
437 2688 486 2714 12
517 2675 695 2717 αὐτέοισι
714 2675 755 2714 Α
771 2676 805 2715 Β
820 2675 854 2715 C
1007 2687 1055 2724 13
1087 2673 1241 2727 ἐξέσιον
1263 2675 1303 2713 R
1452 2676 1502 2714 16
1533 2678 1554 2716 ὁ
1575 2688 1657 2714 om.
1684 2674 1723 2713 R
1740 2674 1822 2714 SV

151 2742 198 2781 17
229 2738 321 2772 καλ.
339 2728 524 2782 Ἔπαφον
550 2729 590 2770 R
612 2730 643 2770 S
662 2730 703 2770 V
918 2731 967 2769 18
996 2747 1045 2771 τε
1066 2743 1147 2770 om.
1174 2729 1215 2769 A
1239 2730 1273 2769 B
1296 2729 1330 2769 C
1356 2730 1388 2768 Ρ
1501 2730 1647 2784 ἔφερον
1678 2729 1717 2767 R
1737 2729 1766 2768 S
1783 2729 1822 2766 V

153 2796 203 2835 19
231 2786 362 2827 ταῦτα
379 2784 478 2826 τότε
498 2785 593 2827 τοὺς
615 2783 655 2824 R
671 2783 701 2824 S
714 2785 753 2824 V
837 2798 883 2824 21
910 2784 1080 2826 ἐκάλεσε
1097 2785 1131 2824 C
1147 2784 1181 2824 P
1266 2797 1318 2823 22
1349 2783 1613 2835 ἀπικομένους
1634 2784 1672 2824 Α
1688 2784 1722 2823 Β
1740 2783 1773 2822 C
1789 2783 1823 2821 P

149 2851 201 2889 23
231 2842 354 2881 αὐτοῦ
375 2839 513 2883 ἐόντος
535 2839 576 2881 R
589 2839 670 2880 SV
781 2842 817 2882 οἱ
835 2841 929 2893 Αἷγ.
954 2839 994 2878 R
1009 2839 1040 2880 S
1054 2839 1093 2879 V
1216 2852 1269 2889 24
1300 2841 1438 2889 ἐπειδὴ
1462 2839 1500 2878 R
1518 2840 1548 2879 S
1561 2840 1599 2878 V
1711 2839 1821 2880 αὖτις

150 2893 423 2934 Herwerden
592 2895 645 2933 26
676 2895 817 2936 εἰωθὼς
840 2894 878 2932 R
896 2894 978 2934 SV
1088 2894 1236 2935 πάντες
1258 2907 1339 2933 om.
1367 2894 1404 2931 R
1423 2908 1431 2934 ε
1463 2911 1503 2934 π.
1530 2895 1567 2934 οἱ
1590 2894 1622 2933 Ρ

205 2988 307 3015 HDI’.
331 2988 360 3015 1.
451 3025 463 3028 -
1124 2987 1126 2990 ·
1607 2976 1656 3016 16
