<?xml version="1.0" encoding="UTF-8"?>
<!DOCTYPE html PUBLIC "-//W3C//DTD XHTML 1.0 Transitional//EN"
    "http://www.w3.org/TR/xhtml1/DTD/xhtml1-transitional.dtd">
<html xmlns="http://www.w3.org/1999/xhtml" xml:lang="en" lang="en">
 <head>
  <title>
</title>
<meta http-equiv="Content-Type" content="text/html;charset=utf-8" />
  <meta name='ocr-system' content='tesseract 3.04.00' />
  <meta name='ocr-capabilities' content='ocr_page ocr_carea ocr_par ocr_line ocrx_word'/>
</head>
<body>
  <div class='ocr_page' id='page_1' title='image "./herodotihistoria01herouoft_0129.png"; bbox 0 0 2098 3320; ppageno 0'>
   <div class='ocr_carea' id='block_1_1' title="bbox 769 135 1259 186">
    <p class='ocr_par' dir='ltr' id='par_1_1' title="bbox 769 135 1259 186">
     <span class='ocr_line' id='line_1_1' title="bbox 769 135 1259 186; baseline -0.006 0"><span class='ocrx_word' id='word_1_1' title='bbox 769 135 1154 186; x_wconf 88' lang='grc' dir='ltr'>ΙΣΤΟΡΙΩΝ</span> <span class='ocrx_word' id='word_1_2' title='bbox 1215 135 1259 184; x_wconf 93' lang='grc' dir='ltr'>Α</span> 
     </span>
    </p>
   </div>
   <div class='ocr_carea' id='block_1_2' title="bbox 177 252 1850 504">
    <p class='ocr_par' dir='ltr' id='par_1_2' title="bbox 177 252 1850 504">
     <span class='ocr_line' id='line_1_2' title="bbox 179 252 1849 338; baseline -0.001 -17"><span class='ocrx_word' id='word_1_3' title='bbox 179 262 360 338; x_wconf 84' lang='grc' dir='ltr'>κήρυκα</span> <span class='ocrx_word' id='word_1_4' title='bbox 383 269 529 336; x_wconf 81' lang='grc' dir='ltr'>ἔλεγε</span> <span class='ocrx_word' id='word_1_5' title='bbox 558 267 692 322; x_wconf 89' lang='grc' dir='ltr'>τάδε·</span> <span class='ocrx_word' id='word_1_6' title='bbox 729 265 804 319; x_wconf 85' lang='grc' dir='ltr'>Ὦ</span> <span class='ocrx_word' id='word_1_7' title='bbox 834 252 1056 334; x_wconf 73' lang='grc' dir='ltr'>βασιλεῦ</span> <span class='ocrx_word' id='word_1_8' title='bbox 1086 265 1508 333; x_wconf 84' lang='grc' dir='ltr'>Μήδων,.παῦσαι</span> <span class='ocrx_word' id='word_1_9' title='bbox 1539 269 1770 321; x_wconf 77' lang='grc' dir='ltr'>σπεύδων</span> <span class='ocrx_word' id='word_1_10' title='bbox 1789 271 1849 320; x_wconf 83' lang='grc' dir='ltr'>τὰ</span> 
     </span>
     <span class='ocr_line' id='line_1_3' title="bbox 179 352 1850 421; baseline -0.001 -15"><span class='ocrx_word' id='word_1_11' title='bbox 179 354 529 408; x_wconf 86' lang='grc' dir='ltr'>σπεύδεις·οὐ</span> <span class='ocrx_word' id='word_1_12' title='bbox 564 355 659 421; x_wconf 79' lang='grc' dir='ltr'>γὰρ</span> <span class='ocrx_word' id='word_1_13' title='bbox 703 352 765 404; x_wconf 84' lang='grc' dir='ltr'>ἂν</span> <span class='ocrx_word' id='word_1_14' title='bbox 813 352 991 418; x_wconf 80' lang='grc' dir='ltr'>εἰδείης</span> <span class='ocrx_word' id='word_1_15' title='bbox 1027 352 1074 404; x_wconf 85' lang='grc' dir='ltr'>εἴ</span> <span class='ocrx_word' id='word_1_16' title='bbox 1108 372 1185 403; x_wconf 90' lang='grc' dir='ltr'>τοι</span> <span class='ocrx_word' id='word_1_17' title='bbox 1225 353 1276 406; x_wconf 87' lang='grc' dir='ltr'>ἐς</span> <span class='ocrx_word' id='word_1_18' title='bbox 1319 356 1487 418; x_wconf 86' lang='grc' dir='ltr'>καιρὸν</span> <span class='ocrx_word' id='word_1_19' title='bbox 1524 352 1668 405; x_wconf 87' lang='grc' dir='ltr'>ἔσται</span> <span class='ocrx_word' id='word_1_20' title='bbox 1697 358 1850 405; x_wconf 86' lang='grc' dir='ltr'>ταῦτα</span> 
     </span>
     <span class='ocr_line' id='line_1_4' title="bbox 177 436 1849 504; baseline -0.001 -13"><span class='ocrx_word' id='word_1_21' title='bbox 177 438 462 504; x_wconf 81' lang='grc' dir='ltr'>τελεόμενα·</span> <span class='ocrx_word' id='word_1_22' title='bbox 496 437 815 503; x_wconf 80' lang='grc' dir='ltr'>παυσάμενος</span> <span class='ocrx_word' id='word_1_23' title='bbox 843 439 897 489; x_wconf 79' lang='grc' dir='ltr'>δὲ</span> <span class='ocrx_word' id='word_1_24' title='bbox 927 438 1177 503; x_wconf 86' lang='grc' dir='ltr'>βασίλευε</span> <span class='ocrx_word' id='word_1_25' title='bbox 1205 441 1304 488; x_wconf 81' lang='grc' dir='ltr'>τῶν</span> <span class='ocrx_word' id='word_1_26' title='bbox 1337 442 1556 489; x_wconf 84' lang='grc' dir='ltr'>σεωυτοῦ</span> <span class='ocrx_word' id='word_1_27' title='bbox 1588 438 1665 489; x_wconf 88' lang='grc' dir='ltr'>καὶ</span> <span class='ocrx_word' id='word_1_28' title='bbox 1694 436 1849 503; x_wconf 87' lang='grc' dir='ltr'>ἡμέας</span> 
     </span>
    </p>
   </div>
   <div class='ocr_carea' id='block_1_3' title="bbox 1889 139 2051 188">
    <p class='ocr_par' dir='ltr' id='par_1_3' title="bbox 1889 139 2051 188">
     <span class='ocr_line' id='line_1_5' title="bbox 1889 139 2051 188; baseline 0.006 -1"><span class='ocrx_word' id='word_1_29' title='bbox 1889 140 1926 187; x_wconf 89' lang='grc' dir='ltr'>Ι.</span> <span class='ocrx_word' id='word_1_30' title='bbox 1944 139 2051 188; x_wconf 86' lang='lat'>206</span> 
     </span>
    </p>
   </div>
   <div class='ocr_carea' id='block_1_4' title="bbox 131 515 2098 679">
    <p class='ocr_par' dir='ltr' id='par_1_4' title="bbox 131 515 2098 679">
     <span class='ocr_line' id='line_1_6' title="bbox 178 515 2098 592; baseline 0 -17"><span class='ocrx_word' id='word_1_31' title='bbox 178 521 360 592; x_wconf 88' lang='grc' dir='ltr'>ἀνέχευ</span> <span class='ocrx_word' id='word_1_32' title='bbox 390 521 544 589; x_wconf 90' lang='grc' dir='ltr'>ὁρέων</span> <span class='ocrx_word' id='word_1_33' title='bbox 575 522 820 590; x_wconf 86' lang='grc' dir='ltr'>ἄρχοντας</span> <span class='ocrx_word' id='word_1_34' title='bbox 850 526 948 574; x_wconf 85' lang='grc' dir='ltr'>τῶν</span> <span class='ocrx_word' id='word_1_35' title='bbox 980 542 1071 588; x_wconf 93' lang='grc' dir='ltr'>περ</span> <span class='ocrx_word' id='word_1_36' title='bbox 1094 520 1330 589; x_wconf 86' lang='grc' dir='ltr'>ἄρχομεν.</span> <span class='ocrx_word' id='word_1_37' title='bbox 1397 521 1482 572; x_wconf 83' lang='grc' dir='ltr'>οὐκ</span> <span class='ocrx_word' id='word_1_38' title='bbox 1502 518 1570 573; x_wconf 88' lang='grc' dir='ltr'>ὠν</span> <span class='ocrx_word' id='word_1_39' title='bbox 1591 521 1848 587; x_wconf 83' lang='grc' dir='ltr'>ἐθελήσεις</span> <span class='ocrx_word' id='word_1_40' title='bbox 1884 515 2098 575; x_wconf 39' lang='lat' dir='ltr'>&amp;mamm</span> 
     </span>
     <span class='ocr_line' id='line_1_7' title="bbox 131 602 2098 679; baseline -0.002 -20"><span class='ocrx_word' id='word_1_41' title='bbox 131 633 154 674; x_wconf 87' lang='lat'>5</span> <span class='ocrx_word' id='word_1_42' title='bbox 178 605 458 679; x_wconf 85' lang='grc' dir='ltr'>ὑποθήκῃσι</span> <span class='ocrx_word' id='word_1_43' title='bbox 516 608 689 679; x_wconf 88' lang='grc' dir='ltr'>τῃσίδε</span> <span class='ocrx_word' id='word_1_44' title='bbox 733 609 969 675; x_wconf 78' lang='grc' dir='ltr'>χρᾶσθαι,</span> <span class='ocrx_word' id='word_1_45' title='bbox 1018 606 1153 657; x_wconf 76' lang='grc' dir='ltr'>ἀλλὰ</span> <span class='ocrx_word' id='word_1_46' title='bbox 1207 605 1645 673; x_wconf 72' lang='grc' dir='ltr'>πάντω-μᾷλλον</span> <span class='ocrx_word' id='word_1_47' title='bbox 1689 602 1718 671; x_wconf 85' lang='grc' dir='ltr'>ἢ</span> <span class='ocrx_word' id='word_1_48' title='bbox 1786 606 1847 657; x_wconf 87' lang='grc' dir='ltr'>δι’</span> <span class='ocrx_word' id='word_1_49' title='bbox 1855 618 2098 677; x_wconf 54' lang='lat' dir='ltr'>mvn-0:0⁴5</span> 
     </span>
    </p>
   </div>
   <div class='ocr_carea' id='block_1_5' title="bbox 177 689 1851 928">
    <p class='ocr_par' dir='ltr' id='par_1_5' title="bbox 177 689 1851 928">
     <span class='ocr_line' id='line_1_8' title="bbox 178 689 1848 759; baseline 0 -16"><span class='ocrx_word' id='word_1_50' title='bbox 178 691 392 759; x_wconf 83' lang='grc' dir='ltr'>ἡσυχίης</span> <span class='ocrx_word' id='word_1_51' title='bbox 424 690 566 744; x_wconf 75' lang='grc' dir='ltr'>εἶναι·</span> <span class='ocrx_word' id='word_1_52' title='bbox 614 691 678 743; x_wconf 85' lang='grc' dir='ltr'>σὺ</span> <span class='ocrx_word' id='word_1_53' title='bbox 709 693 761 742; x_wconf 83' lang='grc' dir='ltr'>δὲ</span> <span class='ocrx_word' id='word_1_54' title='bbox 800 692 842 743; x_wconf 78' lang='grc' dir='ltr'>εἰ</span> <span class='ocrx_word' id='word_1_55' title='bbox 883 689 1115 758; x_wconf 82' lang='grc' dir='ltr'>μεγάλως</span> <span class='ocrx_word' id='word_1_56' title='bbox 1153 690 1425 757; x_wconf 85' lang='grc' dir='ltr'>προθυμέαι</span> <span class='ocrx_word' id='word_1_57' title='bbox 1464 691 1848 759; x_wconf 80' lang='grc' dir='ltr'>Μασσαγετέων</span> 
     </span>
     <span class='ocr_line' id='line_1_9' title="bbox 179 773 1846 844; baseline -0.001 -16"><span class='ocrx_word' id='word_1_58' title='bbox 179 779 485 842; x_wconf 82' lang='grc' dir='ltr'>πειρηθῆναι,</span> <span class='ocrx_word' id='word_1_59' title='bbox 520 773 659 842; x_wconf 92' lang='grc' dir='ltr'>φέρε,</span> <span class='ocrx_word' id='word_1_60' title='bbox 693 776 887 844; x_wconf 83' lang='grc' dir='ltr'>μόχθον</span> <span class='ocrx_word' id='word_1_61' title='bbox 918 777 1010 840; x_wconf 79' lang='grc' dir='ltr'>μὲν</span> <span class='ocrx_word' id='word_1_62' title='bbox 1045 774 1132 827; x_wconf 86' lang='grc' dir='ltr'>τὸν</span> <span class='ocrx_word' id='word_1_63' title='bbox 1171 775 1304 843; x_wconf 85' lang='grc' dir='ltr'>ἔχεις</span> <span class='ocrx_word' id='word_1_64' title='bbox 1344 775 1544 843; x_wconf 77' lang='grc' dir='ltr'>ζευγνὺς</span> <span class='ocrx_word' id='word_1_65' title='bbox 1579 781 1664 828; x_wconf 85' lang='grc' dir='ltr'>τὸν</span> <span class='ocrx_word' id='word_1_66' title='bbox 1695 797 1846 829; x_wconf 72' lang='grc' dir='ltr'>ποτα-</span> 
     </span>
     <span class='ocr_line' id='line_1_10' title="bbox 177 858 1851 928; baseline 0 -16"><span class='ocrx_word' id='word_1_67' title='bbox 177 859 271 926; x_wconf 83' lang='grc' dir='ltr'>μὸν</span> <span class='ocrx_word' id='word_1_68' title='bbox 307 859 450 927; x_wconf 85' lang='grc' dir='ltr'>ἄφες,</span> <span class='ocrx_word' id='word_1_69' title='bbox 490 860 553 912; x_wconf 87' lang='grc' dir='ltr'>σὺ</span> <span class='ocrx_word' id='word_1_70' title='bbox 594 863 647 913; x_wconf 81' lang='grc' dir='ltr'>δὲ</span> <span class='ocrx_word' id='word_1_71' title='bbox 682 859 847 926; x_wconf 86' lang='grc' dir='ltr'>ἡμέων</span> <span class='ocrx_word' id='word_1_72' title='bbox 887 858 1327 928; x_wconf 84' lang='grc' dir='ltr'>ἀναχωρησάντων</span> <span class='ocrx_word' id='word_1_73' title='bbox 1364 860 1462 913; x_wconf 84' lang='grc' dir='ltr'>ἀπὸ</span> <span class='ocrx_word' id='word_1_74' title='bbox 1504 866 1591 912; x_wconf 87' lang='grc' dir='ltr'>τοῦ</span> <span class='ocrx_word' id='word_1_75' title='bbox 1627 865 1851 926; x_wconf 84' lang='grc' dir='ltr'>ποταμοῦ</span> 
     </span>
    </p>
   </div>
   <div class='ocr_carea' id='block_1_6' title="bbox 178 943 1907 1012">
    <p class='ocr_par' dir='ltr' id='par_1_6' title="bbox 178 943 1907 1012">
     <span class='ocr_line' id='line_1_11' title="bbox 178 943 1907 1012; baseline 0.002 -16"><span class='ocrx_word' id='word_1_76' title='bbox 178 949 325 1011; x_wconf 84' lang='grc' dir='ltr'>τριῶν</span> <span class='ocrx_word' id='word_1_77' title='bbox 354 943 576 1012; x_wconf 84' lang='grc' dir='ltr'>ἡμερέων</span> <span class='ocrx_word' id='word_1_78' title='bbox 607 944 722 997; x_wconf 86' lang='grc' dir='ltr'>ὁδὸν</span> <span class='ocrx_word' id='word_1_79' title='bbox 751 943 983 1010; x_wconf 86' lang='grc' dir='ltr'>διάβαινε</span> <span class='ocrx_word' id='word_1_80' title='bbox 1015 947 1064 999; x_wconf 92' lang='grc' dir='ltr'>ἐς</span> <span class='ocrx_word' id='word_1_81' title='bbox 1095 943 1188 1009; x_wconf 77' lang='grc' dir='ltr'>τὴν</span> <span class='ocrx_word' id='word_1_82' title='bbox 1218 943 1476 1012; x_wconf 87' lang='grc' dir='ltr'>ἡμετέρην.</span> <span class='ocrx_word' id='word_1_83' title='bbox 1567 946 1671 998; x_wconf 84' lang='grc' dir='ltr'>εἶδ’</span> <span class='ocrx_word' id='word_1_84' title='bbox 1694 945 1849 1012; x_wconf 88' lang='grc' dir='ltr'>ἡμέας</span> <span class='ocrx_word' id='word_1_85' title='bbox 1883 967 1907 1011; x_wconf 88' lang='lat'>3</span> 
     </span>
    </p>
   </div>
   <div class='ocr_carea' id='block_1_7' title="bbox 104 1027 1849 1695">
    <p class='ocr_par' dir='ltr' id='par_1_7' title="bbox 106 1027 1849 1436">
     <span class='ocr_line' id='line_1_12' title="bbox 106 1027 1849 1096; baseline -0.001 -12"><span class='ocrx_word' id='word_1_86' title='bbox 106 1053 155 1084; x_wconf 88' lang='lat'>10</span> <span class='ocrx_word' id='word_1_87' title='bbox 178 1029 391 1096; x_wconf 86' lang='grc' dir='ltr'>βούλεαι</span> <span class='ocrx_word' id='word_1_88' title='bbox 415 1027 719 1094; x_wconf 82' lang='grc' dir='ltr'>ἐσδέξασθαι</span> <span class='ocrx_word' id='word_1_89' title='bbox 740 1033 938 1095; x_wconf 79' lang='grc' dir='ltr'>μᾶλλον</span> <span class='ocrx_word' id='word_1_90' title='bbox 962 1031 1012 1083; x_wconf 92' lang='grc' dir='ltr'>ἐς</span> <span class='ocrx_word' id='word_1_91' title='bbox 1037 1029 1125 1094; x_wconf 80' lang='grc' dir='ltr'>τὴν</span> <span class='ocrx_word' id='word_1_92' title='bbox 1150 1028 1407 1096; x_wconf 84' lang='grc' dir='ltr'>ὑμετέρην,</span> <span class='ocrx_word' id='word_1_93' title='bbox 1432 1029 1495 1082; x_wconf 84' lang='grc' dir='ltr'>σὺ</span> <span class='ocrx_word' id='word_1_94' title='bbox 1525 1030 1681 1083; x_wconf 85' lang='grc' dir='ltr'>τώυτὸ</span> <span class='ocrx_word' id='word_1_95' title='bbox 1703 1035 1849 1083; x_wconf 84' lang='grc' dir='ltr'>τοῦτο</span> 
     </span>
     <span class='ocr_line' id='line_1_13' title="bbox 179 1113 1849 1182; baseline 0 -15"><span class='ocrx_word' id='word_1_96' title='bbox 179 1115 333 1167; x_wconf 86' lang='grc' dir='ltr'>ποίεε.</span> <span class='ocrx_word' id='word_1_97' title='bbox 420 1119 574 1166; x_wconf 87' lang='grc' dir='ltr'>ταῦτα</span> <span class='ocrx_word' id='word_1_98' title='bbox 609 1117 663 1166; x_wconf 82' lang='grc' dir='ltr'>δὲ</span> <span class='ocrx_word' id='word_1_99' title='bbox 707 1114 926 1168; x_wconf 90' lang='grc' dir='ltr'>ἀκούσας</span> <span class='ocrx_word' id='word_1_100' title='bbox 972 1114 998 1164; x_wconf 95' lang='lat'><em>6</em></span> <span class='ocrx_word' id='word_1_101' title='bbox 1044 1117 1204 1181; x_wconf 84' lang='grc' dir='ltr'>Κῦρος</span> <span class='ocrx_word' id='word_1_102' title='bbox 1251 1113 1560 1167; x_wconf 85' lang='grc' dir='ltr'>συνεκάλεσε</span> <span class='ocrx_word' id='word_1_103' title='bbox 1605 1114 1849 1182; x_wconf 90' lang='grc' dir='ltr'>Περσέων</span> 
     </span>
     <span class='ocr_line' id='line_1_14' title="bbox 177 1198 1849 1268; baseline 0.002 -18"><span class='ocrx_word' id='word_1_104' title='bbox 177 1199 291 1253; x_wconf 87' lang='grc' dir='ltr'>τοὺς</span> <span class='ocrx_word' id='word_1_105' title='bbox 320 1199 560 1266; x_wconf 84' lang='grc' dir='ltr'>πρώτους,</span> <span class='ocrx_word' id='word_1_106' title='bbox 585 1200 881 1267; x_wconf 90' lang='grc' dir='ltr'>συναγείρας</span> <span class='ocrx_word' id='word_1_107' title='bbox 905 1201 957 1251; x_wconf 83' lang='grc' dir='ltr'>δὲ</span> <span class='ocrx_word' id='word_1_108' title='bbox 982 1198 1186 1253; x_wconf 84' lang='grc' dir='ltr'>τούτους</span> <span class='ocrx_word' id='word_1_109' title='bbox 1208 1200 1258 1253; x_wconf 89' lang='grc' dir='ltr'>ἐς</span> <span class='ocrx_word' id='word_1_110' title='bbox 1287 1198 1446 1265; x_wconf 90' lang='grc' dir='ltr'>μέσον</span> <span class='ocrx_word' id='word_1_111' title='bbox 1478 1206 1576 1268; x_wconf 91' lang='grc' dir='ltr'>σφι</span> <span class='ocrx_word' id='word_1_112' title='bbox 1595 1201 1849 1266; x_wconf 88' lang='grc' dir='ltr'>προετίθεε</span> 
     </span>
     <span class='ocr_line' id='line_1_15' title="bbox 177 1282 1849 1356; baseline 0 -20"><span class='ocrx_word' id='word_1_113' title='bbox 177 1282 234 1336; x_wconf 88' lang='grc' dir='ltr'>τὸ</span> <span class='ocrx_word' id='word_1_114' title='bbox 263 1287 484 1352; x_wconf 87' lang='grc' dir='ltr'>πρῆγμα,</span> <span class='ocrx_word' id='word_1_115' title='bbox 516 1284 987 1350; x_wconf 83' lang='grc' dir='ltr'>συμβουλευόμενος</span> <span class='ocrx_word' id='word_1_116' title='bbox 1019 1284 1225 1351; x_wconf 88' lang='grc' dir='ltr'>ὁκότερα</span> <span class='ocrx_word' id='word_1_117' title='bbox 1255 1283 1415 1356; x_wconf 83' lang='grc' dir='ltr'>ποιέῃ.</span> <span class='ocrx_word' id='word_1_118' title='bbox 1505 1289 1602 1336; x_wconf 83' lang='grc' dir='ltr'>τῶν</span> <span class='ocrx_word' id='word_1_119' title='bbox 1634 1287 1687 1336; x_wconf 84' lang='grc' dir='ltr'>δὲ</span> <span class='ocrx_word' id='word_1_120' title='bbox 1727 1288 1849 1337; x_wconf 80' lang='grc' dir='ltr'>κατὰ</span> 
     </span>
     <span class='ocr_line' id='line_1_16' title="bbox 177 1367 1846 1436; baseline 0.002 -17"><span class='ocrx_word' id='word_1_121' title='bbox 177 1367 333 1421; x_wconf 83' lang='grc' dir='ltr'>τώυτὸ</span> <span class='ocrx_word' id='word_1_122' title='bbox 363 1371 413 1420; x_wconf 79' lang='grc' dir='ltr'>αἱ</span> <span class='ocrx_word' id='word_1_123' title='bbox 436 1373 629 1436; x_wconf 82' lang='grc' dir='ltr'>γνῶμαι</span> <span class='ocrx_word' id='word_1_124' title='bbox 653 1367 1015 1432; x_wconf 77' lang='grc' dir='ltr'>συνεξέπιπτον</span> <span class='ocrx_word' id='word_1_125' title='bbox 1042 1369 1345 1421; x_wconf 90' lang='grc' dir='ltr'>κελευόντων</span> <span class='ocrx_word' id='word_1_126' title='bbox 1369 1367 1666 1422; x_wconf 84' lang='grc' dir='ltr'>ἐσδέκεσθαι</span> <span class='ocrx_word' id='word_1_127' title='bbox 1683 1370 1846 1436; x_wconf 84' lang='grc' dir='ltr'>Τόμυ·</span> 
     </span>
    </p>

    <p class='ocr_par' dir='ltr' id='par_1_8' title="bbox 104 1452 1848 1695">
     <span class='ocr_line' id='line_1_17' title="bbox 104 1452 1848 1522; baseline 0.001 -18"><span class='ocrx_word' id='word_1_128' title='bbox 104 1475 151 1519; x_wconf 85' lang='lat'>15</span> <span class='ocrx_word' id='word_1_129' title='bbox 174 1453 255 1521; x_wconf 89' lang='grc' dir='ltr'>ρίν</span> <span class='ocrx_word' id='word_1_130' title='bbox 289 1474 345 1505; x_wconf 88' lang='grc' dir='ltr'>τε</span> <span class='ocrx_word' id='word_1_131' title='bbox 387 1453 465 1505; x_wconf 86' lang='grc' dir='ltr'>καὶ</span> <span class='ocrx_word' id='word_1_132' title='bbox 505 1452 590 1505; x_wconf 87' lang='grc' dir='ltr'>τὸν</span> <span class='ocrx_word' id='word_1_133' title='bbox 631 1452 850 1520; x_wconf 85' lang='grc' dir='ltr'>στρατὸν</span> <span class='ocrx_word' id='word_1_134' title='bbox 894 1453 1043 1518; x_wconf 85' lang='grc' dir='ltr'>αὐτῆς</span> <span class='ocrx_word' id='word_1_135' title='bbox 1085 1455 1135 1506; x_wconf 91' lang='grc' dir='ltr'>ἐς</span> <span class='ocrx_word' id='word_1_136' title='bbox 1179 1453 1270 1517; x_wconf 80' lang='grc' dir='ltr'>τὴν</span> <span class='ocrx_word' id='word_1_137' title='bbox 1305 1454 1491 1522; x_wconf 91' lang='grc' dir='ltr'>χώρην.</span> <span class='ocrx_word' id='word_1_138' title='bbox 1560 1455 1756 1521; x_wconf 86' lang='grc' dir='ltr'>παρεὼν</span> <span class='ocrx_word' id='word_1_139' title='bbox 1796 1457 1848 1506; x_wconf 80' lang='grc' dir='ltr'>δὲ</span> 
     </span>
     <span class='ocr_line' id='line_1_18' title="bbox 178 1537 1842 1606; baseline 0.002 -17"><span class='ocrx_word' id='word_1_140' title='bbox 178 1537 256 1589; x_wconf 90' lang='grc' dir='ltr'>καὶ</span> <span class='ocrx_word' id='word_1_141' title='bbox 284 1537 605 1606; x_wconf 89' lang='grc' dir='ltr'>μεμφόμενος</span> <span class='ocrx_word' id='word_1_142' title='bbox 640 1537 732 1603; x_wconf 84' lang='grc' dir='ltr'>τὴν</span> <span class='ocrx_word' id='word_1_143' title='bbox 765 1538 968 1606; x_wconf 83' lang='grc' dir='ltr'>γνώμην</span> <span class='ocrx_word' id='word_1_144' title='bbox 998 1538 1181 1603; x_wconf 90' lang='grc' dir='ltr'>ταύτην</span> <span class='ocrx_word' id='word_1_145' title='bbox 1211 1541 1430 1605; x_wconf 85' lang='grc' dir='ltr'>Κροῖσος</span> <span class='ocrx_word' id='word_1_146' title='bbox 1468 1539 1495 1589; x_wconf 91' lang='lat'><em>6</em></span> <span class='ocrx_word' id='word_1_147' title='bbox 1524 1538 1683 1592; x_wconf 88' lang='grc' dir='ltr'>Λυδὸς</span> <span class='ocrx_word' id='word_1_148' title='bbox 1723 1540 1842 1592; x_wconf 88' lang='grc' dir='ltr'>ἀπε-</span> 
     </span>
     <span class='ocr_line' id='line_1_19' title="bbox 177 1620 1847 1695; baseline 0.001 -21"><span class='ocrx_word' id='word_1_149' title='bbox 177 1622 397 1674; x_wconf 88' lang='grc' dir='ltr'>δείκνυτο</span> <span class='ocrx_word' id='word_1_150' title='bbox 456 1623 684 1687; x_wconf 89' lang='grc' dir='ltr'>ἐναντίην</span> <span class='ocrx_word' id='word_1_151' title='bbox 727 1629 788 1695; x_wconf 83' lang='grc' dir='ltr'>τῇ</span> <span class='ocrx_word' id='word_1_152' title='bbox 831 1620 1126 1695; x_wconf 88' lang='grc' dir='ltr'>προκειμένῃ</span> <span class='ocrx_word' id='word_1_153' title='bbox 1172 1623 1359 1695; x_wconf 83' lang='grc' dir='ltr'>γνώμῃ,</span> <span class='ocrx_word' id='word_1_154' title='bbox 1393 1621 1559 1691; x_wconf 88' lang='grc' dir='ltr'>λέγων</span> <span class='ocrx_word' id='word_1_155' title='bbox 1602 1623 1735 1676; x_wconf 87' lang='grc' dir='ltr'>τάδε·</span> <span class='ocrx_word' id='word_1_156' title='bbox 1773 1622 1847 1675; x_wconf 68' lang='grc' dir='ltr'>”Ὠ</span> 
     </span>
    </p>
   </div>
   <div class='ocr_carea' id='block_1_8' title="bbox 175 1705 1854 1774">
    <p class='ocr_par' dir='ltr' id='par_1_9' title="bbox 175 1705 1854 1774">
     <span class='ocr_line' id='line_1_20' title="bbox 175 1705 1854 1774; baseline 0.002 -16"><span class='ocrx_word' id='word_1_157' title='bbox 175 1711 411 1772; x_wconf 84' lang='grc' dir='ltr'>βασιλεῦ,</span> <span class='ocrx_word' id='word_1_158' title='bbox 445 1705 586 1759; x_wconf 75' lang='grc' dir='ltr'>εἶπον</span> <span class='ocrx_word' id='word_1_159' title='bbox 616 1710 707 1772; x_wconf 83' lang='grc' dir='ltr'>μὲν</span> <span class='ocrx_word' id='word_1_160' title='bbox 741 1706 818 1758; x_wconf 85' lang='grc' dir='ltr'>καὶ</span> <span class='ocrx_word' id='word_1_161' title='bbox 851 1707 1091 1774; x_wconf 89' lang='grc' dir='ltr'>πρότερόν</span> <span class='ocrx_word' id='word_1_162' title='bbox 1120 1728 1197 1759; x_wconf 84' lang='grc' dir='ltr'>τοι</span> <span class='ocrx_word' id='word_1_163' title='bbox 1228 1708 1304 1759; x_wconf 84' lang='grc' dir='ltr'>ὅτι</span> <span class='ocrx_word' id='word_1_164' title='bbox 1335 1709 1450 1760; x_wconf 83' lang='grc' dir='ltr'>ἐπεί</span> <span class='ocrx_word' id='word_1_165' title='bbox 1462 1730 1525 1774; x_wconf 90' lang='grc' dir='ltr'>με</span> <span class='ocrx_word' id='word_1_166' title='bbox 1549 1707 1674 1762; x_wconf 82' lang='grc' dir='ltr'>Ζεὺς</span> <span class='ocrx_word' id='word_1_167' title='bbox 1693 1708 1854 1762; x_wconf 74' lang='grc' dir='ltr'>ἔδωκέ</span> 
     </span>
    </p>
   </div>
   <div class='ocr_carea' id='block_1_9' title="bbox 104 1789 1845 1945">
    <p class='ocr_par' dir='ltr' id='par_1_10' title="bbox 104 1789 1845 1945">
     <span class='ocr_line' id='line_1_21' title="bbox 175 1789 1845 1862; baseline 0.001 -18"><span class='ocrx_word' id='word_1_168' title='bbox 175 1812 267 1850; x_wconf 88' lang='grc' dir='ltr'>τοι,</span> <span class='ocrx_word' id='word_1_169' title='bbox 307 1790 364 1843; x_wconf 88' lang='grc' dir='ltr'>τὸ</span> <span class='ocrx_word' id='word_1_170' title='bbox 408 1789 470 1844; x_wconf 80' lang='grc' dir='ltr'>ἂν</span> <span class='ocrx_word' id='word_1_171' title='bbox 514 1792 609 1860; x_wconf 87' lang='grc' dir='ltr'>ὁρῶ</span> <span class='ocrx_word' id='word_1_172' title='bbox 655 1790 872 1859; x_wconf 88' lang='grc' dir='ltr'>σφάλμα</span> <span class='ocrx_word' id='word_1_173' title='bbox 917 1791 999 1844; x_wconf 86' lang='grc' dir='ltr'>ἐὸν</span> <span class='ocrx_word' id='word_1_174' title='bbox 1056 1793 1174 1862; x_wconf 84' lang='grc' dir='ltr'>οἴκῳ</span> <span class='ocrx_word' id='word_1_175' title='bbox 1219 1796 1286 1862; x_wconf 79' lang='grc' dir='ltr'>τῷ</span> <span class='ocrx_word' id='word_1_176' title='bbox 1333 1797 1422 1862; x_wconf 80' lang='grc' dir='ltr'>σῷ,</span> <span class='ocrx_word' id='word_1_177' title='bbox 1472 1795 1593 1844; x_wconf 82' lang='grc' dir='ltr'>κατὰ</span> <span class='ocrx_word' id='word_1_178' title='bbox 1638 1793 1845 1858; x_wconf 85' lang='grc' dir='ltr'>δύναμιν</span> 
     </span>
     <span class='ocr_line' id='line_1_22' title="bbox 104 1874 1843 1945; baseline 0.002 -19"><span class='ocrx_word' id='word_1_179' title='bbox 104 1898 154 1927; x_wconf 82' lang='lat'>20</span> <span class='ocrx_word' id='word_1_180' title='bbox 176 1875 499 1945; x_wconf 81' lang='grc' dir='ltr'>ἀποτρέψειν.</span> <span class='ocrx_word' id='word_1_181' title='bbox 587 1878 648 1928; x_wconf 84' lang='grc' dir='ltr'>τὰ</span> <span class='ocrx_word' id='word_1_182' title='bbox 679 1875 733 1928; x_wconf 88' lang='grc' dir='ltr'>δέ</span> <span class='ocrx_word' id='word_1_183' title='bbox 761 1898 847 1942; x_wconf 94' lang='grc' dir='ltr'>μοι</span> <span class='ocrx_word' id='word_1_184' title='bbox 870 1874 1137 1942; x_wconf 87' lang='grc' dir='ltr'>παθήματα</span> <span class='ocrx_word' id='word_1_185' title='bbox 1167 1877 1313 1928; x_wconf 90' lang='grc' dir='ltr'>ἐόντα</span> <span class='ocrx_word' id='word_1_186' title='bbox 1343 1875 1555 1945; x_wconf 87' lang='grc' dir='ltr'>ἀχάριτα</span> <span class='ocrx_word' id='word_1_187' title='bbox 1577 1876 1843 1943; x_wconf 89' lang='grc' dir='ltr'>μαθήματα</span> 
     </span>
    </p>
   </div>
   <div class='ocr_carea' id='block_1_10' title="bbox 1888 1466 1988 1518">
    <p class='ocr_par' dir='ltr' id='par_1_11' title="bbox 1888 1466 1988 1518">
     <span class='ocr_line' id='line_1_23' title="bbox 1888 1466 1988 1518; baseline 0.03 -18"><span class='ocrx_word' id='word_1_188' title='bbox 1888 1466 1988 1518; x_wconf 86' lang='lat'>207</span> 
     </span>
    </p>
   </div>
   <div class='ocr_carea' id='block_1_11' title="bbox 174 1959 1898 2029">
    <p class='ocr_par' dir='ltr' id='par_1_12' title="bbox 174 1959 1898 2029">
     <span class='ocr_line' id='line_1_24' title="bbox 174 1959 1898 2029; baseline 0.001 -17"><span class='ocrx_word' id='word_1_189' title='bbox 174 1959 368 2028; x_wconf 81' lang='grc' dir='ltr'>γέγονε.</span> <span class='ocrx_word' id='word_1_190' title='bbox 451 1963 495 2013; x_wconf 83' lang='grc' dir='ltr'>εἶ</span> <span class='ocrx_word' id='word_1_191' title='bbox 524 1963 616 2027; x_wconf 81' lang='grc' dir='ltr'>μὲν</span> <span class='ocrx_word' id='word_1_192' title='bbox 647 1959 891 2027; x_wconf 88' lang='grc' dir='ltr'>ἀθάνατος</span> <span class='ocrx_word' id='word_1_193' title='bbox 922 1960 1106 2015; x_wconf 87' lang='grc' dir='ltr'>δοκέεις</span> <span class='ocrx_word' id='word_1_194' title='bbox 1140 1961 1265 2014; x_wconf 72' lang='grc' dir='ltr'>εἶναι</span> <span class='ocrx_word' id='word_1_195' title='bbox 1298 1962 1375 2014; x_wconf 85' lang='grc' dir='ltr'>καὶ</span> <span class='ocrx_word' id='word_1_196' title='bbox 1407 1965 1644 2029; x_wconf 86' lang='grc' dir='ltr'>στρατιῆς</span> <span class='ocrx_word' id='word_1_197' title='bbox 1673 1962 1838 2014; x_wconf 86' lang='grc' dir='ltr'>τοιαύ-</span> <span class='ocrx_word' id='word_1_198' title='bbox 1873 1981 1898 2013; x_wconf 83' lang='grc'><strong>2</strong></span> 
     </span>
    </p>
   </div>
   <div class='ocr_carea' id='block_1_12' title="bbox 174 2045 1844 2198">
    <p class='ocr_par' dir='ltr' id='par_1_13' title="bbox 174 2045 1844 2198">
     <span class='ocr_line' id='line_1_25' title="bbox 174 2045 1839 2152; baseline -0.001 -52"><span class='ocrx_word' id='word_1_199' title='bbox 174 2066 261 2110; x_wconf 77' lang='grc' dir='ltr'>της</span> <span class='ocrx_word' id='word_1_200' title='bbox 291 2045 479 2114; x_wconf 82' lang='grc' dir='ltr'>ἄρχειν,</span> <span class='ocrx_word' id='word_1_201' title='bbox 514 2046 657 2098; x_wconf 81' lang='grc' dir='ltr'>οὐδὲν</span> <span class='ocrx_word' id='word_1_202' title='bbox 697 2045 759 2098; x_wconf 82' lang='grc' dir='ltr'>ἂν</span> <span class='ocrx_word' id='word_1_203' title='bbox 800 2048 872 2111; x_wconf 85' lang='grc' dir='ltr'>εἴη</span> <span class='ocrx_word' id='word_1_204' title='bbox 904 2048 1106 2113; x_wconf 89' lang='grc' dir='ltr'>πρῆγμα</span> <span class='ocrx_word' id='word_1_205' title='bbox 1148 2046 1348 2113; x_wconf 88' lang='grc' dir='ltr'>γνώμας</span> <span class='ocrx_word' id='word_1_206' title='bbox 1379 2048 1465 2128; x_wconf 86' lang='grc' dir='ltr'>ἐμε</span> <span class='ocrx_word' id='word_1_207' title='bbox 1497 2047 1580 2098; x_wconf 85' lang='grc' dir='ltr'>σοὶ</span> <span class='ocrx_word' id='word_1_208' title='bbox 1609 2048 1839 2152; x_wconf 84' lang='grc' dir='ltr'>ἀποφαί-</span> 
     </span>
     <span class='ocr_line' id='line_1_26' title="bbox 175 2129 1844 2198; baseline 0.001 -17"><span class='ocrx_word' id='word_1_209' title='bbox 175 2133 365 2182; x_wconf 91' lang='grc' dir='ltr'>νεσθαι·</span> <span class='ocrx_word' id='word_1_210' title='bbox 413 2132 456 2182; x_wconf 84' lang='grc' dir='ltr'>εἶ</span> <span class='ocrx_word' id='word_1_211' title='bbox 494 2130 535 2183; x_wconf 88' lang='grc' dir='ltr'>δ’</span> <span class='ocrx_word' id='word_1_212' title='bbox 569 2131 787 2198; x_wconf 86' lang='grc' dir='ltr'>ἔγνωκας</span> <span class='ocrx_word' id='word_1_213' title='bbox 818 2132 894 2182; x_wconf 87' lang='grc' dir='ltr'>ὅτι</span> <span class='ocrx_word' id='word_1_214' title='bbox 925 2129 1183 2198; x_wconf 86' lang='grc' dir='ltr'>ἄνθρωπος</span> <span class='ocrx_word' id='word_1_215' title='bbox 1225 2131 1303 2182; x_wconf 86' lang='grc' dir='ltr'>καὶ</span> <span class='ocrx_word' id='word_1_216' title='bbox 1335 2131 1399 2183; x_wconf 83' lang='grc' dir='ltr'>σὺ</span> <span class='ocrx_word' id='word_1_217' title='bbox 1437 2153 1506 2185; x_wconf 91' lang='grc' dir='ltr'>εις</span> <span class='ocrx_word' id='word_1_218' title='bbox 1547 2133 1625 2184; x_wconf 89' lang='grc' dir='ltr'>καὶ</span> <span class='ocrx_word' id='word_1_219' title='bbox 1662 2131 1844 2198; x_wconf 86' lang='grc' dir='ltr'>ἐτέρων</span> 
     </span>
    </p>
   </div>
   <div class='ocr_carea' id='block_1_13' title="bbox 1841 2194 2098 2242">
    <p class='ocr_par' dir='ltr' id='par_1_14' title="bbox 1841 2194 2098 2242">
     <span class='ocr_line' id='line_1_27' title="bbox 1841 2194 2098 2242; baseline 0 -8"><span class='ocrx_word' id='word_1_220' title='bbox 1841 2194 2098 2242; x_wconf 54' lang='grc' dir='ltr'>Νίκωνι</span> 
     </span>
    </p>
   </div>
   <div class='ocr_carea' id='block_1_14' title="bbox 175 2200 2098 2330">
    <p class='ocr_par' dir='ltr' id='par_1_15' title="bbox 175 2200 2098 2326">
     <span class='ocr_line' id='line_1_28' title="bbox 175 2200 2098 2287; baseline 0.002 -22"><span class='ocrx_word' id='word_1_221' title='bbox 175 2200 435 2267; x_wconf 74' lang='grc' dir='ltr'>τόιῶνὸε”</span> <span class='ocrx_word' id='word_1_222' title='bbox 408 2237 594 2284; x_wconf 90' lang='grc' dir='ltr'>αρχεις,</span> <span class='ocrx_word' id='word_1_223' title='bbox 628 2217 787 2268; x_wconf 82' lang='grc' dir='ltr'>ἐκεῖνο</span> <span class='ocrx_word' id='word_1_224' title='bbox 810 2219 1007 2283; x_wconf 83' lang='grc' dir='ltr'>πρῶτον</span> <span class='ocrx_word' id='word_1_225' title='bbox 1047 2213 1174 2281; x_wconf 90' lang='grc' dir='ltr'>μάθε</span> <span class='ocrx_word' id='word_1_226' title='bbox 1211 2215 1275 2269; x_wconf 86' lang='grc' dir='ltr'>ὡς</span> <span class='ocrx_word' id='word_1_227' title='bbox 1319 2215 1496 2270; x_wconf 86' lang='grc' dir='ltr'>κύκλος</span> <span class='ocrx_word' id='word_1_228' title='bbox 1525 2221 1624 2268; x_wconf 82' lang='grc' dir='ltr'>τῶν</span> <span class='ocrx_word' id='word_1_229' title='bbox 1654 2217 1841 2283; x_wconf 89' lang='grc' dir='ltr'>ἀνθρω-</span> <span class='ocrx_word' id='word_1_230' title='bbox 1824 2234 2098 2287; x_wconf 50' lang='lat' dir='ltr'>*flumem</span> 
     </span>
     <span class='ocr_line' id='line_1_29' title="bbox 1847 2284 2071 2330; baseline 0 -12"><span class='ocrx_word' id='word_1_231' title='bbox 1847 2284 2071 2330; x_wconf 51' lang='lat' dir='ltr'>&amp;Qqflj</span> 
     </span>
    </p>
   </div>
   <div class='ocr_carea' id='block_1_15' title="bbox 102 2299 1845 2373">
    <p class='ocr_par' dir='ltr' id='par_1_16' title="bbox 102 2299 1845 2373">
     <span class='ocr_line' id='line_1_30' title="bbox 102 2299 1845 2373; baseline 0.003 -24"><span class='ocrx_word' id='word_1_232' title='bbox 102 2320 166 2362; x_wconf 80' lang='lat'>²5</span> <span class='ocrx_word' id='word_1_233' title='bbox 173 2299 332 2370; x_wconf 64' lang='grc' dir='ltr'>πῃίων</span> <span class='ocrx_word' id='word_1_234' title='bbox 362 2300 472 2351; x_wconf 86' lang='grc' dir='ltr'>εστὶ</span> <span class='ocrx_word' id='word_1_235' title='bbox 496 2299 815 2373; x_wconf 82' lang='grc' dir='ltr'>πρηγμάτων,</span> <span class='ocrx_word' id='word_1_236' title='bbox 854 2301 1244 2367; x_wconf 85' lang='grc' dir='ltr'>περιφερόμενος</span> <span class='ocrx_word' id='word_1_237' title='bbox 1281 2303 1333 2352; x_wconf 81' lang='grc' dir='ltr'>δὲ</span> <span class='ocrx_word' id='word_1_238' title='bbox 1376 2300 1460 2352; x_wconf 86' lang='grc' dir='ltr'>οὐκ</span> <span class='ocrx_word' id='word_1_239' title='bbox 1499 2303 1556 2372; x_wconf 81' lang='grc' dir='ltr'>ἐᾷ</span> <span class='ocrx_word' id='word_1_240' title='bbox 1591 2301 1687 2353; x_wconf 85' lang='grc' dir='ltr'>αἰεὶ</span> <span class='ocrx_word' id='word_1_241' title='bbox 1730 2300 1845 2356; x_wconf 85' lang='grc' dir='ltr'>τοὺς</span> 
     </span>
    </p>
   </div>
   <div class='ocr_carea' id='block_1_16' title="bbox 177 2381 1902 2454">
    <p class='ocr_par' dir='ltr' id='par_1_17' title="bbox 177 2381 1902 2454">
     <span class='ocr_line' id='line_1_31' title="bbox 177 2381 1902 2454; baseline 0.002 -20"><span class='ocrx_word' id='word_1_242' title='bbox 177 2382 349 2450; x_wconf 77' lang='grc' dir='ltr'>αὐτοὺς</span> <span class='ocrx_word' id='word_1_243' title='bbox 379 2384 645 2453; x_wconf 85' lang='grc' dir='ltr'>εὐτυχέειν.</span> <span class='ocrx_word' id='word_1_244' title='bbox 712 2384 802 2450; x_wconf 87' lang='grc' dir='ltr'>ηδη</span> <span class='ocrx_word' id='word_1_245' title='bbox 839 2381 907 2437; x_wconf 88' lang='grc' dir='ltr'>ὡν</span> <span class='ocrx_word' id='word_1_246' title='bbox 943 2386 1041 2452; x_wconf 86' lang='grc' dir='ltr'>ἐγὼ</span> <span class='ocrx_word' id='word_1_247' title='bbox 1078 2385 1280 2452; x_wconf 83' lang='grc' dir='ltr'>γνώμην</span> <span class='ocrx_word' id='word_1_248' title='bbox 1318 2386 1418 2454; x_wconf 84' lang='grc' dir='ltr'>ἔχω</span> <span class='ocrx_word' id='word_1_249' title='bbox 1455 2386 1566 2453; x_wconf 90' lang='grc' dir='ltr'>περὶ</span> <span class='ocrx_word' id='word_1_250' title='bbox 1601 2390 1687 2437; x_wconf 85' lang='grc' dir='ltr'>τοῦ</span> <span class='ocrx_word' id='word_1_251' title='bbox 1723 2407 1841 2453; x_wconf 78' lang='grc' dir='ltr'>προ·</span> <span class='ocrx_word' id='word_1_252' title='bbox 1878 2409 1902 2453; x_wconf 90' lang='lat'>3</span> 
     </span>
    </p>
   </div>
   <div class='ocr_carea' id='block_1_17' title="bbox 176 2465 1843 2625">
    <p class='ocr_par' dir='ltr' id='par_1_18' title="bbox 176 2465 1843 2625">
     <span class='ocr_line' id='line_1_32' title="bbox 181 2465 1843 2538; baseline 0.002 -18"><span class='ocrx_word' id='word_1_253' title='bbox 181 2468 403 2534; x_wconf 88' lang='grc' dir='ltr'>κειμένου</span> <span class='ocrx_word' id='word_1_254' title='bbox 430 2468 718 2536; x_wconf 89' lang='grc' dir='ltr'>πρήγματος</span> <span class='ocrx_word' id='word_1_255' title='bbox 741 2471 802 2521; x_wconf 80' lang='grc' dir='ltr'>τὰ</span> <span class='ocrx_word' id='word_1_256' title='bbox 825 2469 1042 2535; x_wconf 85' lang='grc' dir='ltr'>ἔμπαλιν</span> <span class='ocrx_word' id='word_1_257' title='bbox 1062 2465 1092 2534; x_wconf 80' lang='grc' dir='ltr'>ἢ</span> <span class='ocrx_word' id='word_1_258' title='bbox 1113 2469 1263 2522; x_wconf 76' lang='grc' dir='ltr'>οὗτοι.</span> <span class='ocrx_word' id='word_1_259' title='bbox 1352 2472 1395 2522; x_wconf 85' lang='grc' dir='ltr'>εἷ</span> <span class='ocrx_word' id='word_1_260' title='bbox 1419 2472 1513 2538; x_wconf 76' lang='grc' dir='ltr'>γὰρ</span> <span class='ocrx_word' id='word_1_261' title='bbox 1534 2469 1843 2536; x_wconf 88' lang='grc' dir='ltr'>ἐθελήσομεν</span> 
     </span>
     <span class='ocr_line' id='line_1_33' title="bbox 176 2551 1842 2625; baseline 0.002 -22"><span class='ocrx_word' id='word_1_262' title='bbox 176 2551 477 2617; x_wconf 83' lang='grc' dir='ltr'>ἐσδέξασθαι</span> <span class='ocrx_word' id='word_1_263' title='bbox 508 2553 622 2607; x_wconf 82' lang='grc' dir='ltr'>τοὺς</span> <span class='ocrx_word' id='word_1_264' title='bbox 652 2556 919 2620; x_wconf 89' lang='grc' dir='ltr'>πολεμίους</span> <span class='ocrx_word' id='word_1_265' title='bbox 951 2556 1002 2608; x_wconf 91' lang='grc' dir='ltr'>ἐς</span> <span class='ocrx_word' id='word_1_266' title='bbox 1048 2553 1139 2618; x_wconf 80' lang='grc' dir='ltr'>τὴν</span> <span class='ocrx_word' id='word_1_267' title='bbox 1169 2555 1354 2623; x_wconf 91' lang='grc' dir='ltr'>χώρην,</span> <span class='ocrx_word' id='word_1_268' title='bbox 1388 2556 1470 2606; x_wconf 86' lang='grc' dir='ltr'>ὅδε</span> <span class='ocrx_word' id='word_1_269' title='bbox 1509 2577 1585 2606; x_wconf 92' lang='grc' dir='ltr'>τοι</span> <span class='ocrx_word' id='word_1_270' title='bbox 1627 2556 1682 2606; x_wconf 89' lang='grc' dir='ltr'>ἐν</span> <span class='ocrx_word' id='word_1_271' title='bbox 1713 2555 1842 2625; x_wconf 81' lang='grc' dir='ltr'>αὐτῷ</span> 
     </span>
    </p>
   </div>
   <div class='ocr_carea' id='block_1_18' title="bbox 173 2691 1844 3060">
    <p class='ocr_par' dir='ltr' id='par_1_19' title="bbox 173 2691 1844 3059">
     <span class='ocr_line' id='line_1_34' title="bbox 227 2691 1844 2747; baseline 0.001 -16"><span class='ocrx_word' id='word_1_272' title='bbox 227 2705 253 2731; x_wconf 81' lang='lat'>2</span> <span class='ocrx_word' id='word_1_273' title='bbox 283 2694 323 2733; x_wconf 70' lang='grc' dir='ltr'>εἴ</span> <span class='ocrx_word' id='word_1_274' title='bbox 337 2709 378 2733; x_wconf 88' lang='grc' dir='ltr'>τι</span> <span class='ocrx_word' id='word_1_275' title='bbox 397 2691 463 2732; x_wconf 89' lang='lat' dir='ltr'>V:</span> <span class='ocrx_word' id='word_1_276' title='bbox 494 2692 556 2734; x_wconf 81' lang='grc' dir='ltr'>ἔτι</span> <span class='ocrx_word' id='word_1_277' title='bbox 578 2692 608 2731; x_wconf 88' lang='lat' dir='ltr'>S</span> <span class='ocrx_word' id='word_1_278' title='bbox 828 2706 854 2743; x_wconf 88' lang='lat'><strong>3</strong></span> <span class='ocrx_word' id='word_1_279' title='bbox 883 2711 930 2734; x_wconf 84' lang='grc' dir='ltr'>τε</span> <span class='ocrx_word' id='word_1_280' title='bbox 960 2692 1168 2746; x_wconf 79' lang='grc' dir='ltr'>λεγόμενα</span> <span class='ocrx_word' id='word_1_281' title='bbox 1197 2693 1235 2731; x_wconf 89' lang='lat' dir='ltr'>R</span> <span class='ocrx_word' id='word_1_282' title='bbox 1253 2693 1336 2733; x_wconf 88' lang='lat' dir='ltr'>SV</span> <span class='ocrx_word' id='word_1_283' title='bbox 1558 2706 1582 2743; x_wconf 87' lang='lat'><strong>5</strong></span> <span class='ocrx_word' id='word_1_284' title='bbox 1612 2697 1786 2747; x_wconf 84' lang='grc' dir='ltr'>χρῆσθαι</span> <span class='ocrx_word' id='word_1_285' title='bbox 1810 2694 1844 2733; x_wconf 93' lang='lat' dir='ltr'>L</span> 
     </span>
     <span class='ocr_line' id='line_1_35' title="bbox 173 2746 1844 2802; baseline 0 -15"><span class='ocrx_word' id='word_1_286' title='bbox 173 2746 303 2787; x_wconf 75' lang='grc' dir='ltr'>πάντα</span> <span class='ocrx_word' id='word_1_287' title='bbox 325 2746 355 2786; x_wconf 86' lang='lat' dir='ltr'>S</span> <span class='ocrx_word' id='word_1_288' title='bbox 575 2749 603 2786; x_wconf 89' lang='lat'><em>6</em></span> <span class='ocrx_word' id='word_1_289' title='bbox 632 2747 684 2800; x_wconf 81' lang='grc' dir='ltr'>εἰ]</span> <span class='ocrx_word' id='word_1_290' title='bbox 712 2749 762 2797; x_wconf 80' lang='grc' dir='ltr'>ἢν</span> <span class='ocrx_word' id='word_1_291' title='bbox 787 2747 828 2786; x_wconf 92' lang='grc' dir='ltr'><strong>Α</strong></span> <span class='ocrx_word' id='word_1_292' title='bbox 842 2748 876 2787; x_wconf 93' lang='grc' dir='ltr'>Β</span> <span class='ocrx_word' id='word_1_293' title='bbox 892 2748 926 2787; x_wconf 92' lang='lat' dir='ltr'>C</span> <span class='ocrx_word' id='word_1_294' title='bbox 1092 2747 1327 2802; x_wconf 85' lang='grc' dir='ltr'>προθυμέεαι</span> <span class='ocrx_word' id='word_1_295' title='bbox 1350 2749 1384 2788; x_wconf 92' lang='grc' dir='ltr'>Ρ</span> <span class='ocrx_word' id='word_1_296' title='bbox 1619 2762 1646 2799; x_wconf 92' lang='grc'>9</span> <span class='ocrx_word' id='word_1_297' title='bbox 1675 2750 1730 2790; x_wconf 81' lang='grc' dir='ltr'>εἷς</span> <span class='ocrx_word' id='word_1_298' title='bbox 1752 2747 1844 2788; x_wconf 91' lang='lat' dir='ltr'>RV</span> 
     </span>
     <span class='ocr_line' id='line_1_36' title="bbox 177 2800 1843 2849; baseline 0.004 -9"><span class='ocrx_word' id='word_1_299' title='bbox 177 2813 228 2841; x_wconf 82' lang='lat'>10</span> <span class='ocrx_word' id='word_1_300' title='bbox 256 2800 402 2849; x_wconf 85' lang='grc' dir='ltr'>βουλεε</span> <span class='ocrx_word' id='word_1_301' title='bbox 426 2801 465 2840; x_wconf 91' lang='lat' dir='ltr'>R</span> <span class='ocrx_word' id='word_1_302' title='bbox 481 2802 510 2841; x_wconf 87' lang='lat' dir='ltr'>S</span> <span class='ocrx_word' id='word_1_303' title='bbox 524 2800 579 2841; x_wconf 84' lang='lat' dir='ltr'>V1</span> <span class='ocrx_word' id='word_1_304' title='bbox 775 2815 819 2842; x_wconf 90' lang='lat'>11</span> <span class='ocrx_word' id='word_1_305' title='bbox 851 2803 954 2844; x_wconf 88' lang='grc' dir='ltr'>ποίει</span> <span class='ocrx_word' id='word_1_306' title='bbox 974 2803 1014 2842; x_wconf 91' lang='grc' dir='ltr'><strong>Α</strong></span> <span class='ocrx_word' id='word_1_307' title='bbox 1028 2802 1063 2842; x_wconf 92' lang='grc' dir='ltr'>Β</span> <span class='ocrx_word' id='word_1_308' title='bbox 1079 2802 1113 2842; x_wconf 88' lang='grc' dir='ltr'>Ρ</span> <span class='ocrx_word' id='word_1_309' title='bbox 1242 2803 1462 2845; x_wconf 80' lang='grc' dir='ltr'>συνεκάλεε</span> <span class='ocrx_word' id='word_1_310' title='bbox 1486 2804 1518 2842; x_wconf 91' lang='lat' dir='ltr'>C</span> <span class='ocrx_word' id='word_1_311' title='bbox 1710 2816 1758 2843; x_wconf 84' lang='lat'>12</span> <span class='ocrx_word' id='word_1_312' title='bbox 1788 2806 1843 2846; x_wconf 77' lang='grc' dir='ltr'>εἰς</span> 
     </span>
     <span class='ocr_line' id='line_1_37' title="bbox 176 2854 1843 2911; baseline 0.001 -14"><span class='ocrx_word' id='word_1_313' title='bbox 176 2854 265 2894; x_wconf 90' lang='lat' dir='ltr'>RV</span> <span class='ocrx_word' id='word_1_314' title='bbox 374 2858 608 2911; x_wconf 86' lang='grc' dir='ltr'>προετίθετο</span> <span class='ocrx_word' id='word_1_315' title='bbox 628 2859 677 2899; x_wconf 84' lang='grc' dir='ltr'>τὸ</span> <span class='ocrx_word' id='word_1_316' title='bbox 701 2857 740 2896; x_wconf 92' lang='lat' dir='ltr'>R</span> <span class='ocrx_word' id='word_1_317' title='bbox 910 2871 959 2908; x_wconf 88' lang='lat'>13</span> <span class='ocrx_word' id='word_1_318' title='bbox 989 2857 1111 2900; x_wconf 84' lang='grc' dir='ltr'>ποιέει</span> <span class='ocrx_word' id='word_1_319' title='bbox 1134 2858 1173 2896; x_wconf 91' lang='lat' dir='ltr'>R</span> <span class='ocrx_word' id='word_1_320' title='bbox 1188 2858 1218 2898; x_wconf 87' lang='lat' dir='ltr'>S</span> <span class='ocrx_word' id='word_1_321' title='bbox 1235 2857 1270 2896; x_wconf 94' lang='lat' dir='ltr'>V</span> <span class='ocrx_word' id='word_1_322' title='bbox 1438 2860 1487 2897; x_wconf 88' lang='lat'>18</span> <span class='ocrx_word' id='word_1_323' title='bbox 1517 2860 1579 2900; x_wconf 83' lang='grc' dir='ltr'>ὅτι</span> <span class='ocrx_word' id='word_1_324' title='bbox 1601 2872 1681 2899; x_wconf 85' lang='lat' dir='ltr'>om.</span> <span class='ocrx_word' id='word_1_325' title='bbox 1705 2858 1843 2898; x_wconf 83' lang='lat' dir='ltr'>Aldus</span> 
     </span>
     <span class='ocr_line' id='line_1_38' title="bbox 178 2910 1841 2967; baseline 0.002 -17"><span class='ocrx_word' id='word_1_326' title='bbox 178 2923 227 2962; x_wconf 89' lang='lat'>19</span> <span class='ocrx_word' id='word_1_327' title='bbox 257 2915 301 2966; x_wconf 78' lang='grc' dir='ltr'>ὄρ</span> <span class='ocrx_word' id='word_1_328' title='bbox 303 2910 353 2953; x_wconf 80' lang='grc' dir='ltr'>ἔω</span> <span class='ocrx_word' id='word_1_329' title='bbox 374 2912 409 2951; x_wconf 93' lang='lat' dir='ltr'>C</span> <span class='ocrx_word' id='word_1_330' title='bbox 589 2925 643 2952; x_wconf 86' lang='lat'>20</span> <span class='ocrx_word' id='word_1_331' title='bbox 671 2914 886 2965; x_wconf 81' lang='grc' dir='ltr'>παθήματα</span> <span class='ocrx_word' id='word_1_332' title='bbox 907 2913 947 2952; x_wconf 89' lang='lat' dir='ltr'><strong>R</strong></span> <span class='ocrx_word' id='word_1_333' title='bbox 967 2928 976 2953; x_wconf 76' lang='lat' dir='ltr'><strong><em>z</em></strong></span> <span class='ocrx_word' id='word_1_334' title='bbox 1005 2930 1046 2954; x_wconf 89' lang='grc' dir='ltr'>π.</span> <span class='ocrx_word' id='word_1_335' title='bbox 1072 2915 1124 2955; x_wconf 82' lang='grc' dir='ltr'>τὰ</span> <span class='ocrx_word' id='word_1_336' title='bbox 1144 2912 1235 2953; x_wconf 84' lang='lat' dir='ltr'><strong>rell.</strong></span> <span class='ocrx_word' id='word_1_337' title='bbox 1405 2914 1453 2952; x_wconf 74' lang='lat'>2&#39;1</span> <span class='ocrx_word' id='word_1_338' title='bbox 1485 2913 1656 2967; x_wconf 72' lang='grc' dir='ltr'>’γεγόνεε</span> <span class='ocrx_word' id='word_1_339' title='bbox 1676 2914 1716 2954; x_wconf 92' lang='grc' dir='ltr'>Α</span> <span class='ocrx_word' id='word_1_340' title='bbox 1730 2914 1763 2953; x_wconf 88' lang='grc' dir='ltr'>Β</span> <span class='ocrx_word' id='word_1_341' title='bbox 1780 2914 1813 2953; x_wconf 89' lang='grc' dir='ltr'>Ρ</span> <span class='ocrx_word' id='word_1_342' title='bbox 1832 2929 1841 2954; x_wconf 93' lang='lat'><strong>:</strong></span> 
     </span>
     <span class='ocr_line' id='line_1_39' title="bbox 175 2929 1838 3060; baseline 0.002 -54"><span class='ocrx_word' id='word_1_343' title='bbox 175 2929 363 3060; x_wconf 61' lang='grc' dir='ltr'>ἐγεγξέεε</span> <span class='ocrx_word' id='word_1_344' title='bbox 385 2967 419 3006; x_wconf 90' lang='lat' dir='ltr'>C</span> <span class='ocrx_word' id='word_1_345' title='bbox 588 2969 642 3006; x_wconf 86' lang='lat'>26</span> <span class='ocrx_word' id='word_1_346' title='bbox 670 2970 812 3010; x_wconf 82' lang='grc' dir='ltr'>αὐτοὺς</span> <span class='ocrx_word' id='word_1_347' title='bbox 833 2981 915 3008; x_wconf 88' lang='lat' dir='ltr'>om.</span> <span class='ocrx_word' id='word_1_348' title='bbox 944 2969 982 3008; x_wconf 80' lang='lat' dir='ltr'>R</span> <span class='ocrx_word' id='word_1_349' title='bbox 1094 2968 1148 3010; x_wconf 70' lang='grc' dir='ltr'>ὧν</span> <span class='ocrx_word' id='word_1_350' title='bbox 1169 2968 1252 3019; x_wconf 78' lang='grc' dir='ltr'>ἔχω</span> <span class='ocrx_word' id='word_1_351' title='bbox 1271 2970 1435 3021; x_wconf 81' lang='grc' dir='ltr'>γνώμην</span> <span class='ocrx_word' id='word_1_352' title='bbox 1455 2967 1494 3007; x_wconf 85' lang='grc' dir='ltr'><strong>Α</strong></span> <span class='ocrx_word' id='word_1_353' title='bbox 1510 2969 1544 3007; x_wconf 89' lang='grc' dir='ltr'><strong>Β</strong></span> <span class='ocrx_word' id='word_1_354' title='bbox 1558 2969 1591 3008; x_wconf 89' lang='lat' dir='ltr'>C</span> <span class='ocrx_word' id='word_1_355' title='bbox 1606 2969 1640 3008; x_wconf 91' lang='lat' dir='ltr'>P</span> <span class='ocrx_word' id='word_1_356' title='bbox 1751 2971 1838 3022; x_wconf 81' lang='grc' dir='ltr'>περὶ</span> 
     </span>
     <span class='ocr_line' id='line_1_40' title="bbox 174 3032 241 3059; baseline 0 0"><span class='ocrx_word' id='word_1_357' title='bbox 174 3032 241 3059; x_wconf 83' lang='lat' dir='ltr'>om</span> 
     </span>
    </p>
   </div>
   <div class='ocr_carea' id='block_1_19' title="bbox 227 3105 1674 3143">
    <p class='ocr_par' dir='ltr' id='par_1_20' title="bbox 227 3105 1674 3143">
     <span class='ocr_line' id='line_1_41' title="bbox 227 3105 1674 3143; baseline 0 -5"><span class='ocrx_word' id='word_1_358' title='bbox 227 3109 328 3138; x_wconf 79' lang='grc' dir='ltr'>Ηοτ.</span> <span class='ocrx_word' id='word_1_359' title='bbox 351 3111 377 3139; x_wconf 86' lang='lat'>1.</span> <span class='ocrx_word' id='word_1_360' title='bbox 1651 3105 1674 3143; x_wconf 87' lang='lat'>8</span> 
     </span>
    </p>
   </div>
  </div>
 </body>
</html>
