2098 3320
873 69 1253 119 ΙΣΤΟΡΙΩΝ
1311 68 1350 117 Β
1993 79 2098 130 η,

284 205 395 256 ἐστι
419 199 489 271 (ὁ)
514 202 695 256 ἀνόσια
724 201 1033 270 ἐργασμένος
1063 202 1226 268 ξεῖνον
1255 202 1343 255 τὸν
1374 204 1573 262 ἑωυτοῦ,
1601 203 1953 267 συλλαβόντες

283 286 504 355 ἀπάγετε
538 286 654 355 παρ’
692 286 794 354 ἐμέ,
834 288 915 339 ἵνα
956 287 1094 339 εἰδέω
1131 289 1184 339 τί
1221 309 1333 340 κοτε
1375 288 1454 340 καὶ
1493 285 1646 351 λέξει.
1736 287 1954 341 ἀκούσας
1992 303 2070 351 115

282 375 337 426 δὲ
375 364 590 425 ταῦταςὸ
625 375 793 425 Θῶνις
839 372 1192 437 συλλαμβάνει
1231 371 1319 424 τὸν
1359 370 1696 438 Ἀλέξανδρον
1743 371 1822 423 καὶ
1866 373 1954 426 τὰς

283 456 398 512 νέας
436 457 583 510 αὐτοῦ
625 457 868 525 κατίσχει,
900 459 1024 522 μετὰ
1065 459 1117 508 δὲ
1158 457 1307 509 αὐτόν
1337 478 1390 509 τε
1421 461 1596 508 τοῦτον
1637 454 1861 523 ἀνήγαγε
1900 457 1952 510 ἐς

235 562 257 604 5
283 541 495 610 Μέμφιν
531 541 612 594 καὶ
652 541 743 606 τὴν
783 540 999 606 Ἑλένην
1034 563 1088 594 τε
1126 542 1206 595 καὶ
1242 543 1304 593 τὰ
1343 540 1589 610 χρήματα,
1624 539 1747 608 πρὸς
1783 543 1836 592 δὲ
1874 540 1952 592 καὶ

282 627 397 681 τοὺς
455 626 633 681 ἱκέτας.
749 625 1186 692 ἀνακομισθέντων
1250 629 1303 679 δὲ
1362 625 1563 678 πάντων
1629 626 1806 691 εἰρώτα
1864 624 1951 677 τὸν
1988 647 2012 679 2

282 709 617 779 Ἀλέξανδρον
647 711 674 761 ὁ
706 710 940 778 Πρωτεὺς
969 712 1042 764 τίς
1075 712 1147 776 εἴη
1188 711 1266 762 καὶ
1297 711 1472 762 ὁκόθεν
1509 709 1673 763 πλέοι.
1763 710 1789 760 ὁ
1818 709 1874 762 δέ
1905 713 1951 762 οἱ

283 795 362 848 καὶ
392 795 447 848 τὸ
487 795 632 864 γένος
669 794 904 865 κατέλεξε
943 794 1020 846 καὶ
1056 799 1143 860 τῆς
1181 794 1369 862 πάτρης
1406 794 1514 848 εἰπε
1550 794 1608 846 τὸ
1645 794 1831 860 οὕνομα
1873 795 1951 846 καὶ

281 879 338 945 δὴ
386 881 466 934 καὶ
508 879 594 933 τὸν
638 881 798 933 πλόον
841 878 1140 947 ἀπηγήσατο
1187 880 1363 932 ὁκόθεν
1407 879 1568 932 πλέοι.
1657 881 1780 945 μετὰ
1825 882 1879 932 δὲ
1922 880 1950 931 ὁ
1991 902 2016 945 3

210 982 257 1014 ιο
281 964 518 1035 Πρωτεὺς
549 965 727 1033 εἰρώτα
761 963 909 1016 αὐτὸν
946 964 1122 1016 ὁκόθεν
1157 964 1248 1030 τὴν
1277 964 1494 1030 Ἑλένην
1527 963 1699 1031 λάβοι·
1746 971 1944 1018 πλανω-

277 1048 430 1116 μένου
459 1053 513 1103 δὲ
542 1055 629 1102 τοῦ
660 1048 996 1116 Ἀλεξάνδρου
1026 1051 1080 1102 ἐν
1111 1055 1177 1120 τῷ
1213 1050 1351 1120 λόγῳ
1387 1051 1464 1102 καὶ
1500 1050 1558 1102 οὐ
1586 1049 1827 1117 λέγοντος
1856 1049 1949 1114 τὴν

279 1135 519 1200 ἀληθείην
563 1134 786 1202 ἤλεγχον
827 1137 873 1187 οἱ
914 1135 1175 1201 γενόμενοι
1221 1127 1377 1187 ἱκέται
1420 1134 1742 1202 ἐξηγεύμενοι
1786 1133 1950 1187 πάντα

277 1219 434 1286 λόγον
483 1224 569 1272 τοῦ
621 1218 933 1285 ἀδικήματος.
1038 1218 1186 1273 τέλος
1230 1222 1283 1272 δὲ
1336 1218 1395 1284 δή
1449 1226 1547 1286 σφι
1599 1220 1758 1286 λόγον
1804 1220 1947 1272 τόνδε
1982 1242 2009 1284 4

278 1305 504 1371 ἐκφαίνει
545 1306 571 1355 ὁ
616 1304 863 1371 Πρωτεύς,
906 1302 1072 1372 λέγων
1113 1306 1189 1356 ὅτι
1227 1304 1363 1372 Ἐγὼ
1406 1306 1448 1357 εἰ
1487 1303 1554 1370 μὴ
1597 1304 1709 1370 περὶ
1754 1309 1949 1356 πολλοῦ

197 1403 250 1447 Ὶ5
276 1388 496 1456 ἡγεύμην
545 1388 733 1455 μηδένα
783 1388 959 1454 ξείνων
1013 1390 1237 1450 κτείνειν,
1292 1390 1408 1441 ὅσοι
1464 1389 1547 1441 ὑπ’
1601 1388 1796 1454 ἀνέμων
1854 1388 1945 1453 ἤδη

277 1473 692 1542 ἀπολαμφθέντες
727 1473 884 1539 ἦλθον
914 1475 965 1527 ἐς
1000 1474 1169 1542 χώρην
1206 1473 1296 1539 τὴν
1329 1472 1467 1540 ἐμήν,
1502 1475 1602 1541 ἐγὼ
1638 1473 1699 1526 ἄν
1729 1494 1792 1525 σε
1823 1475 1945 1541 ὑπὲρ

275 1562 363 1609 τοῦ
397 1556 656 1624 οἘλληνος
709 1558 993 1624 ἐτεισάμην,
1040 1560 1110 1618 ὅς,
1159 1557 1196 1610 ὦ
1244 1557 1448 1626 κάκιστε
1493 1560 1702 1626 ἀνδρῶν,
1750 1555 1946 1621 ξεινίων

275 1632 439 1712 τυχὼν
497 1643 643 1710 ἔργον
695 1644 1032 1696 ἀνοσιώτατον
1075 1642 1325 1711 ἐργάσαο·
1395 1644 1527 1711 παρὰ
1578 1648 1664 1695 τοῦ
1724 1647 1945 1695 σεωυτοῦ

33 1780 162 1824 zm
253 1789 262 1799 ,
310 1729 441 1780 είνου
472 1727 562 1792 τὴν
591 1733 801 1795 γυναῖκα
832 1727 996 1793 ἦλθες·
1047 1728 1126 1780 καὶ
1155 1727 1294 1794 μάλα
1324 1727 1476 1781 ταῦτά
1512 1750 1588 1780 τοι
1620 1727 1708 1779 οὐκ
1743 1726 1942 1794 ἤρκεσε,

0 1798 267 1874 ζΜιῗῖ
274 1811 391 1864 αλλ’
441 1813 798 1880 ἀναπτερώσας
849 1812 1001 1878 αὐτὴν
1051 1814 1214 1881 οἴχεαι
1266 1814 1398 1882 ἔχων
1449 1808 1755 1880 [ἐκκλέψας].
1866 1812 1946 1864 καὶ
1986 1834 2007 1880 5

273 1895 384 1949 οὐδὲ
414 1895 566 1949 ταῦτά
596 1918 673 1949 τοι
701 1903 857 1963 μοῦνα
888 1897 1087 1965 ἤρκεσε,
1123 1900 1256 1950 ἀλλὰ
1289 1898 1368 1950 καὶ
1398 1891 1459 1950 τᾶ
1489 1899 1620 1950 οἰκία
1655 1902 1743 1949 τοῦ
1781 1895 1946 1962 ξείνου

275 1976 507 2049 κεραΐσας
551 1982 700 2047 ἥκεις.
789 1987 877 2035 νῦν
922 1981 992 2034 ὧν
1037 1982 1204 2047 ἐπειδὴ
1237 1984 1363 2050 ’περὶ
1409 1987 1602 2035 πολλοῦ
1646 1981 1833 2049 ἥγημαι
1876 1981 1942 2047 μὴ
1980 1990 2009 2034 6

272 2064 644 2130 ξεινοκτονέειν,
685 2057 893 2134 γυναῖκα
927 2070 1019 2132 μὲν
1059 2067 1243 2132 ταύτην
1280 2068 1359 2120 καὶ
1395 2069 1456 2119 τὰ
1497 2065 1729 2136 χρήματα
1769 2067 1826 2118 οὔ
1867 2087 1945 2118 τοι

272 2150 477 2217 προήσω
498 2151 798 2219 ἀπάγεσθαι,
822 2151 937 2204 ἀλλ’
958 2151 1082 2203 αὐτὰ
1106 2153 1203 2219 ἐγὼ
1223 2157 1290 2222 τῷ
1302 2150 1523 2217 “Ελληνι
1546 2150 1690 2222 ξείνῳ
1713 2149 1939 2225 φυλάξω,

197 2252 246 2294 25
271 2235 323 2289 ἐς
353 2234 379 2286 ὃ
411 2234 471 2288 ἂν
508 2236 653 2290 αὐτὸς
689 2237 850 2289 ἐλθὼν
883 2238 1070 2290 ἐκεῖνος
1106 2235 1459 2304 ἀπαγαγέσθαι
1495 2235 1662 2308 ἐθέλῃ·
1708 2235 1856 2288 αὐτὸν
1887 2235 1942 2288 δέ

271 2340 331 2373 σε
362 2320 441 2372 καὶ
472 2320 585 2374 τοὺς
622 2322 742 2375 σοὺς
779 2322 1067 2387 συμπλόους
1105 2327 1253 2388 τριῶν
1282 2321 1505 2390 ἡμερέων
1535 2321 1854 2388 προαγορεύω
1885 2322 1939 2372 ἐκ

328 2471 344 2499 Ι
378 2463 398 2501 ὁ
418 2461 511 2502 add.
538 2460 736 2513 Krueger
868 2460 1032 2503 ἀνόσιον
1054 2460 1088 2499 C
1214 2464 1341 2515 ἐξεργ.
1366 2461 1399 2500 Ρ
1415 2461 1453 2501 R
1470 2460 1551 2501 SV
1735 2473 1759 2498 2
1791 2461 1881 2501 εἶδῶ
1904 2459 1938 2498 L

270 2514 510 2556 {inABC
624 2515 1008 2566 gvofiroPRSV
1130 2514 1618 2569 aav57÷(v)PRSV,
1701 2514 1938 2565 Bb'uouaC

272 2582 320 2608 12
359 2570 512 2613 οικέται
543 2570 625 2612 SV
852 2583 901 2621 13
941 2572 989 2620 δή
1019 2585 1100 2610 om.
1133 2570 1317 2610 PRSV
1546 2583 1593 2619 14
1625 2570 1825 2621 ἐκφαίνων
1848 2568 1938 2607 RV

272 2636 320 2676 15
349 2626 398 2675 δὴ
423 2625 509 2664 PR
527 2625 607 2666 SV
723 2628 773 2666 16
802 2627 1164 2678 &woAa4-‹p06'vrec
1187 2627 1222 2664 B
1337 2625 1404 2677 ἄν]
1432 2624 1511 2679 ’γάρ
1535 2625 1574 2663 R
1693 2637 1740 2673 17
1774 2626 1876 2665 ἐτισ.
1904 2623 1937 2661 L

266 2679 310 2722 ὃς
330 2679 380 2732 ὦ]
404 2682 502 2722 ὅσον
523 2680 563 2721 R
581 2682 662 2721 SV
852 2683 902 2720 18
941 2681 1104 2723 ἀνόσιον
1125 2679 1164 2720 R
1181 2677 1264 2720 SV
1398 2725 1405 2733 ,
1450 2693 1499 2730 19
1529 2680 1637 2732 ἔχων
1657 2678 1778 2727 ἦλθες
1802 2678 1840 2716 R
1857 2677 1938 2718 SV

268 2749 323 2774 20
351 2739 510 2788 οἴχεται
534 2735 573 2775 R
590 2735 657 2776 V:
686 2739 801 2789 οἵχου
823 2735 854 2776 S
970 2735 1172 2788 ἐκκλέψας
1191 2749 1272 2776 om.
1302 2736 1387 2775 PR
1404 2734 1486 2774 SV
1544 2758 1546 2760 -
1643 2747 1691 2773 21
1725 2734 1778 2775 τὰ
1800 2730 1939 2773 RSV

271 2787 462 2830 Eustath.
491 2791 537 2831 11.
561 2793 667 2842 364:
699 2804 778 2832 om.
801 2790 892 2831 rell.
1094 2804 1148 2830 22
1179 2791 1249 2832 οὖν
1270 2791 1361 2830 RV
1569 2803 1621 2839 23
1651 2787 1938 2842 ξεινοκτενέειν

271 2844 310 2941 R
326 2843 409 2941 {g
429 2845 619 2901 (-κτέειν)
807 2858 859 2897 25
890 2846 960 2889 ἐὰν
979 2844 1020 2885 Α
1034 2843 1069 2884 Β
1086 2845 1119 2885 C
1248 2848 1398 2888 ἐκεῖνος
1422 2845 1551 2887 ἐλθὼν
1570 2845 1610 2884 Α
1625 2844 1659 2883 Β
1675 2844 1710 2884 C
1836 2842 1936 2892 θέλη
