2098 3320
57 63 147 112 ΙΙΙ.
174 74 257 112 101

236 383 259 414 m

171 795 257 831 [02

164 2403 258 2451 103

915 61 963 108 H
982 53 1345 110 ΡΟΔΟΤΟΎ

300 192 472 244 Ἰνδῶν
503 197 602 244 τῶν
645 191 888 257 κατέλεξα
924 191 1122 245 πάντων
1165 192 1389 260 ἐμφανής
1425 195 1537 245 ἐστι
1579 192 1701 246 κατά
1740 216 1832 261 περ
1862 199 1961 247 τῶν

299 276 585 343 προβάτων,
621 277 699 328 καὶ
731 277 788 328 τὸ
820 282 996 346 χρῶμα
1026 278 1264 345 φορέουσι
1288 279 1459 343 ὅμοιον
1483 277 1662 331 πάντες
1694 279 1771 330 καὶ
1802 299 1957 345 παρα-

299 361 520 425 πλήσιοι·
552 362 778 429 Αἰθίοψι.
868 362 897 426 ἡ
936 361 1058 428 γονὴ
1099 365 1152 413 δὲ
1192 363 1368 420 αὐτῶν,
1401 362 1491 426 τὴν
1532 364 1756 415 ἀπίενται
1793 365 1843 416 ἐς
1873 365 1960 416 τὰς

297 449 545 512 γυναῖκας,
581 446 638 496 οὐ
681 445 935 512 κατάπερ
974 451 1074 497 τῶν
1114 445 1284 497 ἄλλων
1324 447 1596 513 ἀνθρώπων
1636 447 1745 498 ἐστὶ
1788 446 1956 512 λευκή,

299 531 431 580 ἀλλὰ
461 529 675 593 μέλαινα
707 529 830 581 κατά
854 552 944 596 περ
970 529 1025 580 τὸ
1049 535 1239 598 χρῶμα·
1285 531 1514 594 τοιαύτην
1540 533 1592 582 δὲ
1618 531 1695 582 καὶ
1727 532 1959 586 Αἰθίοπες

298 614 524 665 ἀπίενται
585 612 752 681 θορήν.
859 614 992 665 οὗτοι
1043 616 1133 679 μὲν
1184 619 1283 666 τῶν
1334 614 1505 666 Ἰνδῶν
1558 614 1808 681 ἑκαστέρω
1860 620 1958 667 τῶν

299 696 540 763 Περσέων
592 697 811 750 οἰκέουσι
865 698 943 749 καὶ
995 698 1117 765 πρὸς
1176 699 1320 750 νότου
1372 698 1553 763 ἀνέμου
1613 699 1691 750 καὶ
1746 701 1958 765 Δαρείου

297 781 543 845 βασιλέος
575 782 764 847 οὐδαμὰ
794 781 1101 847 ὑπήκουσαν.
1165 782 1313 834 ἄλλοι
1337 785 1390 835 δὲ
1421 788 1519 834 τῶν
1548 783 1719 835 Ἰνδῶν
1746 786 1955 834 Κασπα-

296 867 422 935 τύρῳ
459 887 513 917 τε
551 868 671 918 πόλι
713 867 791 918 καὶ
829 875 889 940 τῇ
927 871 1183 940 Πακτυϊκῇ
1213 868 1351 939 χώρῃ
1383 868 1482 919 εἶσὶ
1513 867 1800 934 πρόσουροι,
1835 867 1958 934 πρὸς

297 949 475 1016 ἄρκτου
527 973 582 1003 τε
634 951 713 1002 καὶ
765 950 929 1018 βορέω
990 951 1174 1016 ἀνέμου
1234 951 1574 1017 κατοικημένοι
1632 956 1729 1004 τῶν
1786 951 1957 1004 ἄλλων

298 1035 485 1092 Ἰνδῶν,
531 1035 576 1086 οἳ
622 1036 908 1103 Βακτρίοισι
949 1038 1305 1103 παραπλησίην
1347 1036 1524 1105 ἔχουσι
1569 1038 1774 1088 δίαιταν·
1823 1036 1957 1088 οὗτοι

299 1120 378 1171 καὶ
408 1120 755 1187 μαχιμώτατοί
777 1122 874 1172 εἰσι
904 1121 1075 1172 Ἰνδῶν
1106 1122 1185 1172 καὶ
1217 1123 1262 1172 οἱ
1293 1121 1375 1172 ἐπὶ
1396 1125 1491 1173 τὸν
1520 1124 1710 1188 χρυσὸν
1740 1121 1973 1172 στελλόι

295 1205 439 1269 μενοί
485 1206 584 1256 εἶσι
630 1205 782 1256 οὗτοι·
849 1207 970 1256 κατὰ
1018 1206 1111 1272 γὰρ
1158 1206 1303 1256 τοῦτό
1348 1207 1460 1256 ε’στι
1513 1206 1685 1272 ἐρημίη
1738 1206 1817 1256 διὰ
1867 1204 1958 1269 τὴν

295 1287 523 1355 ψάμμον.
590 1290 644 1340 ἐν
674 1289 733 1354 δὴ
765 1286 833 1340 ὧν
863 1291 921 1361 τῇ
948 1290 1119 1361 ἐρημίῃ
1143 1289 1297 1361 ταύτῃ
1324 1289 1401 1340 καὶ
1431 1290 1489 1361 τῇ
1513 1288 1704 1358 ψάμμῳ
1735 1289 1958 1356 γίνονται

295 1374 543 1440 μύρμηκες
572 1372 792 1440 μεγάθεα
824 1375 1027 1442 ἔχοντες
1059 1378 1216 1426 κυνῶν
1246 1376 1337 1439 μὲν
1374 1373 1649 1433 ἐλάσσονα,
1684 1372 1958 1425 ἀλωπέκων

296 1460 350 1509 δὲ
378 1456 574 1522 μέζονα·
623 1459 723 1510 εἰσὶ
753 1460 847 1525 γὰρ
879 1458 1037 1510 αὐτῶν
1070 1458 1149 1510 καὶ
1180 1460 1312 1526 παρὰ
1347 1457 1556 1524 βασιλέϊ
1585 1462 1683 1510 τῶν
1715 1456 1957 1525 Περσέων

296 1543 524 1594 ἐνθεῦτεν
574 1542 909 1608 θηρευθέντες.
998 1543 1132 1594 οὗτοι
1178 1539 1246 1594 ὧν
1292 1545 1338 1594 οἱ
1382 1543 1629 1609 μύρμηκες
1675 1541 1957 1607 ποιεύμενοι

295 1628 492 1690 οἴκησιν
532 1626 627 1678 ὑπὸ
664 1629 759 1693 γῆν
795 1626 1133 1694 ἀναφορέουσι
1168 1626 1259 1691 τὴν
1294 1626 1504 1694 ψάμμον
1546 1625 1668 1678 κατά
1704 1647 1795 1692 περ
1825 1628 1871 1678 οἱ
1903 1628 1958 1678 ἐν

295 1708 694 1775 τοῖσι““Ἐλλησι
738 1714 985 1778 μύρμηκες
1030 1714 1153 1763 κατὰ
1196 1711 1283 1763 τὸν
1328 1711 1477 1763 αὐτὸν
1520 1712 1717 1777 τρόπον,
1761 1710 1860 1762 εἰσὶ
1903 1712 1957 1762 δὲ

297 1795 376 1845 καὶ
406 1794 463 1845 τὸ
495 1795 622 1848 εἶδος
657 1797 956 1860 ὁμοιότατοι·
1001 1796 1030 1861 ἡ
1068 1798 1121 1848 δὲ
1155 1794 1362 1862 ψάμμος
1395 1796 1425 1860 ἡ
1463 1794 1808 1862 ἀναφερομένη
1846 1795 1957 1847 ἐστὶ

295 1884 537 1945 χρυσῖτις.
628 1881 707 1931 ἐπὶ
745 1879 801 1943 δὴ
839 1880 1022 1944 ταύτην
1057 1880 1147 1944 τὴν
1182 1879 1394 1947 ψάμμον
1436 1879 1738 1931 στέλλονται
1778 1881 1828 1933 ἐς
1866 1878 1956 1943 τὴν

297 1962 479 2028 ἔρημον
511 1966 557 2015 οἱ
588 1963 751 2024 Ἰνδοί,
782 1962 1070 2030 ζευξάμενος
1101 1965 1310 2018 ἕκαστος
1335 1963 1583 2029 καμήλους
1613 1969 1759 2031 τρεῖς,
1787 1984 1953 2029 σειρη-

298 2047 458 2114 φόρον
479 2050 572 2112 μὲν
596 2046 897 2114 ἑκατέρωθεν
918 2048 1098 2114 ἔρσενα
1123 2046 1403 2114 παρέλκειν,
1427 2047 1612 2112 θήλεαν
1631 2051 1684 2100 δὲ
1708 2050 1758 2101 ἐς
1779 2046 1954 2112 μέσον·

297 2133 378 2183 ἐπὶ
431 2132 613 2196 ταύτην
665 2132 722 2196 δὴ
777 2131 920 2186 αὐτὸς
972 2132 1249 2197 ἀναβαίνει,
1305 2132 1630 2196 ἐπιτηδεύσας
1681 2133 1805 2185 ὅκως
1857 2130 1956 2183 ἀπὸ

297 2214 483 2267 τέκνων
509 2217 573 2269 ὡς
597 2215 853 2267 νεωτάτων
878 2215 1181 2270 ἀποσπάσας
1214 2215 1383 2280 ζεύξει·
1429 2218 1478 2268 αἱ
1503 2214 1598 2283 γάρ
1623 2222 1721 2283 σφι
1745 2214 1956 2280 κάμηλοι

297 2301 462 2352 ἵππων
492 2299 578 2351 οὐκ
609 2301 830 2364 ἥσσονες
861 2302 912 2354 ἐς
942 2299 1190 2369 ταχυτῆτά
1222 2302 1339 2359 εἰσι,
1363 2300 1516 2367 χωρὶς
1539 2302 1594 2351 δὲ
1621 2299 1781 2368 ἄχθεα
1810 2302 1952 2351 δυνα-

295 2385 504 2451 τώτεραι
543 2384 737 2438 πολλὸν
777 2383 964 2452 φέρειν.
1053 2384 1110 2436 τὸ
1149 2386 1241 2449 μὲν
1281 2383 1338 2448 δὴ
1386 2383 1513 2438 εἶδος
1553 2384 1717 2436 ὁκοῖόν
1761 2404 1806 2435 τι
1850 2382 1957 2450 ἔχει

354 2536 379 2561 2
426 2522 576 2564 πάντες
603 2553 613 2562 .
645 2553 654 2562 .
685 2552 695 2562 .
728 2524 783 2565 εἷς
831 2524 903 2565 τὰς
950 2539 1019 2575 γυ·
1068 2522 1110 2560 in
1161 2535 1291 2571 marg.
1335 2521 1391 2560 Rl
1567 2523 1633 2563 καὶ
1672 2534 1753 2562 om.
1798 2521 1839 2559 R
1864 2520 1895 2560 S
1919 2521 1958 2560 V

297 2590 323 2627 3
344 2583 387 2617 et
405 2579 432 2616 6
462 2578 647 2619 ἇπίονται
667 2577 706 2616 A
722 2578 756 2616 B
773 2578 806 2616 C
970 2580 997 2616 6
1027 2576 1202 2631 ἑκατέρω
1231 2577 1270 2615 R
1285 2577 1315 2616 S
1331 2577 1366 2615 V
1530 2589 1557 2625 9
1585 2576 1703 2617 πόλει
1723 2577 1763 2615 Α
1777 2576 1812 2615 Β
1825 2576 1863 2615 V
1876 2576 1954 2629 [C]

298 2635 488 2681 Πακτυκῆ
512 2632 551 2670 R
663 2632 871 2686 πρόσοικοι
894 2632 932 2670 R
949 2632 978 2671 S
992 2633 1030 2671 V
1199 2645 1249 2671 10
1277 2647 1439 2673 κατωικ.
1461 2630 1499 2668 Α
1515 2631 1549 2669 Β
1659 2629 1763 2681 τῶν]
1791 2631 1855 2672 καὶ
1875 2634 1955 2671 τῶν

297 2687 485 2726 ABCP
699 2700 742 2725 11
777 2686 1152 2739 Bdtc‘rpotmRSV
1366 2698 1413 2723 12
1444 2684 1768 2726 oa‘om.ABC:
1796 2685 1894 2725 add.
1921 2685 1956 2723 P

302 2754 349 2790 13
381 2742 506 2795 ἐρήμη
532 2741 572 2779 R
588 2741 617 2781 S
631 2741 670 2779 V
783 2754 830 2790 14
863 2742 992 2794 ἐρήμω
1015 2741 1054 2779 R
1068 2742 1107 2780 V
1125 2756 1133 2780 :
1165 2741 1288 2794 ἐρήμη
1311 2741 1341 2779 S
1472 2753 1520 2790 15
1550 2738 1792 2781 ἀλωπεκέων
1812 2739 1853 2779 Α
1868 2740 1902 2778 Β
1919 2739 1952 2778 C

301 2799 350 2835 16
378 2796 542 2847 μείζονα
566 2796 656 2834 RV
766 2801 824 2848 τῷ
844 2803 891 2835 Π.
923 2795 1095 2835 Bekker
1118 2839 1120 2841 ,
1228 2798 1276 2834 18
1306 2793 1612 2848 ἀναφέρουσκν)
1635 2794 1796 2847 ψάμμον
1818 2794 1858 2833 R
1873 2793 1954 2833 SV

301 2863 351 2899 19
379 2852 482 2892 κατὰ
503 2851 726 2901 Krueger:
757 2852 822 2892 καὶ
847 2850 880 2888 L
1096 2864 1150 2890 20
1177 2850 1245 2902 τὸ]
1270 2852 1379 2891 αὐτοὶ
1399 2849 1488 2888 ΑΒ
1505 2850 1538 2888 C
1731 2861 1780 2887 21
1813 2849 1951 2897 ἐπειδὴ

296 2904 380 2944 BC
416 2906 540 2955 (corr.
578 2906 619 2952 ι)
657 2905 748 2944 RV
966 2917 1018 2954 23
1060 2905 1203 2958 ἔρσενα
1236 2903 1279 2945 δὲ
1315 2904 1459 2943 RSV
1624 2903 1788 2952 θήλειαν
1814 2900 1950 2944 ABC

295 2972 346 3012 24
377 2960 446 3012 δὴ]
469 2959 503 3001 δ’
526 2960 564 2999 R
580 2960 659 3002 SV
823 2972 874 3009 25
908 2958 1029 3012 ζεύξει
1052 2959 1245 2999 Bekker:
1280 2958 1448 3012 ζεύξη<ι)
1473 2959 1505 3000 L

1986 973 2032 1000 10

1986 1391 2030 1433 Ῑ5

1982 1811 2031 1840 20

1981 2236 2028 2278 25
