2098 3320
842 122 1224 171 ΙΣΤΟΡΙΩΝ
1289 124 1327 171 Β
1967 130 2094 180 11.6

251 252 314 320 ἤν
353 274 408 305 τε
448 254 573 305 ἑκὼν
616 252 678 318 ἥν
721 275 774 305 τε
817 252 994 313 ἀέκων,
1036 252 1269 306 τεθνάναι
1317 253 1523 323 ἀνάγκη.
1614 261 1824 309 πολλῶν
1870 261 1923 310 δὲ
1963 259 2038 307 66

253 339 439 391 ἐόντων
474 338 769 406 ὁμοτρόφων
804 342 937 390 τοῖσι
975 338 1284 406 ἀνθρώποισι
1321 341 1503 406 θηρίων
1539 346 1715 412 πολλῷ
1752 341 1813 393 ἂν
1849 342 1922 394 ἔτι

253 421 392 477 πλέω
434 424 644 490 ἐγίνετο,
684 424 727 475 εἰ
760 422 826 488 μὴ
869 422 1224 489 κατελάμβανε
1259 424 1374 478 τοὺς
1413 425 1701 492 αἰελούρους
1738 425 1917 479 τοιάδε.

254 509 406 560 ἐπεὰν
434 506 616 559 τέκωσι
647 510 697 559 αῖ
723 506 913 572 θήλεαι,
940 505 1103 572 οὐκέτι
1135 513 1354 576 φοιτῶσι
1384 511 1518 576 παρὰ
1548 510 1661 564 τοὺς
1693 510 1918 578 ἔρσενας·

205 617 228 659 5
254 594 300 645 οἱ
342 594 395 645 δὲ
433 590 681 657 διζήμενοι
724 593 1001 659 μίσγεσθαι
1045 591 1225 666 αὐτῇσι
1268 592 1354 646 οὐκ
1399 593 1593 662 ἔχουσι.
1683 594 1806 662 πρὸς
1850 592 1919 649 ὧν

253 681 404 729 ταῦτα
448 677 744 744 σοφίζονται
787 676 920 730 τάδε·
969 676 1270 744 ἁρπάζοντες
1315 676 1413 732 ἀπὸ
1457 682 1556 731 τῶν
1600 678 1795 745 θηλέων
1841 681 1919 732 καὶ

252 761 599 829 ὑπαιρεόμενοι
622 763 682 813 τὰ
711 758 860 813 τέκνα
891 762 1158 821 κτείνουσι,
1187 763 1464 817 κτείναντες
1486 761 1656 829 μέντοι
1679 764 1737 816 οὐ
1767 763 1916 817 πατέ-

253 866 410 899 ονται.
499 847 550 898 αἱ
586 848 640 898 δὲ
671 846 1056 913 στερισκόμεναι
1091 850 1190 899 τῶν
1219 844 1423 907 τέκνων,
1458 847 1630 900 ἄλλων
1659 851 1711 901 δὲ
1750 850 1915 902 ε’πιθυ-

1959 618 1981 648 b)

252 927 478 996 μέουσαι,
502 930 628 982 οὕτω
648 929 706 995 δὴ
726 927 1044 983 ἀπικνέονται
1064 933 1195 998 παρὰ
1215 931 1329 986 τοὺς
1349 932 1573 999 ἔρσενας·
1620 934 1918 1001 φιλότεκνον

183 1037 231 1066 10
254 1017 348 1082 γὰρ
398 1014 455 1067 τὸ
506 1016 691 1082 θηρίον.
781 1018 1021 1082 πυρκαϊῆς
1072 1018 1126 1068 δὲ
1177 1014 1443 1083 γινομένης
1495 1021 1604 1070 θεῖα
1654 1017 1919 1085 πρήγματα
1957 1041 1980 1084 3

255 1098 634 1165 καταλαμβάνει
697 1099 812 1153 τοὺς
878 1100 1179 1168 αἰελούρους·
1254 1103 1301 1153 οἱ
1357 1104 1449 1166 μὲν
1507 1103 1603 1169 γὰρ
1654 1103 1920 1170 Αἰγύπτιοι

253 1182 546 1238 διαστάντες
597 1186 825 1251 φυλακὰς
876 1185 1054 1252 ἔχουσι
1097 1188 1198 1237 τῶν
1241 1186 1528 1253 αἰελούρων,
1576 1185 1919 1252 ἀμελήσαντες

255 1267 529 1334 σβεννύναι
574 1267 632 1320 τὸ
678 1269 955 1334 καιόμενον,
998 1272 1044 1321 οἱ
1090 1272 1144 1322 δὲ
1188 1268 1438 1337 αἰέλουροι
1481 1270 1794 1326 διαδύνοντες
1838 1272 1918 1324 καὶ

251 1349 683 1423 ὖπερθρῴσκοντες
732 1352 846 1406 τοὺς
898 1354 1186 1420 ἀνθρώπους
1235 1354 1545 1408 ἐσάλλονται
1596 1357 1647 1410 ἐς
1696 1355 1756 1408 τὸ
1805 1360 1915 1422 πῦρ.

181 1462 228 1504 15
252 1441 406 1490 ταῦτα
446 1439 500 1490 δὲ
538 1438 776 1505 γινόμενα
815 1436 1000 1490 πένθεα
1038 1437 1235 1506 μεγάλα
1274 1438 1388 1493 τοὺς
1427 1441 1729 1507 Αἰγυπτίους
1768 1461 1913 1493 κατα·
1955 1463 1980 1504 4

251 1520 522 1588 λαμβάνει.
565 1541 569 1545 ’
595 1523 651 1574 ἐν
681 1521 870 1575 ὁτέοισι
893 1521 934 1574 δ’
958 1522 1018 1574 ἂν
1041 1524 1246 1575 οἰκίοισι
1276 1522 1534 1591 αἰέλουρος
1563 1522 1788 1597 ἀποθάνῃ
1819 1525 1919 1578 ἀπὸ

248 1611 339 1661 ,τοῦ
373 1605 666 1672 αὐτομάτου,
700 1609 746 1659 οἱ
784 1605 1087 1661 ἐνοικέοντες
1122 1606 1303 1662 πάντες
1332 1606 1575 1676 ξυρῶνται
1604 1610 1692 1663 τὰς
1727 1610 1918 1677 ὀφρύας

251 1691 453 1757 μούνας,
491 1690 606 1759 παρ’
653 1690 840 1743 ὁτέοισι
884 1690 926 1742 δ’
969 1691 1032 1744 ἂν
1078 1691 1221 1751 κύων,
1269 1695 1370 1746 πᾶν
1414 1698 1470 1745 τὸ
1515 1697 1659 1758 σῶμα
1706 1694 1783 1746 καὶ
1827 1694 1918 1759 τὴν

254 1773 498 1844 κεφαλήν.
586 1773 865 1843 ἀπάγονται
894 1778 947 1829 δὲ
983 1778 1030 1828 οἱ
1066 1775 1316 1844 αἰέλουροι
1352 1778 1687 1832 ἀποθανόντες
1723 1780 1775 1833 ε’ς
1811 1780 1918 1846 ἱρὰς
1957 1783 2026 1844 67

179 1886 230 1915 20
253 1859 454 1928 στέγας,
493 1860 614 1913 ἔνθα
651 1859 923 1914 θάπτονται
959 1859 1348 1929 ταριχευθέντες,
1389 1862 1443 1914 ἐν
1482 1860 1743 1928 Βουβάστι
1778 1864 1915 1915 πόλι·

250 1939 339 1999 τὰς
367 1947 422 1998 δὲ
454 1945 601 1999 κύνας
629 1947 687 1998 ἐν
709 1952 768 2019 τῇ
800 1947 995 1998 ἑωυτῶν
1025 1945 1232 1998 ἕκαστοι
1266 1946 1388 1998 πόλι
1418 1945 1665 1999 θάπτουσι
1696 1948 1749 2000 ἐν
1781 1950 1915 2021 ἱρῇσι

251 2028 450 2102 θήκῃσι.
520 2030 585 2083 ὡς
614 2032 668 2082 δὲ
691 2031 850 2085 αὕτως
879 2037 997 2104 τῇσι
1022 2030 1135 2082 κυσὶ
1159 2033 1205 2083 οἱ
1231 2031 1450 2099 ἰχνευταὶ
1475 2030 1760 2084 θάπτονται.
1828 2034 1916 2087 τὰς
1934 2028 2098 2082 hlum-

249 2116 303 2167 δὲ
331 2117 558 2182 μυγαλᾶς
590 2114 670 2166 καὶ
699 2115 812 2170 τοὺς
843 2116 1013 2182 ἴρηκας
1037 2114 1290 2182 ἀπάγουσι
1314 2117 1364 2170 ἐς
1390 2120 1606 2168 Βουτοῦν
1637 2117 1798 2175 πόλιν,
1828 2118 1918 2170 τὰς
1955 2123 2098 2189 {taen

248 2202 303 2251 δὲ
333 2200 440 2265 ἴβις
469 2200 522 2254 ἐς
551 2197 745 2267 Ἑρμέω
787 2200 952 2252 πόλιν.
1029 2202 1116 2254 τὰς
1153 2202 1206 2252 δὲ
1240 2199 1446 2267 ἄρκτους
1483 2200 1664 2255 ἐούσας
1700 2203 1917 2256 σπανίας
1951 2224 1975 2255 2

174 2309 223 2351 25
249 2285 329 2339 καὶ
364 2283 479 2338 τοὺς
520 2283 699 2338 λύκους
738 2283 796 2337 οὐ
836 2289 1011 2355 πολλῷ
1052 2305 1147 2355 τεῳ
1190 2285 1363 2339 ε’όντας
1399 2284 1672 2338 ἀλωπέκων
1706 2285 1916 2351 μέζονας

247 2367 397 2421 αὐτοῦ
427 2366 672 2422 θάπτουσι
703 2369 762 2441 τῇ
794 2368 856 2422 ἂν
886 2367 1153 2436 εὑρεθέωσι
1184 2370 1415 2435 κείμενοι.

301 2506 642 2549 25vvaSV
825 2506 1163 2558 3wAewaSV
1298 2507 1914 2550 a2÷A.A¹:aIA.BPRSV

246 2576 286 2656 ιλ
300 2561 507 2656 (geginam
530 2562 564 2602 P
579 2561 740 2667 Ῑξὴὸνε
769 2561 950 2656 ἰξιῖζσιὸξ
1049 2563 1076 2600 6
1104 2562 1534 2669 T“&3]]⁷}*121}35cv
1647 2576 1669 2613 7
1699 2563 1912 2657 δαέέῐιένῗι

535 2631 563 2668 9
662 2629 744 2656 om.
1101 2630 1151 2656 10
1178 2633 1232 2670 γα
1327 2635 1345 2658 ε
1611 2634 1654 2670 7¹
1688 2635 1723 2658 ν.
1902 2633 1910 2656 :

239 2678 333 2726 ’γεν.
353 2671 441 2712 ΑΒ
457 2672 492 2711 C
506 2672 536 2712 S
716 2684 761 2712 11
796 2673 875 2713 αἰλ.
904 2671 937 2710 Ρ
951 2672 986 2711 R
1003 2671 1084 2712 SV
1107 2671 1170 2721 (it.
1198 2635 1259 2722 125,
1291 2673 1356 2724 16)
1529 2684 1576 2722 13
1608 2634 1849 2720 σβζννῦνται
1873 2672 1911 2711 R

247 2727 348 2769 αἰέλ.
376 2727 498 2767 CB0:
529 2730 610 2768 αἵλ.
636 2726 726 2767 rell.
840 2726 1092 2768 διαδύνοντες
1119 2726 1278 2767 Cobet:
1311 2726 1539 2769 διαδύοντες
1562 2727 1595 2765 L
1722 2739 1769 2777 14
1800 2729 1913 2780 ὑπερ·

246 2786 426 2833 θρωσκον
455 2782 495 2820 R
509 2783 547 2821 V
731 2781 930 2823 ἅλλονται
957 2781 996 2821 Α
1010 2780 1045 2820 Β
1058 2781 1091 2819 C
1337 2794 1387 2831 15
1416 2782 1574 2824 τούτων
1595 2780 1639 2822 δὲ
1659 2781 1913 2835 ’γιγνομένων

248 2836 283 2876 Ρ
298 2836 337 2875 R
355 2836 386 2876 S
401 2837 439 2877 V
567 2838 662 2880 τοὺς
700 2849 785 2878 om.
826 2836 862 2875 B
880 2836 919 2875 R
935 2836 975 2875 V
1163 2849 1209 2887 17
1255 2840 1461 2891 ξυροῦνται
1499 2836 1588 2876 ΑΒ
1607 2836 1641 2875 C
1682 2838 1809 2884 (ares)
1852 2836 1910 2876 P:

245 2891 447 2943 ξυρέονται
471 2892 508 2931 R
525 2891 555 2930 S
569 2891 608 2930 V
691 2892 812 2945 ὀφρῦς
835 2891 874 2930 R
891 2891 920 2930 S
934 2891 973 2930 V
1107 2903 1156 2942 19
1186 2891 1411 2945 ἀπαγέαται
1434 2891 1468 2930 C
1554 2895 1635 2933 αἵλ.
1658 2890 1711 2930 Α1
1730 2891 1763 2931 Ρ
1778 2891 1817 2930 R
1832 2891 1862 2930 S
1875 2892 1913 2931 V

246 2959 299 2985 20
326 2946 445 2987 πόλει
465 2946 498 2984 C
511 2946 550 2984 V
572 2947 636 2998 (it.
653 2947 723 2999 21>
891 2958 945 2986 22
975 2945 1246 2999 θήβη(ι)σκν)
1272 2944 1326 2987 Β1
1342 2946 1380 2985 R
1397 2947 1427 2986 S
1442 2947 1479 2985 V
1645 2960 1698 2997 23
1725 2950 1912 2998 μυγαλᾶς

173 3042 176 3044 ,
246 3001 277 3040 S
289 3001 328 3040 V
490 3002 565 3044 τὰς
578 3031 589 3041 .
609 3031 619 3043 .
641 3033 650 3043 .
666 3002 789 3044 πόλιν
806 3013 891 3042 om.
915 3000 951 3041 P
963 3001 1003 3041 R
1018 3001 1048 3042 S
1061 3001 1099 3040 V
1318 3014 1371 3052 24
1403 3000 1593 3054 σπανίας]
1621 3003 1708 3056 ἱρὰς
1728 3000 1762 3041 Ρ
1776 3002 1815 3040 R
1831 3001 1862 3041 S
1875 3002 1913 3041 V

243 3068 296 3106 25
325 3074 371 3098 τε
395 3056 428 3097 Ρ
443 3057 483 3097 R
500 3056 531 3096 S
544 3056 581 3095 V
607 3069 619 3077 ·
675 3056 915 3100 ἀλωπεκέων
935 3056 969 3095 C
1108 3057 1161 3096 26
1191 3059 1377 3110 εὕρεθῶσι
1398 3055 1438 3096 Α
1450 3056 1486 3097 Β
1502 3056 1538 3097 C
1552 3056 1592 3098 R
1610 3071 1620 3097 τ
1651 3059 1813 3110 ἐρεθῶσι
1831 3055 1862 3096 S
1874 3056 1911 3095 V
