2098 3320
739 115 1115 184 ιΣτοΡιΩΝ
1179 135 1224 184 Δ
1850 138 1935 192 lv,
1961 151 2028 203 50

143 263 513 333 συμβάλλεται.
588 267 702 320 ἵσος
742 267 795 318 δὲ
833 266 929 318 αἰεὶ
965 265 1067 333 ῥέει
1103 265 1157 318 ἔν
1202 286 1257 319 τε
1301 262 1433 335 θέρέϊ
1478 265 1558 319 καὶ
1601 272 1810 336 χειμῶνι
1845 287 1870 319 2

142 352 170 403 ὁ
191 349 392 418 Ἴστρος
424 351 546 403 κατὰ
576 350 769 402 τοιόνδε
788 371 851 409 τι,
879 350 944 404 ὡς
978 350 1087 416 ἐμοὶ
1118 349 1293 404 δοκέειό
1340 356 1429 404 τοῦ
1449 353 1541 418 μὲν
1563 354 1809 421 χειμῶνός

142 438 253 489 ἐστι
288 435 409 489 ὅσος
451 456 546 501 περ
589 434 716 494 ἐστί,
761 435 918 504 ὀλίγῳ
963 456 1017 487 τε
1061 434 1221 501 μέζων
1264 438 1351 500 τῆς
1396 439 1579 488 ἑωυτοῦ
1623 437 1808 504 φύσιος

140 521 348 588 γίνεται·
393 520 530 572 ὕεται
558 520 654 586 γὰρ
685 519 714 584 ἡ
745 521 809 586 γῆ
840 520 961 584 αὕτη
998 524 1084 571 τοῦ
1113 524 1358 588 χειμῶνος
1394 519 1603 587 πάμπαν
1633 521 1806 592 ὀλίγῳ,

93 630 115 671 5
139 608 324 674 νιφετῷ
369 606 425 656 δὲ
465 605 527 655 τὰ
571 601 734 656 πάντα
777 607 974 672 χρᾶται.
1046 609 1133 656 τοῦ
1177 606 1231 656 δὲ
1275 603 1445 672 θέρεος
1481 605 1511 670 ἡ
1542 605 1668 674 χιὼν
1695 606 1725 671 ἡ
1756 608 1812 659 ἐν
1844 629 1870 674 3
1905 639 1907 642 ·

139 694 206 760 τῷ
237 692 446 757 χειμῶνι
476 691 724 747 πεσοῦσα,
760 689 915 740 ἐοῦσα
946 687 1263 756 ἀμφιλαφής,
1289 688 1534 754 τηκομένη
1565 688 1811 743 πάντοθεν

141 775 326 826 ἐκδιδοῖ
365 774 417 826 ἐς
459 771 547 827 τὸν
576 770 798 839 Ἴστρον.
873 773 994 837 αὕτη
1040 794 1094 825 τε
1130 772 1188 837 δὴ
1226 773 1256 838 ἡ
1293 774 1418 841 χιὼν
1459 775 1724 827 ἐκδιδοῦσα
1761 777 1812 829 ἐς

139 856 290 910 αὐτὸν
326 857 643 924 συμπληθύει
681 858 760 910 καὶ
805 859 989 924 ὄμβροι
1033 857 1221 910 πολλοί
1261 879 1315 909 τε
1361 859 1442 910 καὶ
1486 857 1672 925 λάβροι
1718 859 1812 912 σὺν

139 943 279 1015 αὐτῇ·
322 943 396 994 ὕει
427 943 522 1010 γὰρ
553 941 612 1006 δὴ
643 941 700 994 τὸ
732 940 890 1009 θέρος.
965 942 1071 1012 ὅσῳ
1102 944 1156 994 δὲ
1176 940 1333 994 πλέον
1364 941 1440 995 ἐπ’
1472 941 1653 995 ἑωυτὸν
1682 944 1812 1008 ὕδωρ
1846 962 1873 1005 4

68 1050 118 1080 10
140 1028 167 1079 ὁ
203 1027 346 1092 ἥλιος
387 1025 652 1081 ἐπέλκεται
693 1025 750 1079 ἐν
787 1031 855 1097 τῷ
898 1024 1030 1093 θέρεϊ
1062 1022 1092 1091 ἢ
1131 1025 1187 1078 ἐν
1221 1032 1289 1097 τῷ
1326 1031 1547 1095 χειμῶνι,
1586 1028 1811 1098 τοσούτῳ

139 1113 202 1164 τὰ
239 1111 623 1178 συμμισγόμενα
657 1116 723 1181 τῷ
747 1110 932 1181 Ἴστρῳ
968 1109 1337 1175 πολλαπλήσιά
1373 1110 1489 1163 ἐστι
1521 1115 1608 1163 τοῦ
1643 1110 1812 1179 θέρεος

139 1195 171 1262 ἤ
215 1218 309 1264 περ
352 1199 439 1247 τοῦ
482 1200 744 1265 χειμῶνος·
791 1194 1232 1261 ἆντιτιθέμεναδὲ
1275 1199 1430 1247 ταῦτα
1474 1194 1812 1264 ἆντισ-ῄκωσις
1839 1209 2098 1254 «Μίνωα-

0 908 25 939 ,ι

139 1281 346 1348 γίνεται,
380 1280 514 1332 ὥστε
544 1281 659 1332 ἴσον
688 1301 771 1346 μιν
804 1279 900 1332 αἰεὶ
931 1281 1206 1348 φαίνεσθαι
1235 1278 1426 1332 ἐόντα.-

225 1366 314 1419 Εῖς
352 1367 444 1431 μὲν
474 1364 533 1429 δὴ
564 1369 663 1416 τῶν
695 1369 930 1430 ποταμῶν
966 1368 1101 1416 τοῖσι
1131 1363 1360 1436 Σκύθῃσί
1394 1365 1506 1415 ἐστι
1537 1365 1563 1415 ὁ
1592 1362 1805 1429 Ἴστρος,
1845 1378 1899 1430 51

67 1472 82 1500 ι
92 1473 113 1513 5
138 1451 264 1516 μετὰ
293 1451 347 1502 δὲ
377 1453 553 1501 τοῦτον
585 1449 765 1516 Τύρης,
797 1448 851 1503 ὃς
889 1448 987 1501 ἀπὸ
1026 1447 1193 1517 βορέω
1233 1451 1325 1514 μὲν
1362 1446 1546 1514 ἀνέμου
1582 1450 1807 1516 ὁρμᾶται,

138 1532 346 1603 ἄρχεται
377 1536 431 1586 δὲ
470 1532 598 1601 ῥέων
631 1535 685 1585 ἐκ
715 1533 893 1599 λίμνης
932 1531 1159 1600 μεγάλης
1191 1532 1222 1597 ἣ
1260 1532 1438 1600 οὐρίζει
1474 1530 1563 1597 τήν
1599 1554 1654 1584 τε
1685 1535 1808 1582 Σκυ-

139 1617 281 1684 θικὴν
331 1619 410 1671 καὶ
458 1617 548 1682 τὴν
598 1619 815 1685 Νευρίδα
859 1620 970 1685 γῆν.
1061 1617 1142 1669 ἐπὶ
1190 1619 1243 1669 δὲ
1289 1622 1357 1687 τῷ
1406 1617 1616 1682 στόματι
1664 1616 1813 1667 αὐτοῦ

140 1703 454 1768 κατοίκηνται
494 1700 765 1767 “Ελληνες,
821 1702 867 1754 οἳ
917 1705 1124 1769 Τυρῖται
1178 1700 1456 1753 καλέονται.
1544 1702 1708 1768 τρίτος
1758 1701 1810 1751 δὲ
1847 1709 1911 1761 52

130 1786 346 1842 ’Ὕπανις
376 1786 597 1852 ποταμὸς
640 1788 849 1853 ὁρμᾶται
887 1788 980 1852 μὲν
1022 1787 1075 1837 ἐκ
1115 1789 1203 1851 τῆς
1234 1788 1492 1850 Σκυθικῆς,
1524 1784 1626 1852 ῥέει
1661 1786 1714 1836 δὲ
1756 1785 1810 1835 ἐκ

65 1893 117 1922 20
139 1872 318 1938 λίμνης
359 1870 584 1940 μεγάλης
627 1870 718 1936 τὴν
765 1869 915 1938 πέριξ
952 1869 1187 1936 νέμονται
1230 1871 1373 1922 ἵπποι
1417 1868 1582 1937 ἄγριοι
1622 1869 1808 1920 λευκοί.

141 1955 371 2009 καλέεται
394 1959 447 2009 δὲ
468 1956 499 2022 ἡ
523 1958 677 2023 λίμνη
702 1956 822 2020 αὕτη
848 1957 1006 2022 ὀρθῶς
1034 1953 1194 2022 μήτηρ
1223 1952 1479 2008 Ὑπάνιος.
1554 1955 1608 2004 ἐκ
1632 1952 1811 2017 ταύτης
1839 1972 1865 2005 2

139 2038 208 2094 ὧν
239 2040 530 2094 ἀνατέλλων
563 2041 589 2091 ὁ
610 2039 827 2093 ‘'Tm-aves·
859 2038 1080 2104 ποταμὸς
1119 2037 1221 2106 ῥέει
1257 2038 1337 2091 ἐπὶ
1377 2041 1468 2104 μὲν
1504 2036 1652 2090 πέντε
1688 2037 1807 2102 ἡμε-

0 2110 267 2197 Qpe'oev
311 2126 473 2179 πλόον
517 2124 714 2193 βραχὺς
761 2124 840 2176 καὶ
885 2123 1068 2191 γλυκὺς
1109 2123 1196 2182 ἔτι,
1244 2122 1343 2175 ἀπὸ
1383 2125 1436 2175 δὲ
1466 2122 1642 2174 τούτου
1685 2120 1810 2187 πρὸς

140 2209 406 2276 θαλάσσης
435 2208 694 2277 τεσσέρων
724 2207 947 2276 ἡμερέων
983 2208 1144 2261 πλόον
1180 2206 1351 2277 πικρὸς
1387 2208 1550 2261 αἰνῶς.
1626 2207 1812 2258 ἐκδιδοῖ
1842 2220 2098 2274 fimus-1

67 2318 114 2359 25
139 2296 235 2362 γὰρ
266 2296 316 2349 ἐς
346 2294 495 2347 αὐτὸν
536 2293 686 2361 κρήνη
726 2291 890 2360 πικρή,
926 2293 1052 2344 οὕτω
1093 2290 1151 2356 δή
1188 2313 1236 2343 τι
1273 2293 1428 2343 ἐοῦσα
1463 2288 1627 2358 πικρή,
1661 2287 1691 2354 ἢ
1721 2311 1806 2355 με-

140 2377 284 2446 γάθεϊ
323 2378 505 2446 σμικρὴ
549 2380 703 2431 ἐοῦσα
745 2384 886 2448 κιρνᾷ
925 2375 1012 2429 τὸν
1033 2374 1269 2435 “Ὑπανιν,
1295 2366 1449 2427 ’ἐόντα
1489 2373 1712 2439 ποταμὸν
1753 2375 1808 2444 ἐν
1831 2395 2098 2463 Q

139 2463 361 2538 ὀλίγοισι
402 2462 575 2532 μέγαν.
663 2462 775 2514 ἔστι
811 2464 864 2513 δὲ
899 2461 929 2526 ἡ
967 2460 1118 2528 κρήνη
1151 2462 1271 2525 αὕτη
1315 2461 1369 2512 ἐν
1410 2459 1601 2526 οὔροισι
1641 2457 1806 2527 χώρης
1958 2447 2098 2508 *⁰⁶¹³*

138 2550 226 2613 τῆς
269 2569 323 2600 τε
367 2546 620 2615 ἀροτήρων
666 2545 895 2598 Σκυθέων
941 2545 1020 2597 καὶ
1064 2544 1366 2607 Ἀλιζώνων·
1419 2543 1606 2609 οὕνομα
1650 2544 1702 2594 δὲ
1746 2549 1807 2615 τῇ

196 2697 214 2724 1
248 2683 312 2737 δὲ]
330 2701 378 2726 τε
396 2685 430 2723 C
515 2682 601 2735 καὶ]
619 2685 681 2725 καὶ
704 2685 748 2724 ἐν
771 2682 810 2720 R
826 2682 908 2721 SV
1018 2693 1044 2730 3
1072 2678 1217 2732 μείζων
1236 2680 1274 2718 R
1290 2679 1396 2719 SV:
1425 2677 1531 2730 μέζω
1554 2679 1586 2717 C
1699 2690 1723 2728 5
1754 2679 1806 2720 τὰ

139 2752 222 2781 om.
247 2739 287 2778 A
301 2739 336 2778 Β
354 2739 387 2778 C
402 2739 435 2778 P
573 2739 739 2792 χρέεται
761 2738 794 2777 Ρ
811 2737 850 2775 R
865 2736 946 2776 SV
1150 2748 1171 2784 7
1203 2738 1356 2775 ἐκδιδοῖ
1373 2734 1586 2774 Bredow:
1620 2736 1746 2774 ἐσδιδ.
1772 2734 1806 2772 L

139 2812 187 2835 τε
207 2795 277 2847 δὴ]
301 2793 344 2836 δὲ
367 2794 400 2832 C
531 2797 745 2834 ἐκδιδοῦσα
766 2793 799 2831 C
818 2807 826 2830 :
858 2794 982 2832 ἐσδιδ,
1004 2789 1044 2829 Α
1058 2790 1092 2829 Β
1109 2789 1142 2828 Ρ
1157 2790 1196 2828 R
1214 2803 1223 2827 :
1255 2792 1431 2830 ἐσδοῦσα
1451 2788 1481 2827 S
1498 2789 1532 2827 V
1699 2801 1727 2838 9
1757 2790 1806 2837 δὴ

140 2863 222 2890 om.
242 2849 276 2888 P
391 2862 436 2888 11
458 2847 755 2890 πολλαπλάσιά
772 2847 805 2886 Ρ
819 2847 854 2886 R
873 2847 902 2886 S
918 2846 954 2884 V
1065 2844 1200 2897 θέρους
1218 2844 1257 2883 R
1374 2856 1420 2892 14
1441 2847 1549 2884 τοῖσι
1570 2855 1648 2882 om.
1664 2841 1705 2881 A
1723 2843 1756 2882 B
1771 2843 1806 2882 C

141 2907 162 2944 ὁ
183 2916 264 2943 om.
290 2903 425 2943 RSV
558 2915 607 2952 15
637 2902 782 2956 βορέου
805 2901 940 2941 RSV
1075 2902 1123 2938 16
1153 2900 1317 2953 ἔρχεται
1340 2898 1525 2937 ABCP
1653 2911 1699 2948 17
1730 2899 1808 2947 τὴν

141 2972 228 2999 om.
248 2958 386 2998 ΑΒΕ
402 2958 435 2996 Ρ
603 2959 652 2996 18
679 2959 852 3010 Τυρῆται
875 2956 958 2995 SV
1110 2967 1159 3004 19
1187 2953 1263 3004 μὲν
1283 2966 1364 2994 om.
1390 2952 1429 2991 A
1574 2965 1625 3002 23
1656 2953 1717 2993 ἔτι
1738 2952 1804 2993 R:

143 3014 299 3063 ἐστι(ν)
323 3013 414 3053 rell.
530 3025 581 3062 24
601 3016 747 3064 πικρῶς
766 3012 804 3050 R
819 3010 855 3048 V
966 3014 1099 3051 δεινῶς
1115 3009 1155 3047 Α
1170 3009 1204 3047 Β
1222 3009 1255 3047 C
1272 3009 1305 3047 P
1415 3009 1468 3048 28
1489 3006 1717 3059 Ἀλιζῶνων
1737 3007 1776 3047 R
1795 3019 1805 3047 z

145 3067 361 3120 Ἀλιζόνων
374 3067 432 3107 Ac
448 3082 456 3107 :
487 3066 720 3118 Ἀλαζώνων
743 3067 772 3106 S
793 3081 802 3106 t
833 3064 1061 3116 Ἀλαζόνων
1080 3063 1135 3102 Αι
1152 3064 1185 3103 Β
1203 3064 1234 3103 C
1254 3062 1334 3103 PV
