<?xml version="1.0" encoding="UTF-8"?>
<!DOCTYPE html PUBLIC "-//W3C//DTD XHTML 1.0 Transitional//EN"
    "http://www.w3.org/TR/xhtml1/DTD/xhtml1-transitional.dtd">
<html xmlns="http://www.w3.org/1999/xhtml" xml:lang="en" lang="en">
 <head>
  <title>
</title>
<meta http-equiv="Content-Type" content="text/html;charset=utf-8" />
  <meta name='ocr-system' content='tesseract 3.04.00' />
  <meta name='ocr-capabilities' content='ocr_page ocr_carea ocr_par ocr_line ocrx_word'/>
</head>
<body>
  <div class='ocr_page' id='page_1' title='image "./herodotihistoria01herouoft_0424.png"; bbox 0 0 2098 3320; ppageno 0'>
   <div class='ocr_carea' id='block_1_1' title="bbox 63 40 1374 128">
    <p class='ocr_par' dir='ltr' id='par_1_1' title="bbox 63 40 1374 128">
     <span class='ocr_line' id='line_1_1' title="bbox 63 40 1374 128; baseline -0.002 -2"><span class='ocrx_word' id='word_1_1' title='bbox 63 55 155 128; x_wconf 61' lang='lat' dir='ltr'>W</span> <span class='ocrx_word' id='word_1_2' title='bbox 182 44 276 127; x_wconf 76' lang='lat'>186</span> <span class='ocrx_word' id='word_1_3' title='bbox 940 40 1374 124; x_wconf 26' lang='lat' dir='ltr'>HPOAOT&#39;OT</span> 
     </span>
    </p>
   </div>
   <div class='ocr_carea' id='block_1_2' title="bbox 0 204 2062 2382">
    <p class='ocr_par' dir='ltr' id='par_1_2' title="bbox 0 204 2062 2382">
     <span class='ocr_line' id='line_1_2' title="bbox 310 204 1983 278; baseline 0.005 -23"><span class='ocrx_word' id='word_1_4' title='bbox 310 204 459 264; x_wconf 80' lang='grc' dir='ltr'>Ἶσιν,</span> <span class='ocrx_word' id='word_1_5' title='bbox 494 205 628 257; x_wconf 78' lang='grc' dir='ltr'>ἀλλὰ</span> <span class='ocrx_word' id='word_1_6' title='bbox 660 205 738 257; x_wconf 87' lang='grc' dir='ltr'>καὶ</span> <span class='ocrx_word' id='word_1_7' title='bbox 769 206 1000 270; x_wconf 76' lang='grc' dir='ltr'>νηστείας</span> <span class='ocrx_word' id='word_1_8' title='bbox 1034 205 1155 278; x_wconf 82' lang='grc' dir='ltr'>αὐτῇ</span> <span class='ocrx_word' id='word_1_9' title='bbox 1187 206 1265 257; x_wconf 88' lang='grc' dir='ltr'>καὶ</span> <span class='ocrx_word' id='word_1_10' title='bbox 1302 207 1447 273; x_wconf 81' lang='grc' dir='ltr'>ὁρτὰς</span> <span class='ocrx_word' id='word_1_11' title='bbox 1479 206 1807 260; x_wconf 80' lang='grc' dir='ltr'>ἐπιτελέουσι·</span> <span class='ocrx_word' id='word_1_12' title='bbox 1851 209 1910 261; x_wconf 85' lang='grc' dir='ltr'>αἱ·</span> <span class='ocrx_word' id='word_1_13' title='bbox 1929 211 1983 263; x_wconf 82' lang='grc' dir='ltr'>δὲ</span> 
     </span>
     <span class='ocr_line' id='line_1_3' title="bbox 317 289 1979 362; baseline 0.003 -22"><span class='ocrx_word' id='word_1_14' title='bbox 317 295 415 342; x_wconf 84' lang='grc' dir='ltr'>τῶν</span> <span class='ocrx_word' id='word_1_15' title='bbox 440 289 696 357; x_wconf 80' lang='grc' dir='ltr'>Βαρκαίων</span> <span class='ocrx_word' id='word_1_16' title='bbox 719 294 946 356; x_wconf 85' lang='grc' dir='ltr'>γυναῖκες</span> <span class='ocrx_word' id='word_1_17' title='bbox 979 289 1091 342; x_wconf 81' lang='grc' dir='ltr'>οὐδὲ</span> <span class='ocrx_word' id='word_1_18' title='bbox 1122 292 1222 342; x_wconf 86' lang='grc' dir='ltr'>ὑῶν</span> <span class='ocrx_word' id='word_1_19' title='bbox 1252 290 1374 357; x_wconf 90' lang='grc' dir='ltr'>πρὸς</span> <span class='ocrx_word' id='word_1_20' title='bbox 1404 291 1520 362; x_wconf 81' lang='grc' dir='ltr'>τῇσι</span> <span class='ocrx_word' id='word_1_21' title='bbox 1550 292 1706 356; x_wconf 89' lang='grc' dir='ltr'>βουσὶ</span> <span class='ocrx_word' id='word_1_22' title='bbox 1735 292 1979 359; x_wconf 84' lang='grc' dir='ltr'>γεύονται.</span> 
     </span>
     <span class='ocr_line' id='line_1_4' title="bbox 191 373 1985 442; baseline 0.004 -17"><span class='ocrx_word' id='word_1_23' title='bbox 191 379 279 440; x_wconf 88' lang='lat'>187</span> <span class='ocrx_word' id='word_1_24' title='bbox 318 378 469 426; x_wconf 84' lang='grc' dir='ltr'>ταῦτα</span> <span class='ocrx_word' id='word_1_25' title='bbox 498 376 588 439; x_wconf 80' lang='grc' dir='ltr'>μὲν</span> <span class='ocrx_word' id='word_1_26' title='bbox 613 373 670 438; x_wconf 82' lang='grc' dir='ltr'>δὴ</span> <span class='ocrx_word' id='word_1_27' title='bbox 696 375 848 428; x_wconf 83' lang='grc' dir='ltr'>οὕτως</span> <span class='ocrx_word' id='word_1_28' title='bbox 879 374 1001 442; x_wconf 83' lang='grc' dir='ltr'>ἔχει,</span> <span class='ocrx_word' id='word_1_29' title='bbox 1030 373 1086 426; x_wconf 89' lang='grc' dir='ltr'>τὸ</span> <span class='ocrx_word' id='word_1_30' title='bbox 1110 377 1163 427; x_wconf 84' lang='grc' dir='ltr'>δὲ</span> <span class='ocrx_word' id='word_1_31' title='bbox 1188 374 1308 442; x_wconf 87' lang='grc' dir='ltr'>πρὸς</span> <span class='ocrx_word' id='word_1_32' title='bbox 1339 373 1554 442; x_wconf 83' lang='grc' dir='ltr'>ἑσπέρης</span> <span class='ocrx_word' id='word_1_33' title='bbox 1577 379 1664 440; x_wconf 86' lang='grc' dir='ltr'>τῆς</span> <span class='ocrx_word' id='word_1_34' title='bbox 1686 378 1985 442; x_wconf 81' lang='grc' dir='ltr'>Τριτωνίδος</span> 
     </span>
     <span class='ocr_line' id='line_1_5' title="bbox 316 457 1986 526; baseline 0.002 -17"><span class='ocrx_word' id='word_1_35' title='bbox 316 459 495 523; x_wconf 83' lang='grc' dir='ltr'>λίμνης</span> <span class='ocrx_word' id='word_1_36' title='bbox 517 457 680 510; x_wconf 82' lang='grc' dir='ltr'>οὐκέτι</span> <span class='ocrx_word' id='word_1_37' title='bbox 702 457 911 526; x_wconf 84' lang='grc' dir='ltr'>νομάδες</span> <span class='ocrx_word' id='word_1_38' title='bbox 937 460 1036 511; x_wconf 84' lang='grc' dir='ltr'>εἰσὶ</span> <span class='ocrx_word' id='word_1_39' title='bbox 1058 460 1261 525; x_wconf 86' lang='grc' dir='ltr'>Λίβυες,</span> <span class='ocrx_word' id='word_1_40' title='bbox 1286 459 1397 511; x_wconf 81' lang='grc' dir='ltr'>οὐδὲ</span> <span class='ocrx_word' id='word_1_41' title='bbox 1421 460 1618 525; x_wconf 87' lang='grc' dir='ltr'>νόμοισι</span> <span class='ocrx_word' id='word_1_42' title='bbox 1638 464 1771 512; x_wconf 84' lang='grc' dir='ltr'>τοῖσι</span> <span class='ocrx_word' id='word_1_43' title='bbox 1790 460 1986 513; x_wconf 84' lang='grc' dir='ltr'>αὐτοῖσι</span> 
     </span>
     <span class='ocr_line' id='line_1_6' title="bbox 316 535 2033 615; baseline 0.002 -21"><span class='ocrx_word' id='word_1_44' title='bbox 316 543 607 610; x_wconf 79' lang='grc' dir='ltr'>χρεώμενοι,</span> <span class='ocrx_word' id='word_1_45' title='bbox 649 542 762 596; x_wconf 82' lang='grc' dir='ltr'>οὐδὲ</span> <span class='ocrx_word' id='word_1_46' title='bbox 808 544 928 594; x_wconf 80' lang='grc' dir='ltr'>κατὰ</span> <span class='ocrx_word' id='word_1_47' title='bbox 967 544 1029 595; x_wconf 81' lang='grc' dir='ltr'>τὰ</span> <span class='ocrx_word' id='word_1_48' title='bbox 1070 545 1243 596; x_wconf 90' lang='grc' dir='ltr'>παιδία</span> <span class='ocrx_word' id='word_1_49' title='bbox 1287 548 1539 597; x_wconf 81' lang='grc' dir='ltr'>ποιεῦντες</span> <span class='ocrx_word' id='word_1_50' title='bbox 1585 545 1689 595; x_wconf 76' lang='grc' dir='ltr'>οἶόν</span> <span class='ocrx_word' id='word_1_51' title='bbox 1728 535 1899 615; x_wconf 10' lang='grc' dir='ltr'>τιγκαὶ</span> <span class='ocrx_word' id='word_1_52' title='bbox 1939 548 1985 599; x_wconf 87' lang='grc' dir='ltr'>οἱ</span> <span class='ocrx_word' id='word_1_53' title='bbox 2009 568 2033 608; x_wconf 87' lang='lat'>5</span> 
     </span>
     <span class='ocr_line' id='line_1_7' title="bbox 254 626 1982 695; baseline 0.001 -15"><span class='ocrx_word' id='word_1_54' title='bbox 254 649 280 680; x_wconf 87' lang='lat'>2</span> <span class='ocrx_word' id='word_1_55' title='bbox 318 626 526 692; x_wconf 83' lang='grc' dir='ltr'>νομάδες</span> <span class='ocrx_word' id='word_1_56' title='bbox 562 627 747 678; x_wconf 84' lang='grc' dir='ltr'>ἐώθασι</span> <span class='ocrx_word' id='word_1_57' title='bbox 786 626 989 680; x_wconf 87' lang='grc' dir='ltr'>ποιέειν.</span> <span class='ocrx_word' id='word_1_58' title='bbox 1080 630 1125 680; x_wconf 83' lang='grc' dir='ltr'>οἱ</span> <span class='ocrx_word' id='word_1_59' title='bbox 1159 630 1255 695; x_wconf 80' lang='grc' dir='ltr'>γὰρ</span> <span class='ocrx_word' id='word_1_60' title='bbox 1295 628 1352 692; x_wconf 78' lang='grc' dir='ltr'>δὴ</span> <span class='ocrx_word' id='word_1_61' title='bbox 1383 633 1481 679; x_wconf 82' lang='grc' dir='ltr'>τῶν</span> <span class='ocrx_word' id='word_1_62' title='bbox 1517 628 1722 693; x_wconf 83' lang='grc' dir='ltr'>Λιβύων</span> <span class='ocrx_word' id='word_1_63' title='bbox 1758 627 1982 694; x_wconf 85' lang='grc' dir='ltr'>νομάδες,</span> 
     </span>
     <span class='ocr_line' id='line_1_8' title="bbox 318 710 1987 780; baseline 0.002 -17"><span class='ocrx_word' id='word_1_64' title='bbox 318 713 360 763; x_wconf 83' lang='grc' dir='ltr'>εἰ</span> <span class='ocrx_word' id='word_1_65' title='bbox 397 714 489 776; x_wconf 78' lang='grc' dir='ltr'>μὲν</span> <span class='ocrx_word' id='word_1_66' title='bbox 525 710 723 771; x_wconf 87' lang='grc' dir='ltr'>πάντες,</span> <span class='ocrx_word' id='word_1_67' title='bbox 764 711 849 763; x_wconf 85' lang='grc' dir='ltr'>οὐκ</span> <span class='ocrx_word' id='word_1_68' title='bbox 887 711 987 780; x_wconf 82' lang='grc' dir='ltr'>ἔχω</span> <span class='ocrx_word' id='word_1_69' title='bbox 1026 711 1267 779; x_wconf 84' lang='grc' dir='ltr'>ἀτρεκέως</span> <span class='ocrx_word' id='word_1_70' title='bbox 1304 717 1448 764; x_wconf 78' lang='grc' dir='ltr'>τοῦτο</span> <span class='ocrx_word' id='word_1_71' title='bbox 1485 714 1656 771; x_wconf 82' lang='grc' dir='ltr'>εἰπεῖν,</span> <span class='ocrx_word' id='word_1_72' title='bbox 1697 717 1893 765; x_wconf 83' lang='grc' dir='ltr'>ποιεῦσι</span> <span class='ocrx_word' id='word_1_73' title='bbox 1933 717 1987 766; x_wconf 82' lang='grc' dir='ltr'>δὲ</span> 
     </span>
     <span class='ocr_line' id='line_1_9' title="bbox 317 794 1986 864; baseline 0.002 -17"><span class='ocrx_word' id='word_1_74' title='bbox 317 794 477 847; x_wconf 83' lang='grc' dir='ltr'>αὐτῶν</span> <span class='ocrx_word' id='word_1_75' title='bbox 523 796 702 864; x_wconf 83' lang='grc' dir='ltr'>συχνοὶ</span> <span class='ocrx_word' id='word_1_76' title='bbox 746 795 929 848; x_wconf 85' lang='grc' dir='ltr'>τοιάδε·</span> <span class='ocrx_word' id='word_1_77' title='bbox 975 802 1075 848; x_wconf 85' lang='grc' dir='ltr'>τῶν</span> <span class='ocrx_word' id='word_1_78' title='bbox 1115 798 1324 849; x_wconf 92' lang='grc' dir='ltr'>παιδίων</span> <span class='ocrx_word' id='word_1_79' title='bbox 1368 802 1465 848; x_wconf 82' lang='grc' dir='ltr'>τῶν</span> <span class='ocrx_word' id='word_1_80' title='bbox 1512 795 1789 863; x_wconf 81' lang='grc' dir='ltr'>σφετέρων,</span> <span class='ocrx_word' id='word_1_81' title='bbox 1834 799 1986 850; x_wconf 75' lang='grc' dir='ltr'>ἐπεὰν</span> 
     </span>
     <span class='ocr_line' id='line_1_10' title="bbox 0 873 1985 955; baseline 0.002 -25"><span class='ocrx_word' id='word_1_82' title='bbox 0 873 249 944; x_wconf 52' lang='grc' dir='ltr'>κωμικοί</span> <span class='ocrx_word' id='word_1_83' title='bbox 316 879 580 946; x_wconf 88' lang='grc' dir='ltr'>τετραέτεα</span> <span class='ocrx_word' id='word_1_84' title='bbox 619 879 839 948; x_wconf 88' lang='grc' dir='ltr'>γένηται,</span> <span class='ocrx_word' id='word_1_85' title='bbox 880 881 1064 953; x_wconf 53' lang='grc' dir='ltr'>οἷσῃξπῃ</span> <span class='ocrx_word' id='word_1_86' title='bbox 1103 880 1372 948; x_wconf 86' lang='grc' dir='ltr'>προβάτων</span> <span class='ocrx_word' id='word_1_87' title='bbox 1412 882 1606 932; x_wconf 89' lang='grc' dir='ltr'>καίουσι</span> <span class='ocrx_word' id='word_1_88' title='bbox 1645 883 1733 935; x_wconf 83' lang='grc' dir='ltr'>τὰς</span> <span class='ocrx_word' id='word_1_89' title='bbox 1774 883 1828 933; x_wconf 90' lang='grc' dir='ltr'>ἐν</span> <span class='ocrx_word' id='word_1_90' title='bbox 1867 889 1985 955; x_wconf 80' lang='grc' dir='ltr'>τῇσι</span> 
     </span>
     <span class='ocr_line' id='line_1_11' title="bbox 0 946 2062 1037; baseline 0 -23"><span class='ocrx_word' id='word_1_91' title='bbox 0 946 567 1037; x_wconf 45' lang='grc' dir='ltr'>ρῦαὶιωκορυφῇσι</span> <span class='ocrx_word' id='word_1_92' title='bbox 592 963 809 1031; x_wconf 88' lang='grc' dir='ltr'>φλέβας,</span> <span class='ocrx_word' id='word_1_93' title='bbox 835 964 1144 1033; x_wconf 80' lang='grc' dir='ltr'>μετεξέτεροι</span> <span class='ocrx_word' id='word_1_94' title='bbox 1178 967 1231 1017; x_wconf 78' lang='grc' dir='ltr'>δὲ</span> <span class='ocrx_word' id='word_1_95' title='bbox 1260 966 1420 1017; x_wconf 84' lang='grc' dir='ltr'>αὐτῶν</span> <span class='ocrx_word' id='word_1_96' title='bbox 1451 967 1539 1018; x_wconf 78' lang='grc' dir='ltr'>τὰς</span> <span class='ocrx_word' id='word_1_97' title='bbox 1572 967 1624 1016; x_wconf 92' lang='grc' dir='ltr'>ἐν</span> <span class='ocrx_word' id='word_1_98' title='bbox 1648 971 1780 1017; x_wconf 84' lang='grc' dir='ltr'>τοῖσι</span> <span class='ocrx_word' id='word_1_99' title='bbox 1812 965 1981 1033; x_wconf 88' lang='grc' dir='ltr'>κροτά-</span> <span class='ocrx_word' id='word_1_100' title='bbox 2012 985 2062 1015; x_wconf 87' lang='lat'>10</span> 
     </span>
     <span class='ocr_line' id='line_1_12' title="bbox 188 1040 1983 1119; baseline 0.002 -20"><span class='ocrx_word' id='word_1_101' title='bbox 188 1040 191 1041; x_wconf 31' lang='lat'><em>⁷</em></span> <span class='ocrx_word' id='word_1_102' title='bbox 317 1054 481 1115; x_wconf 89' lang='grc' dir='ltr'>φοισι,</span> <span class='ocrx_word' id='word_1_103' title='bbox 527 1052 669 1102; x_wconf 84' lang='grc' dir='ltr'>τοῦδε</span> <span class='ocrx_word' id='word_1_104' title='bbox 716 1050 879 1102; x_wconf 82' lang='grc' dir='ltr'>εἵνεκα</span> <span class='ocrx_word' id='word_1_105' title='bbox 924 1049 989 1103; x_wconf 82' lang='grc' dir='ltr'>ὡς</span> <span class='ocrx_word' id='word_1_106' title='bbox 1035 1048 1102 1115; x_wconf 90' lang='grc' dir='ltr'>μή</span> <span class='ocrx_word' id='word_1_107' title='bbox 1149 1056 1314 1117; x_wconf 89' lang='grc' dir='ltr'>σφεας</span> <span class='ocrx_word' id='word_1_108' title='bbox 1364 1051 1415 1103; x_wconf 89' lang='grc' dir='ltr'>ἐς</span> <span class='ocrx_word' id='word_1_109' title='bbox 1459 1048 1546 1101; x_wconf 91' lang='grc' dir='ltr'>τὸν</span> <span class='ocrx_word' id='word_1_110' title='bbox 1590 1048 1752 1102; x_wconf 87' lang='grc' dir='ltr'>πάντα</span> <span class='ocrx_word' id='word_1_111' title='bbox 1798 1051 1983 1119; x_wconf 86' lang='grc' dir='ltr'>χρόνον</span> 
     </span>
     <span class='ocr_line' id='line_1_13' title="bbox 0 1131 1982 1203; baseline 0.002 -20"><span class='ocrx_word' id='word_1_112' title='bbox 0 1155 145 1190; x_wconf 59' lang='grc' dir='ltr'><em>Μ</em></span> <span class='ocrx_word' id='word_1_113' title='bbox 167 1163 177 1172; x_wconf 85' lang='lat'><strong>·</strong></span> <span class='ocrx_word' id='word_1_114' title='bbox 253 1156 278 1200; x_wconf 85' lang='lat'><strong>3</strong></span> <span class='ocrx_word' id='word_1_115' title='bbox 319 1131 587 1200; x_wconf 87' lang='grc' dir='ltr'>καταρρέον</span> <span class='ocrx_word' id='word_1_116' title='bbox 611 1132 818 1203; x_wconf 52' lang='grc' dir='ltr'>φλ-έγμα</span> <span class='ocrx_word' id='word_1_117' title='bbox 848 1135 902 1185; x_wconf 88' lang='grc' dir='ltr'>ἐκ</span> <span class='ocrx_word' id='word_1_118' title='bbox 931 1137 1019 1199; x_wconf 86' lang='grc' dir='ltr'>τῆς</span> <span class='ocrx_word' id='word_1_119' title='bbox 1051 1137 1274 1200; x_wconf 87' lang='grc' dir='ltr'>κεφαλῆς</span> <span class='ocrx_word' id='word_1_120' title='bbox 1306 1137 1529 1199; x_wconf 89' lang='grc' dir='ltr'>δηλῆται.</span> <span class='ocrx_word' id='word_1_121' title='bbox 1622 1135 1700 1186; x_wconf 87' lang='grc' dir='ltr'>καὶ</span> <span class='ocrx_word' id='word_1_122' title='bbox 1731 1136 1811 1186; x_wconf 82' lang='grc' dir='ltr'>διὰ</span> <span class='ocrx_word' id='word_1_123' title='bbox 1840 1139 1982 1186; x_wconf 84' lang='grc' dir='ltr'>τοῦτο</span> 
     </span>
     <span class='ocr_line' id='line_1_14' title="bbox 319 1216 1983 1286; baseline 0.004 -19"><span class='ocrx_word' id='word_1_124' title='bbox 319 1216 483 1284; x_wconf 86' lang='grc' dir='ltr'>σφέας</span> <span class='ocrx_word' id='word_1_125' title='bbox 518 1216 729 1285; x_wconf 88' lang='grc' dir='ltr'>λέγουσι</span> <span class='ocrx_word' id='word_1_126' title='bbox 765 1219 891 1271; x_wconf 74' lang='grc' dir='ltr'>εἶναι</span> <span class='ocrx_word' id='word_1_127' title='bbox 929 1217 1295 1286; x_wconf 85' lang='grc' dir='ltr'>ὑγιηροτάτους.</span> <span class='ocrx_word' id='word_1_128' title='bbox 1386 1218 1485 1270; x_wconf 88' lang='grc' dir='ltr'>εἶσὶ</span> <span class='ocrx_word' id='word_1_129' title='bbox 1523 1219 1616 1285; x_wconf 82' lang='grc' dir='ltr'>γὰρ</span> <span class='ocrx_word' id='word_1_130' title='bbox 1656 1218 1720 1271; x_wconf 84' lang='grc' dir='ltr'>ὡς</span> <span class='ocrx_word' id='word_1_131' title='bbox 1759 1217 1983 1285; x_wconf 85' lang='grc' dir='ltr'>ἀληθέως</span> 
     </span>
     <span class='ocr_line' id='line_1_15' title="bbox 319 1300 1979 1371; baseline 0.002 -19"><span class='ocrx_word' id='word_1_132' title='bbox 319 1300 363 1353; x_wconf 81' lang='grc' dir='ltr'>οἱ</span> <span class='ocrx_word' id='word_1_133' title='bbox 399 1303 587 1368; x_wconf 85' lang='grc' dir='ltr'>Λίβυες</span> <span class='ocrx_word' id='word_1_134' title='bbox 624 1303 896 1369; x_wconf 82' lang='grc' dir='ltr'>ἀνθρώπων</span> <span class='ocrx_word' id='word_1_135' title='bbox 931 1301 1130 1356; x_wconf 87' lang='grc' dir='ltr'>πάντων</span> <span class='ocrx_word' id='word_1_136' title='bbox 1165 1303 1480 1371; x_wconf 83' lang='grc' dir='ltr'>ὑγιηρότατοι</span> <span class='ocrx_word' id='word_1_137' title='bbox 1516 1307 1614 1354; x_wconf 86' lang='grc' dir='ltr'>τῶν</span> <span class='ocrx_word' id='word_1_138' title='bbox 1649 1302 1788 1368; x_wconf 83' lang='grc' dir='ltr'>ἡμεῖς</span> <span class='ocrx_word' id='word_1_139' title='bbox 1823 1303 1979 1368; x_wconf 74' lang='grc' dir='ltr'>ἴδμεν·</span> 
     </span>
     <span class='ocr_line' id='line_1_16' title="bbox 318 1384 2055 1456; baseline 0.001 -19"><span class='ocrx_word' id='word_1_140' title='bbox 318 1384 360 1437; x_wconf 83' lang='grc' dir='ltr'>εἰ</span> <span class='ocrx_word' id='word_1_141' title='bbox 394 1389 486 1451; x_wconf 82' lang='grc' dir='ltr'>μὲν</span> <span class='ocrx_word' id='word_1_142' title='bbox 523 1388 602 1438; x_wconf 77' lang='grc' dir='ltr'>διὰ</span> <span class='ocrx_word' id='word_1_143' title='bbox 635 1391 794 1447; x_wconf 85' lang='grc' dir='ltr'>τοῦτο,</span> <span class='ocrx_word' id='word_1_144' title='bbox 833 1387 918 1439; x_wconf 83' lang='grc' dir='ltr'>οὐκ</span> <span class='ocrx_word' id='word_1_145' title='bbox 956 1388 1055 1456; x_wconf 80' lang='grc' dir='ltr'>ἔχω</span> <span class='ocrx_word' id='word_1_146' title='bbox 1099 1386 1340 1454; x_wconf 87' lang='grc' dir='ltr'>ἀτρεκέως</span> <span class='ocrx_word' id='word_1_147' title='bbox 1377 1388 1550 1446; x_wconf 83' lang='grc' dir='ltr'>εἰπεῖν,</span> <span class='ocrx_word' id='word_1_148' title='bbox 1588 1387 1903 1454; x_wconf 85' lang='grc' dir='ltr'>ὑγιηρότατοι</span> <span class='ocrx_word' id='word_1_149' title='bbox 1938 1385 1980 1439; x_wconf 85' lang='grc' dir='ltr'>δ’</span> <span class='ocrx_word' id='word_1_150' title='bbox 2010 1407 2055 1449; x_wconf 85' lang='lat'>¹5</span> 
     </span>
     <span class='ocr_line' id='line_1_17' title="bbox 314 1467 1978 1538; baseline 0.001 -16"><span class='ocrx_word' id='word_1_151' title='bbox 314 1469 382 1522; x_wconf 70' lang='grc' dir='ltr'>ὧν</span> <span class='ocrx_word' id='word_1_152' title='bbox 429 1471 544 1523; x_wconf 76' lang='grc' dir='ltr'>εἰσί.</span> <span class='ocrx_word' id='word_1_153' title='bbox 632 1467 693 1535; x_wconf 85' lang='grc' dir='ltr'>ἢν</span> <span class='ocrx_word' id='word_1_154' title='bbox 738 1474 791 1524; x_wconf 79' lang='grc' dir='ltr'>δὲ</span> <span class='ocrx_word' id='word_1_155' title='bbox 840 1471 1032 1524; x_wconf 91' lang='grc' dir='ltr'>καίουσι</span> <span class='ocrx_word' id='word_1_156' title='bbox 1075 1473 1135 1522; x_wconf 82' lang='grc' dir='ltr'>τὰ</span> <span class='ocrx_word' id='word_1_157' title='bbox 1179 1472 1349 1523; x_wconf 91' lang='grc' dir='ltr'>παιδία</span> <span class='ocrx_word' id='word_1_158' title='bbox 1398 1470 1634 1536; x_wconf 90' lang='grc' dir='ltr'>σπασμὸς</span> <span class='ocrx_word' id='word_1_159' title='bbox 1679 1471 1978 1538; x_wconf 79' lang='grc' dir='ltr'>ἐπιγένηται,</span> 
     </span>
     <span class='ocr_line' id='line_1_18' title="bbox 315 1553 1984 1623; baseline 0.001 -17"><span class='ocrx_word' id='word_1_160' title='bbox 315 1553 577 1622; x_wconf 81' lang='grc' dir='ltr'>ἐξεύρηταί</span> <span class='ocrx_word' id='word_1_161' title='bbox 613 1562 709 1623; x_wconf 88' lang='grc' dir='ltr'>σφι</span> <span class='ocrx_word' id='word_1_162' title='bbox 747 1555 879 1610; x_wconf 85' lang='grc' dir='ltr'>ἄκος·</span> <span class='ocrx_word' id='word_1_163' title='bbox 925 1555 1106 1623; x_wconf 82' lang='grc' dir='ltr'>τράγου</span> <span class='ocrx_word' id='word_1_164' title='bbox 1135 1558 1231 1623; x_wconf 79' lang='grc' dir='ltr'>γὰρ</span> <span class='ocrx_word' id='word_1_165' title='bbox 1262 1557 1408 1623; x_wconf 72' lang='grc' dir='ltr'>οὖρον</span> <span class='ocrx_word' id='word_1_166' title='bbox 1446 1557 1747 1609; x_wconf 85' lang='grc' dir='ltr'>σπείσαντες</span> <span class='ocrx_word' id='word_1_167' title='bbox 1782 1556 1984 1623; x_wconf 80' lang='grc' dir='ltr'>ῥύονταί</span> 
     </span>
     <span class='ocr_line' id='line_1_19' title="bbox 187 1631 1979 1708; baseline -0.002 -13"><span class='ocrx_word' id='word_1_168' title='bbox 187 1646 278 1707; x_wconf 76' lang='lat'>188</span> <span class='ocrx_word' id='word_1_169' title='bbox 317 1645 470 1706; x_wconf 91' lang='grc' dir='ltr'>σφεα.</span> <span class='ocrx_word' id='word_1_170' title='bbox 544 1638 679 1707; x_wconf 87' lang='grc' dir='ltr'>λέγω</span> <span class='ocrx_word' id='word_1_171' title='bbox 711 1643 763 1692; x_wconf 83' lang='grc' dir='ltr'>δὲ</span> <span class='ocrx_word' id='word_1_172' title='bbox 793 1643 854 1692; x_wconf 79' lang='grc' dir='ltr'>τὰ</span> <span class='ocrx_word' id='word_1_173' title='bbox 883 1639 1092 1708; x_wconf 88' lang='grc' dir='ltr'>λέγουσι</span> <span class='ocrx_word' id='word_1_174' title='bbox 1124 1641 1260 1693; x_wconf 84' lang='grc' dir='ltr'>αὐτοὶ</span> <span class='ocrx_word' id='word_1_175' title='bbox 1283 1641 1486 1706; x_wconf 89' lang='grc' dir='ltr'>Λίβυες.</span> <span class='ocrx_word' id='word_1_176' title='bbox 1540 1631 1731 1692; x_wconf 58' lang='grc' dir='ltr'>’θυσίαι</span> <span class='ocrx_word' id='word_1_177' title='bbox 1763 1642 1816 1692; x_wconf 82' lang='grc' dir='ltr'>δὲ</span> <span class='ocrx_word' id='word_1_178' title='bbox 1845 1645 1979 1692; x_wconf 86' lang='grc' dir='ltr'>τοῖσι</span> 
     </span>
     <span class='ocr_line' id='line_1_20' title="bbox 315 1722 1975 1791; baseline 0.002 -17"><span class='ocrx_word' id='word_1_179' title='bbox 315 1722 499 1788; x_wconf 89' lang='grc' dir='ltr'>νομάσι</span> <span class='ocrx_word' id='word_1_180' title='bbox 531 1725 631 1776; x_wconf 83' lang='grc' dir='ltr'>εἶσὶ</span> <span class='ocrx_word' id='word_1_181' title='bbox 664 1725 785 1777; x_wconf 85' lang='grc' dir='ltr'>αἵδε·</span> <span class='ocrx_word' id='word_1_182' title='bbox 834 1726 985 1777; x_wconf 84' lang='grc' dir='ltr'>ἐπεὰν</span> <span class='ocrx_word' id='word_1_183' title='bbox 1015 1729 1100 1776; x_wconf 86' lang='grc' dir='ltr'>τοῦ</span> <span class='ocrx_word' id='word_1_184' title='bbox 1137 1724 1260 1778; x_wconf 86' lang='grc' dir='ltr'>ὠτὸς</span> <span class='ocrx_word' id='word_1_185' title='bbox 1297 1724 1610 1791; x_wconf 78' lang='grc' dir='ltr'>ἀπάρξωνται</span> <span class='ocrx_word' id='word_1_186' title='bbox 1641 1729 1729 1776; x_wconf 82' lang='grc' dir='ltr'>τοῦ</span> <span class='ocrx_word' id='word_1_187' title='bbox 1759 1724 1975 1790; x_wconf 78' lang='grc' dir='ltr'>κτήνεος,</span> 
     </span>
     <span class='ocr_line' id='line_1_21' title="bbox 3 1862 1977 1982; baseline 0.001 -39"><span class='ocrx_word' id='word_1_188' title='bbox 3 1862 471 1982; x_wconf 38' lang='lat' dir='ltr'>fo‘Qovm</span> <span class='ocrx_word' id='word_1_189' title='bbox 517 1891 604 1945; x_wconf 85' lang='grc' dir='ltr'>τὸν</span> <span class='ocrx_word' id='word_1_190' title='bbox 652 1892 842 1962; x_wconf 82' lang='grc' dir='ltr'>αὐχένα</span> <span class='ocrx_word' id='word_1_191' title='bbox 867 1893 1055 1959; x_wconf 76' lang='grc' dir='ltr'>αὐτοῦ.</span> <span class='ocrx_word' id='word_1_192' title='bbox 1147 1893 1321 1951; x_wconf 83' lang='grc' dir='ltr'>θύουσι</span> <span class='ocrx_word' id='word_1_193' title='bbox 1372 1896 1426 1945; x_wconf 81' lang='grc' dir='ltr'>δὲ</span> <span class='ocrx_word' id='word_1_194' title='bbox 1478 1892 1602 1963; x_wconf 79' lang='grc' dir='ltr'>ἡλίῳ</span> <span class='ocrx_word' id='word_1_195' title='bbox 1657 1894 1735 1945; x_wconf 87' lang='grc' dir='ltr'>καὶ</span> <span class='ocrx_word' id='word_1_196' title='bbox 1787 1890 1977 1964; x_wconf 85' lang='grc' dir='ltr'>σελήνῃ</span> 
     </span>
     <span class='ocr_line' id='line_1_22' title="bbox 312 1976 1977 2044; baseline 0 -16"><span class='ocrx_word' id='word_1_197' title='bbox 312 1976 559 2041; x_wconf 84' lang='grc' dir='ltr'>μούνοισι.</span> <span class='ocrx_word' id='word_1_198' title='bbox 634 1978 860 2030; x_wconf 87' lang='grc' dir='ltr'>τούτοισι</span> <span class='ocrx_word' id='word_1_199' title='bbox 889 1977 979 2044; x_wconf 89' lang='grc' dir='ltr'>μέν</span> <span class='ocrx_word' id='word_1_200' title='bbox 1011 1999 1098 2031; x_wconf 89' lang='grc' dir='ltr'>νυν</span> <span class='ocrx_word' id='word_1_201' title='bbox 1129 1976 1309 2031; x_wconf 88' lang='grc' dir='ltr'>πάντες</span> <span class='ocrx_word' id='word_1_202' title='bbox 1342 1978 1527 2043; x_wconf 92' lang='grc' dir='ltr'>Λίβυες</span> <span class='ocrx_word' id='word_1_203' title='bbox 1559 1978 1747 2037; x_wconf 82' lang='grc' dir='ltr'>θύουσι,</span> <span class='ocrx_word' id='word_1_204' title='bbox 1780 1978 1903 2044; x_wconf 81' lang='grc' dir='ltr'>ἀτὰρ</span> <span class='ocrx_word' id='word_1_205' title='bbox 1931 1976 1977 2029; x_wconf 73' lang='grc' dir='ltr'>οἱ</span> 
     </span>
     <span class='ocr_line' id='line_1_23' title="bbox 315 2060 1972 2134; baseline 0.001 -22"><span class='ocrx_word' id='word_1_206' title='bbox 315 2061 426 2127; x_wconf 87' lang='grc' dir='ltr'>περὶ</span> <span class='ocrx_word' id='word_1_207' title='bbox 460 2061 550 2126; x_wconf 77' lang='grc' dir='ltr'>τὴν</span> <span class='ocrx_word' id='word_1_208' title='bbox 578 2062 854 2129; x_wconf 89' lang='grc' dir='ltr'>Τριτωνίδα</span> <span class='ocrx_word' id='word_1_209' title='bbox 888 2064 1069 2127; x_wconf 90' lang='grc' dir='ltr'>λίμνην</span> <span class='ocrx_word' id='word_1_210' title='bbox 1106 2061 1338 2127; x_wconf 89' lang='grc' dir='ltr'>νέμοντες</span> <span class='ocrx_word' id='word_1_211' title='bbox 1375 2063 1434 2134; x_wconf 80' lang='grc' dir='ltr'>τῇ</span> <span class='ocrx_word' id='word_1_212' title='bbox 1466 2061 1704 2133; x_wconf 81' lang='grc' dir='ltr'>Ἀθηναίῃ</span> <span class='ocrx_word' id='word_1_213' title='bbox 1735 2060 1972 2126; x_wconf 87' lang='grc' dir='ltr'>μάλιστα,</span> 
     </span>
     <span class='ocr_line' id='line_1_24' title="bbox 179 2138 1978 2216; baseline 0.001 -21"><span class='ocrx_word' id='word_1_214' title='bbox 179 2138 275 2215; x_wconf 86' lang='lat'>189</span> <span class='ocrx_word' id='word_1_215' title='bbox 314 2144 514 2210; x_wconf 80' lang='grc' dir='ltr'>μετᾶδὲ</span> <span class='ocrx_word' id='word_1_216' title='bbox 538 2151 603 2216; x_wconf 81' lang='grc' dir='ltr'>τῷ</span> <span class='ocrx_word' id='word_1_217' title='bbox 628 2147 841 2214; x_wconf 87' lang='grc' dir='ltr'>Τρίτωνι</span> <span class='ocrx_word' id='word_1_218' title='bbox 874 2147 952 2198; x_wconf 85' lang='grc' dir='ltr'>καὶ</span> <span class='ocrx_word' id='word_1_219' title='bbox 976 2151 1042 2216; x_wconf 78' lang='grc' dir='ltr'>τῷ</span> <span class='ocrx_word' id='word_1_220' title='bbox 1068 2145 1392 2198; x_wconf 90' lang='grc' dir='ltr'>Ποσειδέωνι.</span> <span class='ocrx_word' id='word_1_221' title='bbox 1469 2145 1558 2210; x_wconf 82' lang='grc' dir='ltr'>τὴν</span> <span class='ocrx_word' id='word_1_222' title='bbox 1583 2148 1635 2198; x_wconf 83' lang='grc' dir='ltr'>δὲ</span> <span class='ocrx_word' id='word_1_223' title='bbox 1665 2145 1759 2212; x_wconf 85' lang='grc' dir='ltr'>ἄρα</span> <span class='ocrx_word' id='word_1_224' title='bbox 1790 2147 1978 2210; x_wconf 84' lang='grc' dir='ltr'>ἐσθῆτα</span> 
     </span>
     <span class='ocr_line' id='line_1_25' title="bbox 0 2223 2050 2302; baseline 0 -23"><span class='ocrx_word' id='word_1_225' title='bbox 0 2223 15 2302; x_wconf 53' lang='grc' dir='ltr'>’ξ</span> <span class='ocrx_word' id='word_1_226' title='bbox 316 2229 395 2280; x_wconf 89' lang='grc' dir='ltr'>καὶ</span> <span class='ocrx_word' id='word_1_227' title='bbox 445 2231 533 2283; x_wconf 80' lang='grc' dir='ltr'>τὰς</span> <span class='ocrx_word' id='word_1_228' title='bbox 584 2231 775 2297; x_wconf 83' lang='grc' dir='ltr'>αἰγίδας</span> <span class='ocrx_word' id='word_1_229' title='bbox 827 2236 926 2282; x_wconf 84' lang='grc' dir='ltr'>τῶν</span> <span class='ocrx_word' id='word_1_230' title='bbox 974 2229 1276 2298; x_wconf 89' lang='grc' dir='ltr'>ἀγαλμάτων</span> <span class='ocrx_word' id='word_1_231' title='bbox 1323 2233 1408 2294; x_wconf 86' lang='grc' dir='ltr'>τῆς</span> <span class='ocrx_word' id='word_1_232' title='bbox 1456 2229 1722 2294; x_wconf 83' lang='grc' dir='ltr'>Ἀθηναίης</span> <span class='ocrx_word' id='word_1_233' title='bbox 1774 2231 1826 2280; x_wconf 89' lang='grc' dir='ltr'>ἐκ</span> <span class='ocrx_word' id='word_1_234' title='bbox 1877 2234 1976 2281; x_wconf 83' lang='grc' dir='ltr'>τῶν</span> <span class='ocrx_word' id='word_1_235' title='bbox 2003 2250 2050 2294; x_wconf 80' lang='lat'>²5</span> 
     </span>
     <span class='ocr_line' id='line_1_26' title="bbox 313 2309 1975 2382; baseline 0.001 -18"><span class='ocrx_word' id='word_1_236' title='bbox 313 2312 620 2378; x_wconf 88' lang='grc' dir='ltr'>Λιβυσσέων</span> <span class='ocrx_word' id='word_1_237' title='bbox 644 2312 946 2379; x_wconf 89' lang='grc' dir='ltr'>ἐποιήσαντο</span> <span class='ocrx_word' id='word_1_238' title='bbox 969 2317 1014 2366; x_wconf 82' lang='grc' dir='ltr'>οἱ</span> <span class='ocrx_word' id='word_1_239' title='bbox 1030 2313 1299 2379; x_wconf 61' lang='grc' dir='ltr'>’Έλληνες·</span> <span class='ocrx_word' id='word_1_240' title='bbox 1346 2313 1478 2379; x_wconf 79' lang='grc' dir='ltr'>πλὴν</span> <span class='ocrx_word' id='word_1_241' title='bbox 1502 2315 1595 2382; x_wconf 79' lang='grc' dir='ltr'>γὰρ</span> <span class='ocrx_word' id='word_1_242' title='bbox 1619 2309 1649 2378; x_wconf 82' lang='grc' dir='ltr'>ἢ</span> <span class='ocrx_word' id='word_1_243' title='bbox 1672 2315 1748 2366; x_wconf 87' lang='grc' dir='ltr'>ὅτι</span> <span class='ocrx_word' id='word_1_244' title='bbox 1772 2315 1975 2378; x_wconf 90' lang='grc' dir='ltr'>σκυτίνη</span> 
     </span>
    </p>
   </div>
   <div class='ocr_carea' id='block_1_3' title="bbox 254 2391 336 2414">
    <p class='ocr_par' dir='ltr' id='par_1_3' title="bbox 254 2391 336 2414">
     <span class='ocr_line' id='line_1_27' title="bbox 254 2391 336 2414; baseline 0 0"><span class='ocrx_word' id='word_1_245' title='bbox 254 2391 257 2394; x_wconf 65' lang='lat'><strong>⁴</strong></span> <span class='ocrx_word' id='word_1_246' title='bbox 322 2396 336 2414; x_wconf 72' lang='lat' dir='ltr'>e</span> 
     </span>
    </p>
   </div>
   <div class='ocr_carea' id='block_1_4' title="bbox 312 2398 1975 2464">
    <p class='ocr_par' dir='ltr' id='par_1_4' title="bbox 312 2398 1975 2464">
     <span class='ocr_line' id='line_1_28' title="bbox 312 2398 1975 2464; baseline 0.001 -15"><span class='ocrx_word' id='word_1_247' title='bbox 312 2419 343 2461; x_wconf 91' lang='grc' dir='ltr'>η</span> <span class='ocrx_word' id='word_1_248' title='bbox 389 2398 543 2462; x_wconf 84' lang='grc' dir='ltr'>ἐσθὴς</span> <span class='ocrx_word' id='word_1_249' title='bbox 586 2403 683 2450; x_wconf 83' lang='grc' dir='ltr'>τῶν</span> <span class='ocrx_word' id='word_1_250' title='bbox 728 2398 1036 2464; x_wconf 89' lang='grc' dir='ltr'>Λιβυσσέων</span> <span class='ocrx_word' id='word_1_251' title='bbox 1078 2399 1186 2450; x_wconf 86' lang='grc' dir='ltr'>ἐστὶ</span> <span class='ocrx_word' id='word_1_252' title='bbox 1233 2398 1310 2450; x_wconf 88' lang='grc' dir='ltr'>καὶ</span> <span class='ocrx_word' id='word_1_253' title='bbox 1355 2401 1400 2450; x_wconf 86' lang='grc' dir='ltr'>οἱ</span> <span class='ocrx_word' id='word_1_254' title='bbox 1447 2399 1653 2450; x_wconf 88' lang='grc' dir='ltr'>θύσανοι</span> <span class='ocrx_word' id='word_1_255' title='bbox 1696 2401 1741 2450; x_wconf 83' lang='grc' dir='ltr'>οἱ</span> <span class='ocrx_word' id='word_1_256' title='bbox 1786 2400 1840 2450; x_wconf 91' lang='grc' dir='ltr'>ἐκ</span> <span class='ocrx_word' id='word_1_257' title='bbox 1879 2403 1975 2450; x_wconf 83' lang='grc' dir='ltr'>τῶν</span> 
     </span>
    </p>
   </div>
   <div class='ocr_carea' id='block_1_5' title="bbox 313 2533 1976 2966">
    <p class='ocr_par' dir='ltr' id='par_1_5' title="bbox 313 2533 1976 2966">
     <span class='ocr_line' id='line_1_29' title="bbox 373 2533 1974 2587; baseline 0.001 -15"><span class='ocrx_word' id='word_1_258' title='bbox 373 2546 391 2572; x_wconf 93' lang='lat'>1</span> <span class='ocrx_word' id='word_1_259' title='bbox 434 2533 715 2583; x_wconf 85' lang='grc' dir='ltr'>ἐπιτηδεύουσι</span> <span class='ocrx_word' id='word_1_260' title='bbox 750 2533 797 2573; x_wconf 69' lang='grc' dir='ltr'>Ρ1</span> <span class='ocrx_word' id='word_1_261' title='bbox 815 2534 868 2587; x_wconf 63' lang='grc' dir='ltr'>(ἶ)</span> <span class='ocrx_word' id='word_1_262' title='bbox 886 2534 1024 2574; x_wconf 87' lang='lat' dir='ltr'>RSV</span> <span class='ocrx_word' id='word_1_263' title='bbox 1259 2548 1284 2584; x_wconf 84' lang='lat'>3</span> <span class='ocrx_word' id='word_1_264' title='bbox 1325 2534 1436 2586; x_wconf 82' lang='grc' dir='ltr'>ἔχειν</span> <span class='ocrx_word' id='word_1_265' title='bbox 1466 2534 1499 2572; x_wconf 90' lang='lat' dir='ltr'>C</span> <span class='ocrx_word' id='word_1_266' title='bbox 1665 2535 1713 2575; x_wconf 81' lang='grc' dir='ltr'>τὸ</span> <span class='ocrx_word' id='word_1_267' title='bbox 1743 2534 1777 2573; x_wconf 85' lang='lat' dir='ltr'>C</span> <span class='ocrx_word' id='word_1_268' title='bbox 1805 2546 1974 2585; x_wconf 86' lang='lat' dir='ltr'>quoque</span> 
     </span>
     <span class='ocr_line' id='line_1_30' title="bbox 314 2586 1976 2642; baseline -0.001 -14"><span class='ocrx_word' id='word_1_269' title='bbox 314 2601 340 2638; x_wconf 89' lang='lat'>4</span> <span class='ocrx_word' id='word_1_270' title='bbox 384 2591 455 2629; x_wconf 85' lang='grc' dir='ltr'>οὐκ</span> <span class='ocrx_word' id='word_1_271' title='bbox 491 2589 582 2630; x_wconf 83' lang='grc' dir='ltr'>ἔστι</span> <span class='ocrx_word' id='word_1_272' title='bbox 619 2589 659 2627; x_wconf 92' lang='lat' dir='ltr'><strong>R</strong></span> <span class='ocrx_word' id='word_1_273' title='bbox 673 2589 711 2627; x_wconf 96' lang='lat' dir='ltr'>V</span> <span class='ocrx_word' id='word_1_274' title='bbox 902 2590 929 2627; x_wconf 89' lang='lat'><strong>6</strong></span> <span class='ocrx_word' id='word_1_275' title='bbox 972 2590 1132 2630; x_wconf 82' lang='grc' dir='ltr'>εἷῶθασι</span> <span class='ocrx_word' id='word_1_276' title='bbox 1167 2588 1207 2627; x_wconf 91' lang='grc' dir='ltr'>Α</span> <span class='ocrx_word' id='word_1_277' title='bbox 1221 2588 1256 2628; x_wconf 90' lang='grc' dir='ltr'><strong>Β</strong></span> <span class='ocrx_word' id='word_1_278' title='bbox 1270 2589 1303 2628; x_wconf 93' lang='lat' dir='ltr'>C</span> <span class='ocrx_word' id='word_1_279' title='bbox 1500 2602 1520 2638; x_wconf 92' lang='lat'><strong>7</strong></span> <span class='ocrx_word' id='word_1_280' title='bbox 1561 2592 1682 2630; x_wconf 83' lang='grc' dir='ltr'>τοῦτο</span> <span class='ocrx_word' id='word_1_281' title='bbox 1712 2590 1798 2642; x_wconf 84' lang='grc' dir='ltr'>ἆτρ.</span> <span class='ocrx_word' id='word_1_282' title='bbox 1833 2588 1873 2627; x_wconf 93' lang='lat' dir='ltr'><strong>R</strong></span> <span class='ocrx_word' id='word_1_283' title='bbox 1891 2590 1922 2628; x_wconf 82' lang='lat' dir='ltr'>S</span> <span class='ocrx_word' id='word_1_284' title='bbox 1937 2586 1976 2627; x_wconf 93' lang='lat' dir='ltr'>V</span> 
     </span>
     <span class='ocr_line' id='line_1_31' title="bbox 313 2642 1975 2696; baseline 0.001 -13"><span class='ocrx_word' id='word_1_285' title='bbox 313 2656 341 2692; x_wconf 88' lang='lat'>9</span> <span class='ocrx_word' id='word_1_286' title='bbox 370 2644 586 2696; x_wconf 79' lang='grc' dir='ltr'>τετραετία</span> <span class='ocrx_word' id='word_1_287' title='bbox 605 2642 804 2696; x_wconf 79' lang='grc' dir='ltr'>γένωνται</span> <span class='ocrx_word' id='word_1_288' title='bbox 826 2644 860 2682; x_wconf 94' lang='lat' dir='ltr'>C</span> <span class='ocrx_word' id='word_1_289' title='bbox 964 2647 1101 2693; x_wconf 80' lang='grc' dir='ltr'>οἵσπηι</span> <span class='ocrx_word' id='word_1_290' title='bbox 1121 2642 1162 2682; x_wconf 94' lang='grc' dir='ltr'><strong>Α</strong></span> <span class='ocrx_word' id='word_1_291' title='bbox 1175 2643 1209 2683; x_wconf 89' lang='grc' dir='ltr'>Β</span> <span class='ocrx_word' id='word_1_292' title='bbox 1229 2658 1239 2683; x_wconf 87' lang='lat'>:</span> <span class='ocrx_word' id='word_1_293' title='bbox 1280 2655 1309 2685; x_wconf 80' lang='grc' dir='ltr'>-Ι-</span> <span class='ocrx_word' id='word_1_294' title='bbox 1324 2660 1422 2693; x_wconf 87' lang='grc' dir='ltr'>σπηι</span> <span class='ocrx_word' id='word_1_295' title='bbox 1443 2644 1477 2682; x_wconf 94' lang='lat' dir='ltr'>C</span> <span class='ocrx_word' id='word_1_296' title='bbox 1604 2656 1652 2682; x_wconf 93' lang='lat'>10</span> <span class='ocrx_word' id='word_1_297' title='bbox 1680 2642 1807 2694; x_wconf 80' lang='grc' dir='ltr'>τοῖσι]</span> <span class='ocrx_word' id='word_1_298' title='bbox 1822 2644 1975 2696; x_wconf 77' lang='grc' dir='ltr'>τῆ&lt;ι)σι</span> 
     </span>
     <span class='ocr_line' id='line_1_32' title="bbox 315 2697 1973 2751; baseline 0.002 -16"><span class='ocrx_word' id='word_1_299' title='bbox 315 2697 350 2735; x_wconf 94' lang='lat' dir='ltr'>C</span> <span class='ocrx_word' id='word_1_300' title='bbox 364 2697 394 2736; x_wconf 86' lang='lat' dir='ltr'>S</span> <span class='ocrx_word' id='word_1_301' title='bbox 408 2697 445 2735; x_wconf 96' lang='lat' dir='ltr'>V</span> <span class='ocrx_word' id='word_1_302' title='bbox 557 2697 793 2751; x_wconf 81' lang='grc' dir='ltr'>κροτάφοισι</span> <span class='ocrx_word' id='word_1_303' title='bbox 815 2697 975 2750; x_wconf 81' lang='grc' dir='ltr'>φλέβας</span> <span class='ocrx_word' id='word_1_304' title='bbox 995 2699 1028 2737; x_wconf 93' lang='lat' dir='ltr'>C</span> <span class='ocrx_word' id='word_1_305' title='bbox 1200 2711 1248 2736; x_wconf 86' lang='lat'>12</span> <span class='ocrx_word' id='word_1_306' title='bbox 1279 2698 1446 2747; x_wconf 80' lang='grc' dir='ltr'>δὴλεται</span> <span class='ocrx_word' id='word_1_307' title='bbox 1469 2697 1509 2736; x_wconf 88' lang='lat' dir='ltr'>R</span> <span class='ocrx_word' id='word_1_308' title='bbox 1525 2698 1554 2737; x_wconf 88' lang='lat' dir='ltr'>S</span> <span class='ocrx_word' id='word_1_309' title='bbox 1570 2697 1607 2736; x_wconf 96' lang='lat' dir='ltr'>V</span> <span class='ocrx_word' id='word_1_310' title='bbox 1766 2710 1816 2747; x_wconf 90' lang='lat'>13</span> <span class='ocrx_word' id='word_1_311' title='bbox 1846 2700 1973 2750; x_wconf 82' lang='grc' dir='ltr'>ὖγικρ.</span> 
     </span>
     <span class='ocr_line' id='line_1_33' title="bbox 316 2751 1972 2805; baseline 0.001 -15"><span class='ocrx_word' id='word_1_312' title='bbox 316 2751 357 2789; x_wconf 91' lang='lat' dir='ltr'><strong>R</strong></span> <span class='ocrx_word' id='word_1_313' title='bbox 372 2752 402 2791; x_wconf 88' lang='lat' dir='ltr'>S</span> <span class='ocrx_word' id='word_1_314' title='bbox 416 2753 455 2790; x_wconf 96' lang='lat' dir='ltr'>V</span> <span class='ocrx_word' id='word_1_315' title='bbox 477 2752 684 2805; x_wconf 49' lang='lat' dir='ltr'>(woicpovs)</span> <span class='ocrx_word' id='word_1_316' title='bbox 828 2753 984 2802; x_wconf 80' lang='grc' dir='ltr'>ἀληθῶς</span> <span class='ocrx_word' id='word_1_317' title='bbox 1004 2753 1044 2792; x_wconf 91' lang='grc' dir='ltr'><strong>Α</strong></span> <span class='ocrx_word' id='word_1_318' title='bbox 1058 2753 1091 2791; x_wconf 90' lang='grc' dir='ltr'>Β</span> <span class='ocrx_word' id='word_1_319' title='bbox 1106 2753 1140 2792; x_wconf 95' lang='lat' dir='ltr'>C</span> <span class='ocrx_word' id='word_1_320' title='bbox 1329 2766 1378 2802; x_wconf 91' lang='lat'>14</span> <span class='ocrx_word' id='word_1_321' title='bbox 1408 2754 1445 2793; x_wconf 82' lang='grc' dir='ltr'>οἴ</span> <span class='ocrx_word' id='word_1_322' title='bbox 1464 2766 1545 2793; x_wconf 90' lang='lat' dir='ltr'>om.</span> <span class='ocrx_word' id='word_1_323' title='bbox 1570 2752 1609 2791; x_wconf 94' lang='lat' dir='ltr'>A</span> <span class='ocrx_word' id='word_1_324' title='bbox 1622 2752 1658 2790; x_wconf 93' lang='lat' dir='ltr'>B</span> <span class='ocrx_word' id='word_1_325' title='bbox 1673 2752 1707 2792; x_wconf 92' lang='lat' dir='ltr'>C</span> <span class='ocrx_word' id='word_1_326' title='bbox 1843 2755 1972 2805; x_wconf 78' lang='grc' dir='ltr'>ὑγικρ.</span> 
     </span>
     <span class='ocr_line' id='line_1_34' title="bbox 317 2805 1973 2861; baseline 0.001 -17"><span class='ocrx_word' id='word_1_327' title='bbox 317 2805 357 2843; x_wconf 92' lang='lat' dir='ltr'><strong>R</strong></span> <span class='ocrx_word' id='word_1_328' title='bbox 374 2806 456 2845; x_wconf 87' lang='lat' dir='ltr'>SV</span> <span class='ocrx_word' id='word_1_329' title='bbox 625 2818 673 2856; x_wconf 91' lang='lat'>15</span> <span class='ocrx_word' id='word_1_330' title='bbox 703 2806 994 2860; x_wconf 76' lang='grc' dir='ltr'>ὑγρόκρότατοι</span> <span class='ocrx_word' id='word_1_331' title='bbox 1018 2807 1057 2845; x_wconf 89' lang='lat' dir='ltr'>R</span> <span class='ocrx_word' id='word_1_332' title='bbox 1078 2823 1087 2847; x_wconf 89' lang='lat'>:</span> <span class='ocrx_word' id='word_1_333' title='bbox 1118 2807 1375 2861; x_wconf 77' lang='grc' dir='ltr'>ὑγικρότατοι</span> <span class='ocrx_word' id='word_1_334' title='bbox 1398 2805 1479 2847; x_wconf 85' lang='lat' dir='ltr'>SV</span> <span class='ocrx_word' id='word_1_335' title='bbox 1660 2820 1707 2857; x_wconf 93' lang='lat'>17</span> <span class='ocrx_word' id='word_1_336' title='bbox 1736 2809 1814 2860; x_wconf 81' lang='grc' dir='ltr'>’γὰρ</span> <span class='ocrx_word' id='word_1_337' title='bbox 1835 2820 1916 2848; x_wconf 91' lang='lat' dir='ltr'>om.</span> <span class='ocrx_word' id='word_1_338' title='bbox 1940 2806 1973 2846; x_wconf 91' lang='lat' dir='ltr'>C</span> 
     </span>
     <span class='ocr_line' id='line_1_35' title="bbox 321 2858 1975 2916; baseline 0.002 -18"><span class='ocrx_word' id='word_1_339' title='bbox 321 2863 368 2898; x_wconf 90' lang='lat'>18</span> <span class='ocrx_word' id='word_1_340' title='bbox 400 2870 528 2912; x_wconf 89' lang='grc' dir='ltr'>σφεας</span> <span class='ocrx_word' id='word_1_341' title='bbox 550 2861 585 2900; x_wconf 94' lang='grc' dir='ltr'>Α</span> <span class='ocrx_word' id='word_1_342' title='bbox 602 2863 635 2900; x_wconf 86' lang='grc' dir='ltr'>Β</span> <span class='ocrx_word' id='word_1_343' title='bbox 652 2862 684 2900; x_wconf 92' lang='lat' dir='ltr'>C</span> <span class='ocrx_word' id='word_1_344' title='bbox 898 2876 950 2902; x_wconf 85' lang='lat'>20</span> <span class='ocrx_word' id='word_1_345' title='bbox 980 2861 1127 2916; x_wconf 83' lang='grc' dir='ltr'>δρόμον</span> <span class='ocrx_word' id='word_1_346' title='bbox 1148 2862 1181 2901; x_wconf 90' lang='lat' dir='ltr'>C</span> <span class='ocrx_word' id='word_1_347' title='bbox 1203 2877 1211 2901; x_wconf 93' lang='lat'>:</span> <span class='ocrx_word' id='word_1_348' title='bbox 1241 2858 1348 2914; x_wconf 71' lang='grc' dir='ltr'>ὦμον</span> <span class='ocrx_word' id='word_1_349' title='bbox 1371 2862 1531 2901; x_wconf 81' lang='lat' dir='ltr'><strong>Reiske</strong></span> <span class='ocrx_word' id='word_1_350' title='bbox 1743 2875 1796 2911; x_wconf 88' lang='lat'>24</span> <span class='ocrx_word' id='word_1_351' title='bbox 1823 2861 1894 2900; x_wconf 88' lang='lat' dir='ltr'><strong>alt.</strong></span> <span class='ocrx_word' id='word_1_352' title='bbox 1917 2863 1975 2913; x_wconf 69' lang='grc' dir='ltr'>τῷ</span> 
     </span>
     <span class='ocr_line' id='line_1_36' title="bbox 316 2913 1972 2966; baseline 0.002 -13"><span class='ocrx_word' id='word_1_353' title='bbox 316 2928 397 2953; x_wconf 84' lang='lat' dir='ltr'>om.</span> <span class='ocrx_word' id='word_1_354' title='bbox 422 2916 454 2953; x_wconf 93' lang='lat' dir='ltr'>C</span> <span class='ocrx_word' id='word_1_355' title='bbox 631 2920 684 2955; x_wconf 87' lang='lat'>26</span> <span class='ocrx_word' id='word_1_356' title='bbox 712 2916 922 2964; x_wconf 84' lang='grc' dir='ltr'>Λιβυσέων</span> <span class='ocrx_word' id='word_1_357' title='bbox 945 2913 985 2955; x_wconf 85' lang='lat' dir='ltr'>R</span> <span class='ocrx_word' id='word_1_358' title='bbox 1161 2931 1211 2966; x_wconf 86' lang='lat'>27</span> <span class='ocrx_word' id='word_1_359' title='bbox 1240 2917 1449 2965; x_wconf 85' lang='grc' dir='ltr'>Λιβυσέων</span> <span class='ocrx_word' id='word_1_360' title='bbox 1469 2918 1509 2956; x_wconf 88' lang='grc' dir='ltr'><strong>Α</strong></span> <span class='ocrx_word' id='word_1_361' title='bbox 1524 2917 1559 2955; x_wconf 89' lang='grc' dir='ltr'>Β</span> <span class='ocrx_word' id='word_1_362' title='bbox 1605 2962 1610 2965; x_wconf 13' lang='grc' dir='ltr'>ἡ</span> <span class='ocrx_word' id='word_1_363' title='bbox 1672 2915 1884 2958; x_wconf 81' lang='grc' dir='ltr'>θύσσαννοι</span> <span class='ocrx_word' id='word_1_364' title='bbox 1907 2913 1972 2956; x_wconf 84' lang='lat' dir='ltr'>R:</span> 
     </span>
    </p>
   </div>
   <div class='ocr_carea' id='block_1_6' title="bbox 317 2969 567 3011">
    <p class='ocr_par' dir='ltr' id='par_1_6' title="bbox 317 2969 567 3011">
     <span class='ocr_line' id='line_1_37' title="bbox 317 2969 567 3011; baseline -0.004 -2"><span class='ocrx_word' id='word_1_365' title='bbox 317 2969 506 3011; x_wconf 77' lang='grc' dir='ltr'>θύσσανοι</span> <span class='ocrx_word' id='word_1_366' title='bbox 530 2970 567 3008; x_wconf 71' lang='lat' dir='ltr'>V</span> 
     </span>
    </p>
   </div>
   <div class='ocr_carea' id='block_1_7' title="bbox 312 1805 2083 1876">
    <p class='ocr_par' dir='ltr' id='par_1_7' title="bbox 312 1805 2083 1876">
     <span class='ocr_line' id='line_1_38' title="bbox 312 1805 2083 1876; baseline -0.001 -17"><span class='ocrx_word' id='word_1_367' title='bbox 312 1806 568 1874; x_wconf 90' lang='grc' dir='ltr'>ῥιπτέουσι</span> <span class='ocrx_word' id='word_1_368' title='bbox 611 1809 733 1876; x_wconf 80' lang='grc' dir='ltr'>ὑπὲρ</span> <span class='ocrx_word' id='word_1_369' title='bbox 774 1808 860 1861; x_wconf 86' lang='grc' dir='ltr'>τὸν</span> <span class='ocrx_word' id='word_1_370' title='bbox 902 1810 1069 1874; x_wconf 91' lang='grc' dir='ltr'>δόμον,</span> <span class='ocrx_word' id='word_1_371' title='bbox 1112 1813 1255 1860; x_wconf 82' lang='grc' dir='ltr'>τοῦτο</span> <span class='ocrx_word' id='word_1_372' title='bbox 1294 1812 1347 1861; x_wconf 81' lang='grc' dir='ltr'>δὲ</span> <span class='ocrx_word' id='word_1_373' title='bbox 1390 1808 1688 1874; x_wconf 87' lang='grc' dir='ltr'>ποιήσαντες</span> <span class='ocrx_word' id='word_1_374' title='bbox 1733 1805 1975 1876; x_wconf 86' lang='grc' dir='ltr'>ἀποστρέ-</span> <span class='ocrx_word' id='word_1_375' title='bbox 2006 1828 2083 1859; x_wconf 46' lang='lat'>20«</span> 
     </span>
    </p>
   </div>
   <div class='ocr_carea' id='block_1_8' title="bbox 2083 0 2098 292">
    <p class='ocr_par' dir='ltr' id='par_1_8' title="bbox 2083 0 2098 292">
     <span class='ocr_line' id='line_1_39' title="bbox 2083 0 2098 292; textangle 90"><span class='ocrx_word' id='word_1_376' title='bbox 2092 278 2098 292; x_wconf 30' lang='grc' dir='ltr'>,μ</span> <span class='ocrx_word' id='word_1_377' title='bbox 2084 130 2098 268; x_wconf 39' lang='lat' dir='ltr'>*Aah*</span> <span class='ocrx_word' id='word_1_378' title='bbox 2083 0 2098 118; x_wconf 48' lang='lat' dir='ltr'>mm</span> 
     </span>
    </p>
   </div>
  </div>
 </body>
</html>
