2098 3320
89 80 179 131 ΙΙΙ.
210 82 270 130 61

199 551 267 599 62

928 82 1359 131 ΗΡΟΔΟΤΟΤ

308 210 396 262 τὸν
418 210 571 277 ἄνδρα
597 211 895 277 ἀναγνώσας
923 213 948 262 6
971 212 1129 279 μάγος
1160 214 1457 279 Πατιζείθης
1487 214 1552 268 ὥς
1575 217 1620 267 οἱ
1643 214 1788 269 αὐτὸς
1812 214 1975 269 πάντα

309 293 580 362 διαπρήξει,
622 296 728 346 εἷσε
770 295 906 362 ἄγων
944 298 994 349 ἐς
1035 296 1123 348 τὸν
1159 296 1435 362 βασιλήιον
1476 299 1668 366 θρόνον.
1758 298 1973 365 ποιήσας

308 382 361 430 δὲ
383 383 526 430 τοῦτο
552 377 760 445 κήρυκας
783 387 843 452 τῇ
861 401 914 432 τε
940 379 1072 452 ἄλλῃ
1097 380 1335 447 διέπεμπε
1358 382 1436 434 καὶ
1460 382 1519 450 δὴ
1546 383 1622 434 καὶ
1648 385 1698 437 ἐς
1720 386 1973 451 Αἴγυπτον

307 462 609 531 προερέοντα
638 468 704 533 τῷ
739 470 933 534 στρατῷ
966 465 1030 518 ὡς
1063 464 1300 532 Σμέρδιος
1330 471 1416 518 τοῦ
1442 467 1603 534 Κύρου
1626 466 1872 519 ἀκουστέα
1894 470 1969 533 εἴη

306 551 393 598 τοῦ
422 552 600 601 λοιποῦ
632 547 748 599 ἀλλ’
779 548 837 599 οὐ
869 549 1175 615 Καμβύσεω.
1251 551 1303 601 οἵ
1329 572 1381 602 τε
1405 550 1462 615 δὴ
1489 547 1558 602 ὧν
1588 550 1737 602 ἄλλοι
1769 550 1970 618 κήρυκες
1994 573 2016 614 5

305 632 640 699 προηγόρευον
675 637 827 683 ταῦτα
865 633 944 685 καὶ
981 632 1039 698 δὴ
1079 634 1158 685 καὶ
1188 635 1215 684 6
1246 633 1323 686 ἐπ’
1358 637 1610 702 Αἴγυπτον
1641 637 1843 703 ταχθείς
1869 632 1966 699 (εὕ-

302 737 444 782 ρισκε
476 718 570 783 γὰρ
604 717 886 782 Καμβύσεα
924 718 1002 768 καὶ
1033 717 1118 769 τὸν
1156 718 1370 786 στρατὸν
1408 720 1552 772 ἐόντα
1587 722 1672 784 τῆς
1708 721 1884 786 Συρίης
1915 720 1968 772 ἐν

303 799 686 868 Ἀγβατάνοισι)
727 803 1029 868 προηγόρευε
1074 804 1198 857 στὰς
1238 805 1290 856 ἐς
1332 803 1494 869 μέσον
1533 806 1594 856 τᾶ
1636 803 1968 870 ἐντεταλμένα

302 885 356 936 ἐκ
407 889 494 936 τοῦ
542 883 721 952 μάγου.
832 886 1114 952 Καμβύσης
1165 889 1218 939 δὲ
1270 887 1489 942 ἀκούσας
1541 889 1691 940 ταῦτα
1741 884 1831 955 [ἐκ]
1882 893 1967 940 τοῦ
2002 895 2007 899 ’

302 967 507 1036 κήρυκος
531 970 611 1021 καὶ
642 970 857 1023 ἐλπίσας
882 992 967 1036 μιν
990 970 1159 1037 λέγειν
1183 970 1373 1036 ἀληθέα
1395 973 1542 1026 αὐτός
1561 994 1615 1025 τε
1639 973 1966 1039 προδεδόσθαι
1995 991 2042 1020 10

302 1055 355 1104 ἐκ
404 1051 739 1121 Πρηξάσπεος
789 1053 1101 1122 (πεμφθέντα
1147 1057 1243 1123 γὰρ
1294 1056 1441 1108 αὐτὸν
1488 1057 1553 1110 ὡς
1605 1055 1966 1109 ἀποκτενέοντα
2082 1048 2085 1049 ⁷

301 1137 510 1204 ,Σμέρδιν
542 1138 599 1190 οὐ
629 1141 838 1202 ποιῆσαι
867 1138 1050 1204 ταῦτα),
1077 1138 1284 1207 βλέψας
1316 1141 1366 1193 ἐς
1388 1144 1474 1192 τὸν
1498 1139 1810 1208 Πρηξάσπεα
1839 1139 1962 1193 εἶπε·

301 1220 622 1288 Πρήξασπες,
656 1223 782 1274 οὕτω
811 1244 896 1288 μοι
916 1222 1190 1291 διέπρηξας
1220 1225 1278 1275 τό
1306 1245 1383 1276 τοι
1415 1223 1704 1291 προσέθηκα
1733 1227 1959 1293 πρῆγμα,·

300 1307 325 1355 6
356 1309 409 1358 δὲ
443 1306 566 1358 εἶπε·
607 1305 680 1358 ῗΩ,
717 1306 951 1367 δέσποτα,
987 1307 1074 1359 οὐκ
1111 1307 1222 1360 ἔστι
1257 1312 1411 1360 ταῦτα
1448 1308 1652 1374 ἀληθέα,
1686 1309 1811 1363 ὅκως
1851 1307 1963 1361 κοτέ

301 1412 385 1442 σοι
418 1389 626 1457 Σμέρδις
666 1390 913 1458 ἀδελφεὸς
949 1393 975 1442 6
1013 1391 1103 1445 σὸς
1144 1391 1466 1458 ἐπανέστηκε,
1513 1394 1625 1446 οὐδὲ
1661 1394 1786 1447 ὅκως
1821 1413 1868 1445 τι
1906 1390 1966 1457 ἐξ
1991 1413 2036 1453 15

299 1475 489 1527 ἐκείνου
511 1480 597 1526 τοῦ
627 1475 803 1542 ἀνδρὸς
835 1477 996 1529 νεῖκός
1026 1497 1103 1527 τοι
1133 1477 1276 1528 ἔσται
1300 1473 1330 1541 ἢ
1353 1476 1482 1544 μέγα
1504 1473 1534 1541 ἢ
1560 1477 1785 1544 σμικρόν.
1861 1477 1960 1544 ἐγὼ

299 1561 393 1626 γὰρ
425 1558 570 1613 αὐτὸς
602 1558 816 1624 ποιήσας
845 1561 906 1611 τὰ
938 1561 1003 1611 σύ
1030 1582 1091 1625 με
1123 1559 1347 1615 ἐκέλευες
1378 1560 1547 1629 ἔθαψά
1569 1582 1654 1627 μιν
1673 1561 1821 1629 χερσὶ
1843 1568 1960 1634 τῇσι

298 1645 555 1708 ἐμεωυτοῦ.
646 1646 688 1695 εἰ
722 1643 815 1709 μέν
851 1665 937 1696 νυν
978 1647 1023 1696 οἱ
1062 1648 1327 1699 τεθνεῶτες
1369 1645 1653 1704 ἀνεστέασι,
1687 1643 1961 1712 προσδέκεό

295 1749 371 1779 τοι
413 1729 491 1780 καὶ
528 1726 815 1795 Ἀστυάγεα
850 1728 936 1780 τὸν
975 1732 1151 1794 Μῆδον
1187 1728 1647 1794 ἐπαναστήσεσθαι·
1695 1731 1737 1781 εἰ
1768 1728 1811 1780 δ’
1849 1729 1958 1780 ἔστι

295 1812 466 1879 ὥσπερ
498 1811 592 1878 πρὸ
629 1817 729 1871 τοῦ,
764 1812 820 1864 οὐ
854 1811 921 1879 μή
958 1814 1009 1865 τί
1038 1834 1115 1865 τοι
1152 1814 1206 1866 ἔκ
1244 1835 1302 1881 γε
1340 1815 1527 1866 ἐκείνου
1563 1815 1800 1881 νεώτερον
1837 1814 1954 1865 ἀνα-
1985 1831 2035 1859 20

294 1896 519 1968 βλάστῃ.
610 1902 696 1949 νῦν
747 1894 815 1949 ὧν
866 1918 950 1963 μοι
997 1897 1156 1950 δοκέει
1202 1898 1596 1964 μεταδιώξαντας
1642 1898 1728 1950 τὸν
1777 1896 1957 1964 κήρυκα

294 1980 540 2045 ἐξετάζειν
593 1982 897 2048 εἰρωτῶντας
947 1982 1061 2049 παρ’
1107 1984 1219 2035 ὅτευ
1268 1983 1399 2048 ἥκων
1458 1983 1782 2050 προαγορεύει
1838 1982 1955 2047 ἡμῖν

295 2064 532 2132 Σμέρδιος
571 2065 820 2132 βασιλέος
861 2066 1073 2119 ἀκούειν.
1163 2071 1317 2118 ταῦτα
1357 2068 1585 2122 εἴπαντος
1622 2064 1954 2134 Πρηξάσπεος

292 2150 462 2216 (ἤρεσε
486 2152 580 2217 γὰρ
607 2151 893 2224 Καμβύσῃ),
921 2151 1094 2203 αὐτίκα
1115 2153 1444 2217 μεταδίωκτος
1468 2153 1733 2219 γενόμενος
1757 2153 1782 2202 ὁ
1808 2149 1958 2217 κῆρυξ

293 2233 397 2297 ἧκε·
444 2233 719 2301 ἀπιγμένον
742 2234 796 2287 δέ
816 2256 901 2301 μιν
926 2237 1084 2302 εἴρετο
1108 2237 1134 2286 6
1158 2235 1469 2303 Πρηξάσπης
1491 2235 1624 2288 τάδε·
1665 2234 1948 2301 ”Ωνθρωπε,
1979 2251 2028 2292 25

294 2317 395 2385 φὴς
431 2320 525 2385 γὰρ
556 2319 694 2383 ἥκειν
726 2322 858 2387 παρὰ
889 2318 1126 2387 Σμέρδιος
1155 2325 1241 2371 τοῦ
1271 2321 1433 2387 Κύρου
1462 2320 1694 2387 ἄγγελος.
1769 2323 1854 2371 νῦν
1884 2315 1952 2370 ὧν

347 2470 372 2495 2
402 2455 477 2505 ἧσε
499 2457 608 2509 ἄγων
630 2455 663 2495 C
682 2470 690 2495 z
723 2455 896 2510 εἰσάγων
919 2455 1008 2494 RV
1027 2470 1035 2495 :
1067 2457 1219 2508 εἰσάγει
1241 2457 1271 2497 S
1369 2460 1425 2499 εἷς
1447 2457 1485 2495 R
1499 2457 1536 2495 V
1645 2471 1669 2506 4
1691 2455 1949 2511 προερέοντα]

290 2512 557 2565 προελθόντες
581 2511 618 2549 R
634 2511 715 2550 SV
850 2514 877 2550 6
906 2512 1068 2553 τακτείς
1092 2512 1129 2549 R
1145 2514 1175 2551 S
1190 2513 1225 2550 V
1363 2513 1388 2550 8
1417 2514 1534 2564 Ἀ’γβ.
1559 2512 1647 2550 RV
1668 2513 1817 2562 Steph.
1844 2511 1947 2561 Byz.

290 2580 322 2605 s.
339 2580 403 2607 v.:
436 2565 553 2618 Ἐγβ.
579 2567 608 2605 S
629 2580 637 2604 z
668 2566 781 2614 Ἐκβ.
806 2566 895 2605 rell.
1011 2579 1038 2617 9
1070 2572 1199 2618 Καμβ.
1225 2565 1269 2607 δὲ
1290 2580 1373 2607 om.
1398 2567 1436 2604 R
1452 2568 1533 2606 SV
1630 2570 1759 2608 ταῦτα
1777 2565 1949 2607 ἀκούσας

293 2620 332 2659 R
347 2623 376 2661 S
390 2622 428 2659 V
553 2624 597 2661 ἐκ
619 2634 702 2660 om.
728 2621 766 2658 R
783 2622 812 2660 S
825 2621 863 2659 V
1048 2634 1096 2660 10
1126 2622 1378 2674 προδίδοσθαι
1401 2621 1437 2659 R
1454 2623 1483 2661 S
1499 2622 1534 2660 V
1703 2634 1750 2659 12
1781 2622 1836 2662 εἰς
1859 2620 1898 2658 R
1912 2620 1950 2658 V

297 2689 425 2726 12—13
452 2677 537 2717 εἷπε
554 2675 650 2728 np.]
668 2683 738 2728 Πρ.
761 2676 836 2727 ἔφη
857 2676 894 2713 R
910 2677 939 2714 S
954 2676 991 2714 V
1107 2688 1154 2724 13
1183 2675 1291 2716 οὗτοι
1308 2675 1346 2714 Α
1364 2676 1398 2714 Β
1415 2677 1448 2714 C
1560 2675 1767 2729 διεπράξαο
1786 2675 1825 2714 Α
1838 2675 1872 2714 Β
1887 2675 1945 2714 C:

290 2731 498 2783 διεπρήξαο
520 2730 553 2768 Ρ
758 2743 804 2779 15
835 2734 854 2770 ὁ
875 2744 955 2769 om.
980 2730 1018 2768 A
1034 2730 1067 2768 B
1085 2731 1118 2769 C
1283 2731 1342 2782 τι]
1366 2732 1429 2771 ὅτι
1451 2731 1484 2769 C
1681 2732 1729 2768 16
1757 2747 1797 2770 τι
1820 2728 1948 2768 PSV

294 2797 338 2835 17
371 2785 589 2827 ἐκέλευσας
607 2784 645 2822 R
662 2786 690 2824 S
706 2785 742 2822 V
907 2799 960 2824 20
990 2787 1182 2838 νεώτερον
1203 2786 1326 2826 κακὸν
1345 2785 1384 2823 Α
1397 2786 1433 2824 Β
1447 2786 1480 2824 C
1496 2786 1528 2824 P
1639 2783 1946 2832 ἀναβλαστήσει

293 2841 331 2878 R
347 2840 427 2879 SV
564 2853 587 2878 2
600 2853 613 2878 1
647 2839 799 2880 δοκέειν
819 2839 857 2877 Α
875 2854 882 2878 :
914 2853 996 2879 om.
1024 2840 1062 2878 R
1077 2839 1107 2879 S
1120 2840 1158 2879 V
1266 2841 1583 2892 μεταδιώξαντας
1607 2839 1645 2877 R
1665 2853 1674 2878 ε
1703 2840 1946 2890 μεταδιώξας

291 2895 372 2933 SV
574 2908 626 2933 22
666 2897 851 2935 -τεῦντας
884 2893 923 2933 Α
937 2894 970 2933 Β
985 2894 1018 2933 C
1032 2894 1066 2933 P
1275 2907 1327 2944 23
1366 2893 1572 2947 εἴπαντος]
1609 2893 1780 2936 ἀκούσας
1811 2892 1850 2931 R
1864 2892 1946 2933 SV

290 2963 343 2999 24
371 2949 686 2999 μεταδιώκοντος
708 2949 741 2987 C
