2098 3320
704 125 1077 193 ιΣΤοΡιΩΝ
1143 148 1186 194 Δ
1814 147 1897 197 lv,
1926 157 1997 208 40

106 274 198 342 ἤδη
236 280 290 328 τὸ
323 275 444 343 πρὸς
485 275 575 342 τὴν
616 275 703 341 ἠῶ,
738 275 850 328 οὐδὲ
893 277 1000 346 ἔχει
1041 276 1201 331 οὐδεὶς
1244 276 1438 345 φράσαι
1480 278 1586 329 οἷον
1629 275 1687 341 δή
1729 298 1776 329 τι

110 362 234 413 ἐστί.
310 361 510 426 τοιαύτη
547 364 639 426 μὲν
676 361 755 413 καὶ
792 362 1008 426 τοσαύτη
1040 361 1069 427 ἡ
1103 361 1253 427 Ἀσίη
1293 363 1422 421 ἐστί,
1454 362 1485 427 ἡ
1518 365 1571 414 δὲ
1609 362 1774 428 Λιβύη
1812 384 1870 432 41

109 446 164 497 ἐν
202 446 263 517 τῇ
299 446 422 518 ἀκτῇ
462 446 522 517 τῇ
564 444 703 518 ἑτέρῃ
746 446 874 497 ἐστί·
913 445 1020 498 ἀπὸ
1056 447 1152 513 γὰρ
1188 447 1442 514 Αἰγύπτου
1479 445 1644 512 Λιβύη
1682 445 1774 511 ἤδη

109 527 380 581 ἐκδέκεται.·
452 532 574 581 κατὰ
615 529 708 595 μέν
753 551 839 582 νυν
885 532 1138 597 Αἴγυπτον
1181 530 1210 596 ἡ
1258 530 1380 596 ἀκτὴ
1427 532 1547 596 αὕτη
1602 530 1774 595 στεινή

59 637 81 678 5
108 614 234 665 ἐστι·
303 613 402 665 ἀπὸ
453 615 550 681 γὰρ
607 618 762 679 τῆσδε
812 617 900 679 τῆς
954 613 1220 679 θαλάσσης
1279 617 1330 669 ἐς
1388 615 1478 680 τὴν
1530 614 1776 683 Ἐρυθρὴν

108 696 377 749 θάλασσαν
423 696 540 750 δέκα
583 697 813 765 μυριάδες
859 700 958 751 εἶσὶ
1000 698 1256 766 ὀργυιέων,
1301 700 1443 752 αὗται
1484 699 1527 750 δ’
1569 699 1631 752 ἂν
1675 699 1775 753 ε’ἴεν

107 782 265 850 χίλιοι
295 781 506 834 στάδιοι·
554 785 687 858 τὸδὲ
718 782 816 835 ἀπὸ
847 787 932 834 τοῦ
962 787 1162 836 στεινοῦ
1192 784 1366 836 τούτου
1400 784 1553 852 κάρτα
1583 783 1777 837 πλατέα

107 864 344 935 τυγχάνει
375 867 530 918 ἐοῦσα
556 867 585 932 ἡ
618 867 738 932 ἀκτὴ
771 867 877 932 ἥτις
907 869 1071 933 Λιβύη
1104 867 1354 933 κέκληται.

193 949 423 1016 Θωμάζω
454 949 522 1003 ὧν
551 956 649 1003 τῶν
686 950 1042 1019 διουρισάντων
1080 954 1159 1005 καὶ
1196 953 1465 1006 διελόντων
1495 953 1692 1019 Λιβύην
1722 974 1777 1006 τε
1812 967 1882 1016 42

35 1056 85 1087 10
109 1035 190 1087 καὶ
233 1034 415 1100 Ἀσίην
460 1037 538 1088 καὶ
584 1036 844 1103 Εὐρώπην·
899 1037 954 1088 οὐ
999 1039 1095 1104 γὰρ
1140 1040 1325 1104 σμικρὰ
1367 1040 1430 1089 τὰ
1474 1037 1778 1105 διαφέροντα

107 1118 296 1172 αὐτέων
341 1121 468 1172 ἐστί·
530 1118 675 1186 μήκεϊ
720 1123 812 1186 μὲν
858 1122 954 1188 γὰρ
1000 1121 1113 1189 παρ’
1160 1121 1447 1188 ἀμφοτέρας
1495 1121 1703 1190 παρήκει
1747 1123 1777 1187 ἡ

35 1222 38 1225 ·
111 1204 339 1272 Εὐρώπη,
374 1205 540 1272 εὔρεος
570 1207 623 1257 δὲ
647 1204 759 1272 πέρι
790 1205 902 1257 οὐδὲ
934 1205 1255 1271 συμβάλλειν
1286 1203 1397 1271 ἀξίη
1430 1207 1668 1274 φαίνεταί
1691 1228 1778 1272 μοι

110 1288 252 1342 εἶναι.
327 1289 492 1356 Λιβύη
516 1292 608 1355 μὲν
632 1292 727 1357 γὰρ
758 1293 906 1354 δηλοῖ
927 1290 1112 1354 ἑωυτὴν
1136 1292 1290 1342 ἐοῦσα
1315 1292 1616 1359 περίρρυτος,
1643 1291 1778 1355 πλὴν
1810 1310 1836 1342 2

109 1375 233 1426 ὅσον
268 1373 418 1439 αὐτῆς
452 1374 574 1442 πρὸς
609 1374 700 1438 τὴν
731 1374 912 1439 Ἀσίην
949 1374 1148 1442 οὐρίζει,
1186 1379 1331 1427 Νεκῶ
1369 1380 1456 1427 τοῦ
1493 1376 1777 1444 Αἰγυπτίων

37 1480 83 1522 ¹5
107 1458 357 1525 βασιλέος
393 1459 589 1527 πρώτου
625 1463 725 1511 τῶν
761 1460 901 1524 ἡμεῖς
936 1461 1075 1525 ἴδμεν
1113 1456 1487 1524 καταδέξαντος,
1522 1459 1576 1514 ὃς
1615 1460 1778 1513 ἐπείτε

107 1543 198 1608 τὴν
218 1543 435 1612 διώρυχα
459 1543 712 1596 ἐπαύσατο
736 1543 971 1611 ὀρύσσων
990 1543 1080 1608 τὴν
1104 1546 1158 1596 ἐκ
1182 1549 1269 1596 τοῦ
1294 1545 1483 1596 Νείλου
1508 1543 1778 1612 διέχουσαν

109 1629 159 1682 ἐς
178 1627 263 1680 τὸν
283 1627 526 1695 Ἀράβιον
547 1629 748 1687 κόλπον,
777 1627 1047 1696 ἀπέπεμψε
1067 1630 1302 1682 Φοίνικας
1326 1628 1506 1696 ἄνδρας
1529 1630 1774 1689 πλοίοισι,

109 1711 457 1779 ἐντειλάμενος
482 1715 533 1768 ἐς
562 1713 619 1764 τὸ
643 1714 806 1766 ὀπίσω
832 1712 892 1765 δι’
915 1712 1211 1780 “Ηρακλέων
1236 1711 1465 1778 στηλέων
1496 1712 1778 1766 διεκπλέειν
1827 1736 1829 1739 ’

109 1797 203 1851 ἕως
252 1799 302 1851 ἐς
352 1797 444 1863 τὴν
494 1799 708 1864 βορηίην
760 1797 1029 1850 θάλασσαν
1083 1798 1163 1850 καὶ
1215 1798 1368 1852 οὕτως
1420 1801 1472 1852 ἐς
1523 1799 1778 1865 Αἴγυπτον

35 1902 86 1932 20
110 1881 448 1935 ἀπικνέεσθαι.
526 1881 823 1950 ὁρμηθέντες
863 1880 931 1934 ὠν
973 1885 1018 1934 οἱ
1060 1884 1290 1937 Φοίνικες
1329 1884 1382 1934 ἐκ
1421 1886 1508 1948 τῆς
1538 1882 1779 1950 Ἐρυθρῆς
1813 1903 1838 1947 3

110 1965 375 2032 θαλάσσης
420 1967 602 2021 ἔπλεον
644 1989 736 2032 την
777 1967 945 2032 νοτίην
988 1966 1276 2020 θάλασσαν·
1327 1968 1452 2021 ὅκως
1493 1970 1547 2019 δὲ
1587 1967 1777 2034 γίνοιτο

44 2098 47 2105 .
110 2051 446 2119 φθινόπωρον,
496 2053 866 2120 προσίσχοντες
914 2051 974 2104 ἂν
1029 2052 1332 2119 σπείρεσκον
1390 2051 1482 2116 τὴν
1531 2053 1643 2119 γῆν,
1697 2052 1781 2104 ἵνα
1805 2053 1904 2103 M
1933 2050 2098 2092 Q

110 2132 351 2189 ἑκάστοτε
384 2139 472 2202 τῆς
507 2136 704 2202 Λιβύης
740 2134 983 2190 πλέοντες
1020 2138 1259 2203 γινοίατο,
1294 2136 1374 2188 καὶ
1411 2135 1659 2202 μένεσκον
1689 2135 1778 2187 τὸν

108 2218 313 2286 ἄμητον·
359 2221 649 2288 θερίσαντες
681 2221 723 2272 δ’
747 2220 808 2273 ἂν
836 2219 921 2273 τὸν
954 2225 1098 2273 σῖτον
1128 2220 1327 2280 ἔπλεον,
1362 2222 1494 2273 ὥστε
1518 2221 1603 2272 δύο
1629 2219 1779 2272 ἐτέων
1815 2240 1843 2282 4

35 2330 83 2371 25
108 2303 463 2370 διεξελθόντων
493 2307 639 2376 τρίτῳ
671 2306 772 2359 ἔτεϊ
805 2304 1093 2373 κάμψαντες
1123 2304 1408 2373 Ἡρακλέας
1440 2303 1631 2370 στήλας
1661 2306 1773 2357 ἀπί-

111 2410 254 2441 κοντο
291 2391 341 2444 ἐς
378 2392 648 2458 Αἴγυπτον.
727 2390 805 2442 καὶ
842 2390 1022 2458 ἔλεγον
1058 2390 1167 2456 ἐμοὶ
1203 2392 1295 2460 μὲν
1332 2391 1388 2442 οὐ
1424 2388 1598 2449 πιστά,
1636 2388 1778 2459 ἄλλῳ

166 2529 534 2571 1⁶rbom.RSV
645 2528 904 2571 ἕωΑΒΟΡ
1070 2529 1404 2579 2ρτ.ἡοιτι.(ἰ
1544 2529 1779 2591 3τῆἆκτῇ

108 2596 190 2624 om.
217 2584 299 2624 SV
455 2596 535 2634 4-—5
566 2585 707 2634 στεινή
730 2585 885 2636 ἐστιζν)
910 2583 948 2622 R
965 2582 995 2623 S
1011 2583 1047 2623 V
1062 2583 1139 2624 P⁰:
1172 2585 1262 2624 ἐστὶ
1285 2584 1428 2632 στεινὴ
1451 2582 1525 2622 ΡΙ·
1517 2614 1525 2623 .
1559 2584 1714 2636 ἐστι(ν>
1736 2582 1779 2633 ἧι

109 2640 262 2687 {ardu}
286 2638 326 2678 A
341 2638 375 2678 B
392 2639 426 2678 C
564 2642 591 2679 6
620 2638 655 2681 δ’
675 2652 757 2679 om.
785 2639 823 2677 R
840 2639 922 2678 SV
1068 2652 1096 2688 9
1123 2655 1172 2679 τε
1193 2651 1276 2677 orn.
1300 2638 1338 2677 A
1355 2637 1389 2676 B
1405 2639 1438 2677 C
1583 2651 1632 2677 10
1660 2641 1780 2692 μικρὰ

110 2693 247 2734 RSV
470 2707 515 2732 11
548 2697 680 2736 αὐτῶν
709 2693 848 2733 ABC
1014 2694 1105 2746 παρ’
1135 2692 1428 2732 om.PRSV
1653 2705 1702 2731 12
1733 2696 1780 2734 οὗ

109 2748 357 2800 συμβαλέειν
378 2749 419 2788 R
435 2749 465 2790 S
480 2750 517 2789 V
673 2761 720 2799 13
752 2748 853 2790 οὖσα
872 2748 911 2786 Λ
927 2748 960 2786 Β
981 2761 990 2786 :
1021 2747 1146 2790 οὖσαν
1167 2748 1201 2787 C
1356 2749 1407 2786 16
1438 2747 1617 2800 ἔχουσαν
1636 2747 1677 2786 Α
1692 2747 1727 2786 Β
1743 2747 1778 2787 C

114 2804 162 2843 18
192 2803 381 2854 στηλέων
399 2817 481 2845 om.
509 2804 539 2844 S
555 2803 592 2843 V
704 2803 892 2845 ἐκπλέειν
911 2802 951 2840 Α
965 2803 999 2841 Β
1015 2803 1048 2841 C
1066 2802 1098 2841 P
1254 2816 1302 2854 19
1333 2804 1389 2845 εἷς
1413 2803 1450 2842 R
1465 2803 1505 2842 V
1615 2802 1781 2856 βορείην

111 2857 151 2896 R
167 2857 249 2898 SV
442 2873 496 2898 20
525 2862 560 2900 οἱ
580 2871 661 2900 om.
687 2859 720 2898 C
917 2869 966 2897 21
999 2857 1044 2898 δὲ
1064 2871 1147 2897 om.
1173 2856 1213 2895 R
1410 2870 1462 2896 22
1493 2856 1779 2911 προσσχόντες

59 2959 62 2963 ,
107 2912 227 2952 AB:
266 2913 521 3008 προσὲχόντες
556 2913 640 2953 CP
860 2924 912 2962 23
949 2912 1140 2966 γενοίατο
1174 2911 1258 2951 CP
1423 2914 1495 2953 τὸν
1524 2925 1604 2952 om.
1642 2911 1780 2951 RSV

110 2981 162 3018 24
192 2967 225 3010 δ’
248 2981 331 3008 om.

167 3085 268 3112 nor.
295 3085 324 3112 1.
1561 3071 1614 3111 22
