2098 3320
44 166 82 215 Ι.
102 176 191 228 132
251 210 253 213 .
863 163 1315 214 HPOAOTOT'

248 294 523 350 ποιέεσθαι.
592 296 818 366 ἐπισχὼν
838 298 891 348 δὲ
909 296 1084 363 ὀλίγον
1107 297 1292 364 χρόνον
1311 294 1616 363 ἀποφέρεται
1635 295 1661 347 ὁ
1680 293 1836 351 θύσας
1854 297 1916 349 τὰ

123 396 212 444 133
251 379 367 448 κρέα
397 379 476 433 καὶ
505 383 685 448 χρᾶται
715 381 744 432 ὅ
770 401 818 433 τι
849 402 932 447 μιν
962 380 1115 448 λόγος
1143 379 1312 448 αἱρέει.
1377 379 1566 446 ἡμέρην
1595 382 1648 433 δὲ
1679 379 1916 434 ἁπασέων

246 464 469 530 μάλιστα
508 465 701 529 ἐκείνην
734 468 880 531 τιμᾶν
920 465 1174 531 νομίζουσι
1213 472 1272 538 τῇ
1308 463 1519 519 ἕκαστος
1559 462 1773 532 ἐγένετο.
1862 466 1916 517 ἐν

247 550 400 621 ταύτῃ
441 552 493 601 δὲ
538 548 674 601 πλέω
720 553 864 601 δαῖτα
905 553 1004 602 τῶν
1044 548 1241 601 ἀλλέων
1286 552 1529 602 δικαιεῦσι
1573 549 1913 619 προτίθεσθαι·

246 635 300 686 ἐν
330 641 390 707 τῇ
422 636 467 685 οἱ
499 633 782 699 εὐδαίμονες
819 633 979 686 αὐτῶν
1008 638 1137 699 βοῦν
1168 633 1247 685 καὶ
1281 633 1434 686 ἵππον
1464 634 1545 686 καὶ
1581 631 1805 698 κάμηλον
1835 634 1915 686 καὶ
1940 656 1962 698 5

245 720 362 770 ὄνον
397 717 713 785 προτιθέαται
749 719 897 772 ὅλους
933 717 1112 773 ὀπτοὺς
1149 719 1203 770 ἐν
1234 718 1501 783 καμίνοισι,
1532 720 1590 771 οἵ
1617 720 1671 771 δὲ
1707 716 1916 783 πένητες

245 802 404 854 αὐτῶν
448 804 510 853 τὰ
551 805 715 855 λεπτὰ
757 807 855 854 τῶν
900 801 1169 869 προβάτων
1212 801 1542 868 προτιθέαται.
1631 802 1819 854 σίτοισι
1863 804 1916 855 δὲ

180 825 203 855 to

0 898 114 947 wk‘,
246 887 467 954 ὀλίγοισι
501 885 759 955 χρέωνται,
794 885 1135 954 ἐπιφορήμασι
1167 889 1221 939 δὲ
1251 891 1490 939 πολλοῖσι
1521 886 1600 939 καὶ
1630 887 1717 938 οὐκ
1747 879 2075 953 ἁλέσνῶιω

250 971 327 1022 καὶ
377 973 458 1023 διὰ
508 971 654 1023 τοῦτό
705 979 836 1038 φασι
888 970 1085 1038 Πέρσαι
1134 970 1247 1025 τοὺς
1289 969 1550 1036 ’Έλληνας
1600 971 1961 1064 σιτεομένουςθ
2095 1041 2098 1061 Ι

1887 1042 1924 1066 ⁸0
1963 1030 2080 1065 m

249 1060 520 1109 πεινῶντας·
565 1055 830 1115 παύεσθαι,
878 1056 956 1107 ὅτι
1002 1062 1101 1123 σφι
1152 1055 1251 1108 ἀπὸ
1300 1057 1499 1108 δείπνου
1547 1055 1916 1123 παραφορέεται
1943 1075 1992 1104 ιο

248 1140 391 1193 οὐδὲν
427 1140 582 1207 λόγου
618 1138 771 1204 ἄξιον,
811 1141 854 1192 εἰ
895 1138 950 1191 δέ
985 1161 1032 1191 τι
1066 1138 1419 1207 παραφέροιτο,
1463 1129 1722 1194 ἐσθίοντας
1761 1138 1823 1192 ἂν
1857 1139 1915 1192 οὗ
1966 1143 1971 1148 ’

183 1247 207 1290 3
249 1224 512 1277 παύεσθαι.
588 1226 704 1294 οἴνῳ
746 1226 799 1275 δὲ
833 1223 985 1292 κάρτα
1015 1223 1334 1291 προσκέαται,
1368 1224 1450 1275 καί
1484 1231 1580 1292 σφι
1611 1223 1697 1275 οὐκ
1737 1216 1914 1289 ἐμέσαι

248 1307 432 1373 ἔξεστι,
474 1307 581 1360 οὖκὶ
620 1308 830 1375 οὐρῆσαι
870 1310 1038 1361 ἀντίον
1076 1308 1250 1360 ἄλλου.
1339 1313 1492 1361 ταῦτα
1533 1307 1625 1374 μέν
1665 1329 1752 1361 νυν
1790 1309 1914 1360 οὕτω

248 1392 585 1459 φυλάσσεται,
611 1393 972 1458 μεθυσκόμενοι
1002 1395 1054 1445 δὲ
1087 1393 1272 1445 ἐώθασι
1301 1393 1637 1457 βουλεύεσθαι
1666 1394 1728 1444 τὰ
1758 1413 1913 1444 σπου-

180 1499 205 1540 4
248 1476 516 1529 δαιέστατα
537 1482 637 1529 τῶν
659 1476 977 1545 πρηγμάτων·
1017 1476 1073 1529 τὸ
1098 1476 1140 1529 δ’
1160 1476 1222 1529 ἂν
1244 1476 1337 1549 ἅδῃ
1361 1485 1458 1544 σφι
1480 1476 1913 1543 βουλευομένοισι,
1943 1493 1988 1537 15

0 1567 224 1651 ”qu-⁸5:02
245 1566 391 1614 τοῦτο
429 1569 489 1634 τῇ
529 1563 765 1634 ὑστεραίῃ
806 1559 1026 1628 νήφουσι
1069 1564 1297 1627 προτιθεῖ
1332 1562 1358 1612 ὁ
1398 1560 1694 1630 στέγαρχος,
1738 1562 1792 1613 ἐν
1829 1566 1916 1614 τοῦ

236 1645 309 1698 ἀν
361 1647 525 1699 ἐόντες
575 1645 931 1711 βουλεύωνται.
1021 1646 1099 1697 καὶ
1150 1641 1210 1710 ἢν
1261 1647 1352 1711 μὲν
1405 1645 1496 1718 ἅδῃ
1548 1646 1628 1698 καὶ
1678 1644 1913 1714 νήφουσι,

247 1729 492 1800 χρέωνται
521 1729 667 1800 αὐτῷ,
699 1726 761 1794 ἢν
791 1733 844 1783 δὲ
873 1729 939 1795 μὴ
970 1728 1080 1802 ἅδῃ,
1112 1735 1341 1795 μετιεῖσι.
1416 1732 1477 1782 τὰ
1508 1730 1549 1782 δ’
1579 1729 1640 1783 ἂν
1670 1729 1915 1798 νήφοντες

248 1814 735 1882 προβουλεύσωνται,
767 1815 1125 1880 μεθυσκόμενοι
1155 1815 1642 1885 ἐπιδιαγινώσκουσι.
1739 1812 2030 1865 W-

122 1905 212 1953 134
333 1898 756 1967 Ἐντυγχάνοντες
787 1898 828 1950 δ’
854 1897 1128 1963 ἀλλήλοισι
1158 1900 1212 1950 ἐν
1241 1907 1359 1971 τῇσι
1388 1900 1564 1959 ὁδοῖσι,
1596 1901 1721 1968 τῷδε
1749 1897 1812 1950 ἄν
1839 1918 1914 1952 τις
1941 1922 1991 1951 20

249 1984 470 2050 διαγνοίη
519 1985 560 2036 εἰ
603 1984 768 2048 ὅμοιοί
810 1984 907 2035 εἰσι
952 1985 997 2035 οἱ
1043 1982 1485 2051 συντυγχάνοντες·
1544 1983 1653 2036 ἀντὶ
1696 1984 1792 2050 γὰρ
1829 1986 1916 2034 τοῦ

252 2067 637 2134 προσαγορεύειν
679 2066 933 2132 ἀλλήλους
972 2066 1206 2134 φιλέουσι
1247 2073 1379 2120 τοῖσι
1419 2068 1653 2135 στόμασι,
1697 2063 1759 2132 ἢν
1793 2069 1846 2118 δὲ
1886 2065 1916 2139 ᾗ

251 2153 446 2219 οὕτερος
480 2150 835 2219 ὑποδεέστερος
875 2154 1045 2221 ὀλίγῳ,
1083 2153 1171 2206 τὰς
1206 2154 1410 2219 παρειὰς
1446 2148 1722 2220 φιλέονται,
1762 2147 1822 2216 ἢν
1861 2153 1913 2202 δὲ

250 2241 422 2306 πολλῷ
453 2235 482 2309 ᾗ
510 2238 707 2302 οὕτερος
743 2236 1113 2303 ἀγεννέστερος,
1150 2238 1476 2304 προσπίπτων
1505 2234 1798 2303 προσκυνέει
1827 2234 1913 2286 τὸν

185 2342 210 2373 2
250 2321 435 2387 ἕτερον.
502 2326 682 2385 τιμῶσι
704 2323 757 2373 δὲ
780 2323 835 2372 ἐκ
857 2320 1055 2374 πάντων
1073 2321 1185 2376 τοὺς
1207 2320 1426 2389 ἄγχιστα
1450 2323 1642 2374 ἑωυτῶν
1663 2318 1912 2372 οἰκέοντας
1939 2341 1956 2367 2
1964 2342 1984 2382 5

249 2404 373 2470 μετά
409 2426 466 2471 γε
504 2405 728 2464 ἑωυτούς,
762 2405 965 2473 δεύτερα
999 2409 1051 2457 δὲ
1085 2405 1198 2460 τοὺς
1235 2404 1502 2472 δευτέρους,
1541 2406 1665 2470 μετὰ
1700 2406 1752 2455 δὲ
1791 2405 1912 2455 κατὰ

250 2489 406 2555 λόγον
425 2490 782 2555 προβαίνοντες
802 2494 997 2554 τιμῶσι·
1039 2489 1220 2553 ἥκιστα
1240 2492 1291 2541 δὲ
1311 2489 1424 2543 τοὺς
1444 2491 1637 2542 ἑωυτῶν
1657 2486 1912 2541 ἑκαστάτω

251 2572 540 2638 οἰκημένους
571 2574 624 2624 ἐν
646 2574 760 2644 τιμῇ
785 2572 1005 2640 ἄγονται,
1033 2574 1312 2639 νομίζοντες
1335 2574 1543 2638 ἑωυτοὺς
1568 2574 1692 2626 εἶναι
1724 2572 1909 2640 ἀνθρώ-

252 2678 357 2710 πων
374 2662 541 2727 μακρῷ
561 2658 622 2708 τὰ
642 2656 802 2709 πάντα
825 2657 1069 2723 ἀρίστους,
1092 2658 1204 2712 τοὺς
1229 2660 1281 2710 δὲ
1305 2657 1489 2711 ἄλλους
1516 2660 1636 2710 κατὰ
1655 2658 1810 2725 λόγον
1826 2653 1911 2726 [τῷ

306 2810 330 2845 3
368 2798 437 2836 ἐν.
458 2826 467 2836 .
487 2827 496 2837 .
519 2795 712 2838 παύεσθαι
745 2799 832 2848 (12)
864 2811 945 2837 om.
984 2797 1122 2838 RSV
1287 2814 1311 2850 4
1343 2801 1480 2842 ἄλλων
1504 2800 1536 2839 L
1706 2813 1728 2850 7
1759 2798 1912 2841 αὐτέων

252 2851 291 2891 Α
309 2853 341 2889 Β
358 2851 390 2890 Ρ
584 2864 634 2889 12
663 2850 708 2892 δὲ
729 2851 878 2904 Πέρσαι
899 2852 1027 2903 κάρτα
1047 2853 1316 2905 προσκέανται
1340 2855 1378 2893 R
1395 2856 1424 2894 S
1440 2854 1476 2891 V
1661 2868 1708 2905 13
1738 2872 1806 2896 νυν
1825 2867 1905 2895 om.

255 2906 434 2959 RV[S]
675 2907 739 2956 ’14
786 2906 1107 2958 μεθυσκόμενοι.
1131 2938 1141 2948 .
1164 2938 1173 2948 .
1198 2912 1373 2961 θώρηκας
1414 2914 1466 2958 (e.
1515 2909 1606 2959 135)
1648 2923 1732 2948 om.
1775 2908 1910 2948 RSV

254 2961 553 3003 σπουδαιότατα
575 2962 608 3000 Ρ
628 2961 783 3002 Athen.
814 2974 886 3012 144
903 2975 927 3001 a
1090 2963 1137 3002 18
1169 2966 1274 3016 αὐτῷ
1297 2963 1450 3004 Athen.
1473 2978 1481 3002 :
1514 2963 1641 3015 αὐτέῳ
1665 2964 1697 3002 L
1809 2965 1845 3004 εἷ
1864 2962 1908 3004 δὲ

252 3018 308 3111 ἰή
330 3016 421 3070 (ἅδῃ
443 3021 546 3066 om.)
568 3016 723 3057 Athen.
946 3029 995 3055 21
1031 3020 1197 3070 ἐντυγχ.
1222 3018 1255 3057 Ρ
1437 3031 1491 3070 29
1520 3023 1577 3071 ’ΐῷ
1597 3017 1806 3071 ᾸΕὙθμ-ένῳ
1826 3018 1906 3058 del·

300 3083 454 3122 rueger
