2098 3320
5 153 45 203 Ι.
66 164 151 216 173

144 475 168 517 3

87 1723 177 1774 174

152 1993 176 2024 2

826 150 1260 200 HPOAOTOT

210 455 254 504 οἱ
285 454 339 503 δὲ
372 451 563 502 Μιλύαι
588 451 710 519 ,τότε
742 451 958 516 Σόλυμοι
990 449 1271 502 ἐκαλέοντο.
1359 449 1482 504 τέως
1511 453 1603 516 μὲν
1633 451 1691 516 δὴ
1723 451 1882 505 αὐτῶν

210 535 484 603 Σαρπηδὼν
508 533 647 603 ἦρχε,
675 536 720 586 οἱ
753 537 805 586 δὲ
837 535 1102 586 ἐκαλέοντο
1132 535 1190 586 τό
1211 533 1305 601 πέρ
1326 555 1379 586 τε
1409 534 1667 600 ἠνείκαντο
1698 536 1884 602 οὔνομα

207 286 261 335 δὲ
302 281 618 335 ἀπωσθέντες
657 282 892 334 ἀπίκοντο
930 283 1017 346 τῆς
1055 280 1232 346 Ἀσίης
1271 282 1322 335 ἐς
1362 284 1458 349 γῆν
1498 282 1587 347 τὴν
1627 282 1880 336 Μιλυάδα·
1926 300 1929 304 ’

207 367 298 432 τὴν
328 369 424 433 γὰρ
454 370 539 418 νῦν
578 366 748 417 Λύκιοι
787 366 1033 431 νέμονται,
1072 366 1191 430 αὕτη
1229 365 1285 417 τὸ
1322 366 1538 431 παλαιὸν
1574 365 1634 431 ἦν
1665 368 1879 428 Μιλυάς,

212 621 290 672 καὶ
315 625 401 672 νῦν
424 619 497 671 ἔτι
527 617 791 671 καλέονται
814 619 909 671 ὑπὸ
931 623 1030 671 τῶν
1053 621 1314 686 περιοίκων
1338 621 1384 671 οἱ
1408 619 1597 679 Λύκιοι,
1623 622 1880 687 Τερμίλαι·
1907 645 1930 685 5

213 706 277 758 ὡς
308 708 360 757 δὲ
392 702 451 768 ἐξ
470 703 722 768 Ἀθηνέων
748 704 908 757 Λύκος
939 704 965 754 ὁ
990 705 1284 762 Πανδίονος,
1318 702 1609 768 ἐξελασθεὶς
1640 704 1718 756 καὶ
1741 705 1885 758 οὗτος
1928 728 1931 730 ’

211 789 307 842 ὑπὸ
337 793 423 840 τοῦ
464 790 714 855 ἀδελφεοῦ
752 787 945 855 Αἰγέος,
986 789 1189 840 ἀπίκετο
1232 789 1283 840 ἐς
1319 788 1432 842 τοὺς
1467 785 1720 856 Τερμίλας
1752 791 1884 857 παρὰ

212 874 524 940 Σαρπηδόνα,
559 874 684 925 οὕτω
721 873 780 937 δὴ
813 875 936 924 κατὰ
970 877 1057 924 τοῦ
1087 872 1250 924 Λύκου
1280 871 1368 936 τὴν
1401 874 1683 939 ἐπωνυμίην
1713 874 1885 925 Λύκιοι

212 960 306 1010 ἀνὰ
345 958 528 1026 χρόνον
561 955 863 1022 ἐκλήθησαν.
947 958 1147 1022 νόμοισι
1182 959 1235 1008 δὲ
1265 958 1327 1008 τὰ
1359 959 1452 1022 μὲν
1486 960 1790 1024 Κρητικοῖσι,
1824 960 1885 1010 τά

212 1046 265 1095 δὲ
305 1045 571 1108 Καρικοῖσι
614 1041 874 1110 χρέωνται.
966 1042 1018 1093 ἓν
1060 1044 1113 1094 δὲ
1151 1042 1265 1093 τόδε
1307 1042 1435 1093 ἴδιον
1475 1042 1764 1108 νενομίκασι
1808 1043 1885 1095 καὶ

213 1127 473 1191 οὐδαμοῖσι
494 1125 699 1178 ἄλλοισι
721 1125 1061 1194 συμφέρονται
1081 1125 1369 1193 ἀνθρώπων·
1411 1125 1647 1178 καλέουσι
1668 1126 1767 1179 ἀπὸ
1786 1132 1886 1179 τῶν

211 1210 437 1279 μητέρων
469 1210 677 1264 ἑωυτοὺς
709 1211 789 1262 καὶ
819 1210 924 1263 οὐκὶ
961 1210 1059 1263 ἀπὸ
1089 1215 1186 1263 τῶν
1218 1209 1459 1277 πατέρων.
1549 1210 1801 1278 εἰρομένου
1833 1214 1886 1263 δὲ

213 1295 379 1364 ἑτέρου
410 1294 496 1347 τὸν
526 1296 747 1360 πλησίον
777 1297 851 1349 τίς
888 1297 978 1360 εἵη,
1016 1293 1276 1360 καταλέξει
1312 1294 1495 1348 ἑωυτὸν
1529 1296 1775 1362 μητρόθεν
1807 1297 1885 1348 καὶ

210 1384 299 1446 τῆς
332 1380 515 1447 μητρὸς
550 1379 872 1445 ἀνανεμέεται
906 1382 994 1434 τὰς
1027 1378 1258 1447 μητέρας.
1347 1379 1424 1431 καὶ
1457 1375 1518 1445 ἢν
1546 1378 1638 1445 μέν
1667 1401 1726 1447 γε
1761 1380 1886 1447 γυνὴ

213 1464 342 1529 ἀστὴ
375 1464 535 1534 δούλῳ
568 1463 860 1536 συνοικήσῃ,
887 1468 1092 1532 γενναῖα
1120 1466 1182 1515 τὰ
1212 1461 1360 1516 τέκνα
1389 1464 1694 1529 νενόμισται·
1741 1460 1802 1529 ἢν
1832 1466 1887 1516 δὲ

214 1549 336 1617 ἀνὴρ
359 1550 527 1608 ἀστός,
557 1548 636 1600 καὶ
666 1550 693 1600 ὁ
723 1554 916 1616 πρῶτος
938 1548 1114 1608 αὐτῶν,
1140 1552 1348 1616 γυναῖκα
1378 1547 1545 1614 ξείνην
1566 1543 1596 1613 ἢ
1622 1548 1886 1613 παλλακὴν

215 1635 323 1706 ἔχῃ,
357 1632 507 1699 ἄτιμα
535 1635 596 1686 τὰ
625 1633 774 1686 τέκνα
803 1634 1008 1701 γίνεται.

298 1720 366 1770 Οἱ
409 1716 499 1784 μέν
543 1739 629 1770 νυν
671 1721 830 1785 Κᾶρες
874 1719 1016 1770 οὐδὲν
1059 1717 1291 1783 λαμπρὸν
1336 1718 1483 1785 ἔργον
1528 1716 1885 1784 ἀποδεξάμενοι

214 1803 567 1867 ἐδουλώθησαν
604 1802 700 1855 ὑπὸ
728 1801 999 1870 Ἁρπάγου,
1040 1791 1152 1854 οὔτε
1189 1803 1327 1854 αὐτοὶ
1364 1805 1410 1854 οἱ
1446 1806 1606 1870 Κᾶρες
1641 1800 1883 1868 ἀποδεξά-

1914 1066 1962 1095 10

1914 1462 1960 1528 τι

212 1908 352 1953 μενοι
383 1886 525 1939 οὐδὲν
556 1887 668 1939 οὔτε
698 1888 812 1938 ὅσοι
833 1885 1095 1951 Ἑλλήνων
1127 1887 1307 1951 ταύτην
1330 1886 1420 1950 τὴν
1450 1887 1619 1955 χώρην
1649 1885 1884 1940 οἰκέουσι.
1912 1908 1962 1937 20

213 1971 431 2023 οἰκέουσι
471 1975 524 2023 δὲ
566 1972 644 2023 καὶ
685 1971 832 2023 ἄλλοι
878 1971 956 2023 καὶ
998 1972 1401 2037 Λακεδαιμονίων
1441 1971 1635 2024 ἄποικοι
1676 1972 1882 2031 Κνίδιοι,

0 2053 305 2122 κακίόά<οὶ>
335 2060 423 2121 τῆς
458 2056 624 2124 χώρης
653 2059 740 2121 τῆς
777 2054 1027 2159 σφετέρης
1056 2054 1391 2124 τετραμμένης
1420 2058 1472 2109 ἐς
1501 2056 1701 2118 πόντον,
1735 2055 1791 2107 τὸ
1826 2055 1884 2120 δὴ

0 2150 163 2221 Q
211 2141 455 2206 Τριόπιον
501 2139 746 2199 καλέεται,
794 2139 1040 2209 ἀργμένης
1089 2143 1141 2192 δὲ
1193 2142 1246 2191 ἐκ
1290 2143 1377 2204 τῆς
1421 2112 1796 2219 Χερσονήσου
1798 2135 2098 2206 τῆςδιςΜ

214 2226 527 2298 Βυβασσίης,
577 2224 756 2289 ἐούσης
806 2246 861 2276 τε
912 2223 1079 2290 πάσης
1129 2246 1216 2289 της
1274 2226 1476 2289 Κνιδίης
1526 2223 1659 2288 πλὴν
1694 2225 1886 2291 ὀλίγης

157 2335 182 2378 3
214 2309 473 2376 περιρρόου
509 2307 588 2374 (τὰ
625 2311 716 2374 μὲν
752 2310 846 2376 γὰρ
885 2309 1034 2372 αὐτῆς
1075 2314 1196 2376 πρὸς
1235 2312 1396 2376 βορῆν
1435 2307 1616 2373 ἄνεμον
1659 2309 1685 2358 ὁ
1724 2312 1882 2375 Κερα-
1911 2328 1959 2369 25

213 2391 379 2458 μεικὸς
417 2393 603 2446 κόλπος
639 2391 860 2459 ἀπέργει,
895 2395 956 2444 τὰ
992 2395 1044 2444 δὲ
1084 2392 1206 2460 πρὸς
1240 2393 1385 2444 νότον
1416 2393 1445 2458 ἡ
1478 2394 1600 2444 κατὰ
1633 2393 1800 2458 Σύμην
1830 2414 1885 2445 τε

216 2477 295 2528 καὶ
318 2476 489 2528 Ῥόδον
514 2475 783 2541 θάλασσα),
809 2476 866 2528 τὸ
898 2474 965 2529 ὧν
990 2477 1047 2541 δὴ
1078 2478 1252 2544 ὀλίγον
1276 2481 1436 2541 τοῦτο,
1446 2476 1547 2532 ἐὸν
1571 2477 1695 2528 ὅσον
1724 2498 1779 2529 τε
1802 2477 1885 2530 ἐπὶ

216 2561 366 2613 πέντε
411 2560 604 2620 στάδια,
653 2562 884 2629 ὤρυσσον
930 2564 976 2613 οἳ
1024 2563 1212 2614 Κνίδιοι
1258 2563 1312 2613 ἐν
1355 2562 1459 2631 ὅσῳ
1491 2559 1751 2629 “Ἀρπαγος
1794 2560 1885 2624 τὴν

218 2645 412 2710 Ἰωνίην
437 2644 819 2713 κατεστρέφετο,
851 2647 1155 2711 βουλόμενοι
1178 2648 1332 2711 νῆσον
1355 2645 1446 2710 τὴν
1468 2646 1636 2715 χώρην
1659 2647 1882 2710 ποιῆσαι.

220 2729 357 2783 ἐντὸς
394 2732 447 2782 δὲ
483 2730 756 2800 πᾶσά-σφι
790 2731 997 2797 ἐγίνετο·
1044 2738 1104 2803 τῇ
1134 2732 1228 2797 γὰρ
1258 2730 1288 2794 ἡ
1321 2731 1493 2794 Κνιδίη
1530 2730 1667 2797 χώρη
1708 2731 1758 2783 ἐς
1793 2728 1884 2794 Τὴν
1907 2749 1959 2789 30

274 2881 299 2918 3
331 2867 401 2909 ἕως
423 2868 558 2907 Cobet
716 2869 743 2907 6
772 2868 988 2918 Ἀθηναίων
1009 2868 1043 2907 C
1060 2868 1093 2907 P
1204 2868 1402 2919 ἐξελαθεὶς
1424 2866 1457 2905 Ρ
1622 2879 1643 2916 7
1673 2865 1828 2919 Αἰγέως
1848 2867 1883 2906 L

224 2935 270 2962 11
305 2922 562 2976 συμφέροντα
582 2923 620 2962 Α
791 2936 840 2973 13
871 2922 952 2975 εἴη]
974 2928 1064 2964 ἐστι
1088 2922 1286 2972 Krueger
1439 2934 1488 2971 14
1518 2923 1770 2975 ἆνανεμεῖται
1790 2921 1831 2960 Α
1845 2922 1881 2961 Β

225 2979 274 3017 16
305 2977 423 3019 αὐτός
443 2978 477 3016 C
547 3002 554 3008 κ
655 2991 708 3017 22
738 2979 889 3019 oaevadd.
917 2978 1090 3019 Bekker
1266 2990 1318 3026 24
1348 2977 1580 3027 Βυβασσίης
1601 2976 1656 3017 Is.
1676 2977 1878 3018 Vossius.

220 3032 449 3082 Βυβλεσίης
472 3033 506 3071 L
672 3035 725 3074 26
754 3033 936 3087 ἀπείργει
957 3033 990 3071 C
1156 3045 1213 3083 30
1241 3031 1407 3086 ἐγένετο
1427 3031 1461 3071 C
1477 3031 1511 3071 P
