2098 3320
68 92 274 153 an4

938 92 1363 142 HPOAOTOT

317 219 440 287 πρὸς
470 225 622 272 ταῦτα
653 220 908 288 ἐτράπετο,
938 225 983 274 οἱ
1016 224 1305 288 διωκόμενοι
1336 224 1518 276 Σκύθαι
1548 225 1894 291 περιελθόντες
1923 227 1984 281 τὰ

318 305 590 372 κατύπερθε
620 304 942 374 ὑπέστρεφον
974 308 1025 360 ἐς
1056 306 1146 371 τὴν
1178 306 1436 372 Σκυθικήν.
1519 308 1899 376 ἀφανισθέντων
1929 313 1984 364 δὲ

315 389 504 441 τούτων
535 389 591 440 τὸ
622 389 872 456 παράπαν,
908 391 974 444 ὡς
1005 390 1167 443 οὐκέτι
1199 391 1542 459 ἐφαντάζοντό
1572 399 1684 459 σφι,
1711 394 1836 445 οὕτω
1867 392 1924 458 δὴ
1957 395 1984 444 ὁ
2015 462 2018 463 ⁷

317 478 530 539 Δαρεῖος
567 475 738 542 τείχεα
773 477 864 539 μὲν
904 477 1070 527 ἐκεῖνα
1107 476 1319 543 ἡμίεργα
1354 479 1549 542 μετῆκε,
1588 476 1732 530 αὐτὸς
1771 478 1825 529 δὲ
1858 478 1979 530 ὑπο-

315 556 542 624 στρέψας
571 557 649 623 ἥιε
679 558 801 625 πρὸς
838 558 1074 626 ἑσπέρην,
1112 559 1296 613 δοκέων
1325 561 1526 615 τούτους
1564 583 1618 613 τε
1653 560 1840 616 πάντας
1869 562 1983 616 τοὺς

188 653 275 702 125
313 642 506 696 Σκύθας
537 641 663 694 εἶναι
695 643 774 694 καὶ
799 648 919 710 πρὸς
949 642 1167 712 ἑσπέρην
1196 644 1360 711 σφέας
1384 646 1606 713 φεύγειν.
1675 645 1898 698 ἐλαύνων
1929 648 1983 698 δὲ

311 725 402 789 τὴν
442 728 692 795 ταχίστην
733 726 819 779 τὸν
866 727 1082 794 στρατὸν
1128 729 1192 782 ὡς
1238 730 1289 783 ἐς
1335 728 1425 793 τὴν
1470 728 1715 793 Σκυθικὴν
1758 730 1978 789 ἀπίκετο,

310 809 545 877 ἐνέκυρσε
585 811 902 884 ἀμφοτέρῃσι
937 820 1056 885 τῇσι
1097 813 1302 884 μοίρῃσι
1339 818 1437 865 τῶν
1472 812 1714 873 Σκυθέων,
1758 814 1981 883 ἐντυχὼν

250 910 275 942 2
310 896 363 947 δὲ
393 896 564 947 ἐδίωκε
588 895 960 963 ὑπεκφέροντας
983 896 1171 965 ἡμέρης
1201 898 1315 967 ὁδῷ.
1380 898 1458 949 καὶ
1481 897 1538 948 οὐ
1560 899 1654 965 γὰρ
1679 899 1805 950 ἀνίει
1829 899 1980 953 ἐπιὼν

309 979 335 1028 ὁ
368 984 593 1046 Δαρεῖος,
629 983 675 1032 οἱ
711 981 897 1033 Σκύθαι
932 983 1055 1033 κατὰ
1093 983 1155 1032 τὰ
1189 981 1572 1047 βεβουλευμένα
1608 981 1892 1050 ὑπέφευγον
1927 984 1979 1036 ἐς

2006 583 2029 624 5

2006 1007 2055 1035 10

306 1068 405 1115 τῶν
440 1063 791 1130 ἀπειπαμένων
831 1065 921 1129 τὴν
964 1065 1219 1133 σφετέρην
1259 1068 1562 1134 συμμαχίην,
1602 1066 1802 1133 πρώτην
1837 1067 1891 1118 δὲ
1927 1068 1978 1120 ἐς
2011 1094 2013 1096 ·

245 1169 270 1211 3
307 1151 403 1199 τῶν
443 1149 853 1216 Μελαγχλαίνων
892 1149 983 1214 τὴν
1022 1153 1131 1217 γῆν.
1221 1151 1285 1204 ὡς
1324 1153 1378 1204 δὲ
1421 1150 1734 1216 ἐσβαλόντες
1774 1150 1978 1205 τούτους

308 1231 551 1299 ἐτάραξαν
582 1234 633 1284 οἵ
659 1255 714 1286 τε
735 1234 923 1286 Σκύθαι
954 1235 1032 1286 καὶ
1064 1237 1110 1286 οἱ
1135 1233 1348 1302 Πέρσαι,
1387 1233 1686 1303 κατηγέοντο
1715 1237 1762 1286 οἱ
1792 1234 1977 1289 Σκύθαι

306 1318 356 1369 ἐς
378 1321 476 1369 τῶν
495 1317 854 1385 Ἀνδροφάγων
873 1318 986 1373 τοὺς
1009 1319 1215 1387 χώρους,
1237 1317 1585 1387 ταραχθέντων
1609 1321 1661 1372 δὲ
1687 1318 1766 1370 καὶ
1789 1318 1976 1371 τούτων
2040 1340 2042 1343 ’

304 1401 497 1468 ὑπῆγον
522 1403 603 1454 ἐπὶ
626 1401 716 1466 τὴν
740 1403 974 1469 Νευρίδα,
1000 1402 1393 1469 ταρασσομένων
1417 1405 1470 1456 δὲ
1508 1404 1587 1455 καὶ
1610 1404 1796 1456 τούτων
1823 1400 1975 1468 ἤισαν

244 1508 269 1548 4
305 1486 676 1553 ὑποφεύγοντες
707 1489 755 1538 οἱ
785 1487 970 1538 Σκύθαι
1001 1489 1051 1540 ἐς
1081 1487 1195 1541 τοὺς
1225 1487 1581 1554 Ἀγαθύρσους.
1670 1485 1975 1554 Ἀγάθυρσοι

304 1571 358 1621 δὲ
395 1570 604 1636 ὁρῶντες
645 1571 723 1622 καὶ
766 1571 878 1625 τοὺς
919 1571 1155 1638 ὁμούρους
1185 1571 1464 1638 φεύγοντας
1501 1571 1596 1623 ὑπὸ
1636 1570 1863 1624 Σκυθέων
1894 1571 1974 1624 καὶ

303 1653 711 1721 τεταραγμένους,
738 1655 853 1721 πρὶν
876 1654 907 1720 ἥ
932 1662 1030 1722 σφι
1055 1657 1300 1722 ἐμβαλεῖν
1325 1656 1438 1710 τοὺς
1465 1656 1657 1709 Σκύθας
1681 1654 1972 1723 πέμψαντες

305 1737 487 1803 κήρυκα
528 1740 839 1806 ἀπηγόρευον
882 1739 1101 1811 Σκύθῃσι
1140 1739 1206 1804 μὴ
1247 1741 1528 1805 ἐπιβαίνειν
1569 1745 1666 1792 τῶν
1709 1738 1972 1807 σφετέρων

303 1822 477 1888 οὔρων,
518 1822 852 1891 προλέγοντες
893 1824 959 1878 ὡς
1000 1826 1042 1875 εἰ
1081 1823 1404 1891 πειρήσονται
1445 1824 1774 1891 ἐσβαλόντες,
1817 1824 1973 1892 σφίσι

241 1927 263 1974 5
302 1911 471 1973 πρῶτα
501 1906 913 1976 διαμαχήσονται.
1003 1907 1310 1975 Ἀγάθυρσοι
1339 1911 1431 1973 μὲν
1466 1910 1791 1975 προείπαντες
1819 1912 1971 1960 ταῦτα

301 1989 547 2055 ἐβοήθεον
594 1993 676 2044 ἐπὶ
725 1991 838 2045 τοὺς
885 1992 1072 2058 οὔρους,
1124 1993 1312 2059 ἐρύκειν
1363 1994 1416 2045 ἐν
1463 1993 1560 2063 νόῳ
1608 1993 1811 2061 ἔχοντες
1857 1990 1970 2046 τοὺς

1211 2076 1224 2094 Χ

301 2076 547 2129 ἐπιόντας·
609 2074 999 2143 Μελάγχλαινοι
1046 2079 1099 2128 δὲ
1149 2098 1228 2128 και
1276 2075 1615 2144 Ἀνδροφάγοι
1662 2077 1741 2128 καὶ
1785 2076 1969 2144 Νευροὶ

239 2219 243 2223 ,
299 2160 630 2224 ἐσβαλόντων
671 2165 770 2213 τῶν
806 2159 1048 2226 Περσέων
1090 2160 1191 2226 ἅμα
1234 2161 1456 2233 Σκύθῃσι
1496 2161 1607 2213 οὔτε
1648 2158 1769 2227 πρὸς
1810 2159 1968 2224 ἀλκὴν

301 2242 573 2309 ἐτράποντο
599 2244 955 2308 ἐπιλαθόμενοί
980 2266 1034 2296 τε
1057 2248 1145 2309 τῆς
1171 2245 1380 2309 ἀπειλῆς
1410 2245 1626 2312 ἔφευγον
1650 2245 1745 2296 αἰεὶ
1768 2244 1824 2296 τὸ
1846 2242 1968 2310 πρὸς

147 2388 165 2393 ,Ἰ
236 2334 264 2376 6
300 2326 464 2393 βορέω
500 2329 550 2381 ἐς
585 2327 677 2392 τὴν
713 2328 895 2394 ἔρημον
932 2327 1306 2395 τεταραγμένοι.
1395 2331 1442 2380 οἱ
1478 2331 1531 2380 δὲ
1568 2329 1751 2380 Σκύθαι
1789 2330 1841 2382 ἐς
1874 2329 1967 2393 μὲν

301 2410 414 2464 τοὺς
455 2411 795 2478 Ἀγαθύρσους
834 2411 996 2464 οὐκέτι
1037 2413 1339 2467 ἀπείπαντας
1381 2411 1689 2471 ἀπικνέοντο,
1733 2414 1779 2464 οἱ
1819 2413 1872 2463 δὲ
1903 2413 1966 2462 ’ἐκ

2001 1427 2048 1468 ¹5

1997 1847 2048 1876 20

1992 2265 2040 2306 25

362 2562 378 2587 1
411 2551 462 2591 τὰ
482 2562 563 2589 om.
590 2549 629 2588 R
644 2549 727 2589 SV
893 2563 917 2588 2
948 2549 1194 2603 κατ-ὕπερθεν
1216 2550 1254 2588 R
1270 2549 1307 2587 V
1473 2562 1497 2598 3
1527 2550 1575 2589 τὸ
1601 2548 1786 2602 παράπαν
1811 2546 1965 2589 τούτων

304 2604 343 2642 R
359 2604 389 2642 S
402 2603 441 2642 V
581 2603 831 2655 ἐφαντάζετό
858 2603 897 2642 R
914 2604 944 2643 S
957 2604 1006 2642 V*
1213 2615 1238 2652 5
1266 2620 1317 2655 ’γε
1337 2604 1376 2641 Α
1389 2604 1424 2642 Β
1437 2604 1471 2642 C
1610 2604 1702 2645 τοὺς
1721 2615 1802 2644 om.
1829 2603 1868 2642 R
1882 2602 1914 2642 S
1926 2601 1965 2640 V

304 2672 325 2708 7
358 2661 409 2699 ὡς
428 2671 510 2697 om.
537 2658 621 2696 PR
638 2658 720 2698 SV
849 2659 874 2696 8
907 2661 946 2700 ἐς
965 2660 987 2699 ‘b
1010 2659 1216 2711 ἐνέκυρσε(
1227 2662 1266 2709 ν)
1290 2658 1375 2696 PR
1398 2659 1495 2709 (εἷς)
1519 2658 1549 2696 S
1565 2658 1600 2696 V
1736 2671 1764 2707 9
1794 2655 1962 2708 ἐπεκφέ-

301 2729 446 2765 ροντας
469 2713 507 2751 R
524 2714 553 2752 S
571 2712 607 2751 V
719 2712 814 2754 ὁδόν
836 2713 875 2752 R
891 2713 921 2752 S
935 2712 974 2751 V
1085 2713 1191 2754 ἆνίεε
1211 2713 1250 2751 Α
1266 2713 1300 2752 Β
1316 2713 1348 2752 C
1365 2713 1398 2751 P
1580 2725 1629 2751 10
1657 2714 1695 2752 οἱ
1713 2711 1857 2755 Σκύθαι
1877 2723 1958 2751 om.

303 2767 343 2805 R
359 2767 388 2806 S
402 2768 439 2806 V
523 2770 660 2819 ὑπαιφ.
689 2767 728 2806 R
741 2767 779 2806 V
802 2767 921 2820 (Ὓων
942 2768 972 2807 S
985 2768 1041 2818 V)
1158 2780 1204 2816 14
1236 2772 1458 2823 καταραχθ.
1486 2767 1524 2805 R
1641 2778 1688 2816 15
1719 2768 1874 2818 ὑπῆγον
1889 2795 1900 2808 .
1916 2794 1926 2804 .
1946 2793 1957 2804 .
1991 2782 1994 2786 ’

302 2821 457 2862 τούτων
477 2835 560 2862 om.
587 2821 624 2859 R
642 2821 672 2860 S
685 2821 725 2860 V
852 2824 980 2870 ἥεσαν
998 2821 1037 2859 Α
1050 2822 1083 2861 C
1103 2837 1112 2861 2
1140 2822 1282 2870 ἡιεσαν
1302 2821 1338 2859 Β
1520 2823 1570 2860 16
1598 2819 1899 2872 ὑποφεύγοντας
1921 2818 1960 2856 R

305 2887 352 2924 17
383 2875 549 2929 ὁμόρους
572 2875 663 2915 RV
854 2889 908 2915 20
939 2878 1220 2924 ἐσβάλλοντες
1241 2876 1366 2917 Stein
1561 2887 1609 2915 21
1641 2874 1738 2928 μὲν]
1761 2873 1803 2916 δὲ
1826 2875 1866 2914 R
1881 2871 1965 2916 SV

302 2943 354 2967 22
384 2930 489 2983 νῶζι)
517 2930 550 2968 L
715 2943 765 2980 27
797 2930 1052 2972 ἀπικνέονται
1073 2930 1161 2970 ΑΒ
1177 2930 1210 2970 C
