2098 3320
72 96 160 150 IV.
186 111 284 147 100

261 244 286 275 2

205 491 287 526 101

192 1514 286 1551 102

262 1854 288 1885 2

186 2021 282 2068 103

940 94 1371 143 HPOAOTOT

326 227 376 278 ἐς
405 224 565 293 μυχὸν
594 228 682 289 τῆς
718 225 896 290 λίμνης
935 225 1129 290 ταύτης.
1203 225 1295 291 ἤδη
1327 223 1394 278 ὦν
1430 225 1529 279 ἀπὸ
1563 229 1655 292 μὲν
1685 224 1888 295 Ἴστρου
1926 230 1989 280 τᾶ

326 310 598 376 κατύπερθε
629 311 680 362 ἐς
710 309 800 373 τὴν
829 310 1108 377 μεσόγαιαν
1132 309 1352 378 φέροντα
1375 311 1750 382 ἆποξληίεταιὴ
1775 311 1988 376 Σκυθικὴ

324 393 420 445 ὑπὸ
479 394 686 460 πρώτων
737 393 1081 462 Ἀγαθύρσων,
1134 395 1260 460 μετὰ
1318 397 1372 447 δὲ
1431 399 1652 464 Νευρῶν,
1707 396 1879 449 ἔπειτα
1935 398 1989 448 δὲ

325 476 700 545 Ἀνδροφάγων,
733 479 1031 531 τελευταίων
1061 481 1115 531 δὲ
1147 481 1572 548 Μελαγχλαίνων.
1650 479 1761 533 ἔστι
1798 476 1866 532 ῶν
1901 483 1989 546 τῆς

325 564 566 627 Σκυθικῆς
589 562 654 616 ὦς
677 562 857 627 ἐούσης
879 563 1206 631 τετραγώνου,
1232 567 1332 616 τῶν
1355 563 1440 616 δύο
1460 562 1651 631 μερέων
1675 564 1988 630 κατηκόντων
2015 585 2032 596 ·

327 649 377 699 ἐς
417 646 705 710 θάλασσαν,
749 646 912 719 πάντῃ
954 649 1065 700 ἴσον
1107 649 1166 699 τό
1204 669 1259 700 τε
1297 649 1349 702 ἐς
1387 647 1480 713 τὴν
1516 649 1795 716 μεσόγαιαν
1832 647 1989 716 φέρον

327 732 406 783 καὶ
445 730 503 782 τὸ
533 733 665 798 παρὰ
699 731 789 795 τὴν
826 730 1111 784 θάλασσαν.
1200 731 1299 784 ἀπὸ
1337 734 1434 800 γὰρ
1463 731 1668 800 Ἴστρου
1711 733 1792 786 ἐπὶ
1831 735 1986 800 Βορυ-

327 814 511 868 σθένεα
555 814 671 867 δέκα
714 814 936 882 ἡμερέων
981 816 1109 876 ὁδός,
1149 816 1248 870 ἀπὸ
1292 815 1631 884 Βορυσθένεός
1673 838 1728 870 τε
1773 816 1854 871 ἐπὶ
1897 815 1989 882 τὴν

324 901 508 966 λίμνην
525 899 628 978 ,τὴν
658 903 879 965 Μαιῆτιν
910 898 1093 969 ἐτέρων
1123 899 1257 953 δέκα·
1306 901 1386 954 καὶ
1420 900 1478 953 τὸ
1507 901 1606 955 ἀπὸ
1637 900 1902 967 θαλάσσης
1936 902 1988 955 ἐς

324 985 603 1053 μεσόγαιαν
635 987 685 1039 ἐς
715 984 828 1040 τοὺς
859 985 1286 1054 Μελαγχλαίνους
1314 985 1427 1040 τοὺς
1458 985 1731 1053 κατύπερθε
1761 984 1988 1039 Σκυθέων

325 1068 612 1135 οἰκημένους
660 1071 820 1122 εἴκοσι
867 1069 1089 1137 ἡμερέων
1137 1070 1264 1124 ὁδός.
1352 1070 1383 1135 ἡ
1425 1072 1479 1123 δὲ
1523 1071 1635 1125 ὁδὸς
1673 1070 1703 1136 ἡ
1742 1069 1987 1138 ἡμερησίη

326 1156 421 1207 ἀνὰ
451 1155 681 1220 διηκόσια
711 1153 892 1206 στάδια
921 1153 1287 1221 συμβέβληταί
1314 1175 1413 1220 μοι.
1501 1155 1655 1210 οὕτως
1691 1153 1752 1208 ἂν
1788 1156 1862 1220 εἴη
1899 1157 1988 1220 τῆς

278 1295 287 1305 ,
327 1242 567 1305 Σκυθικῆς
625 1238 1005 1307 τὰ-ἐπικάρσια
1054 1240 1472 1309 τετρακισχιλίων
1525 1241 1742 1293 σταδίὼν
1796 1238 1876 1291 καὶ
1925 1239 1988 1291 τὰ

324 1327 467 1391 ὄρθια
484 1325 545 1376 τὰ
569 1325 621 1378 ἐς
639 1323 729 1389 τὴν
746 1325 1025 1392 μεσόγαιαν
1045 1323 1265 1392 φέροντα
1283 1323 1463 1391 ἑτέρων
1482 1324 1736 1378 τοσούτων
1753 1324 1986 1377 σταδίων.

322 1410 352 1474 ἡ
383 1408 475 1474 μέν
505 1430 594 1461 νυν
623 1412 687 1476 γῆ
719 1410 838 1474 αὕτη
869 1408 981 1461 ἐστὶ
1009 1408 1227 1477 μέγαθος
1255 1408 1488 1474 τοσαύτη.

407 1495 476 1546 Οἱ
513 1495 567 1545 δὲ
607 1493 792 1545 Σκύθαι
831 1494 1002 1547 δόντες
1042 1494 1196 1561 σφίσι
1233 1493 1391 1561 λόγον
1432 1493 1498 1547 ὣς
1535 1493 1622 1545 οὐκ
1661 1493 1763 1545 οἷοί
1791 1491 1848 1545 τέ
1887 1494 1988 1546 εἶσι

323 1577 412 1631 τὸν
434 1579 648 1645 Δαρείου
672 1577 888 1645 στρατὸν
913 1578 1149 1650 ἰθυμαχίῃ
1173 1578 1452 1630 διώσασθαι
1476 1582 1665 1643 μοῦνοι,
1692 1576 1988 1644 ἔπεμπονές

323 1662 439 1717 τοὺς
474 1663 856 1732 πλησιοχώρους
897 1661 1159 1730 ἀγγέλους·
1205 1666 1304 1714 τῶν
1345 1664 1399 1715 δὲ
1440 1662 1520 1714 καὶ
1560 1661 1618 1727 δὴ
1655 1663 1702 1714 οἱ
1741 1661 1987 1728 βασιλέες

325 1747 653 1802 συνελθόντες
677 1748 1010 1813 ἐβουλεύοντο
1035 1746 1101 1801 ὡς
1125 1751 1342 1813 στρατοῦ
1364 1746 1725 1800 ἐπελαύνοντος
1746 1744 1986 1813 μεγάλου.

324 1830 454 1896 ἦσαν
474 1834 527 1884 δὲ
550 1834 595 1884 οἱ
620 1832 949 1885 συνελθόντες
972 1830 1218 1897 βασιλέες
1234 1831 1442 1899 Ταύρων
1462 1830 1540 1883 καὶ
1560 1829 1889 1898 Ἀγαθύρσων
1908 1830 1988 1883 καὶ

324 1921 529 1983 Νευρῶν
569 1916 648 1968 καὶ
678 1914 1039 1984 Ἀνδροφάγων
1077 1916 1157 1968 καὶ
1195 1916 1606 1984 Μελαγχλαίνων
1637 1914 1716 1967 καὶ
1747 1918 1988 1967 Γελωνῶν

324 2002 403 2053 καὶ
429 2002 677 2053 Βουδίνων
702 2001 780 2053 καὶ
805 1998 1176 2068 Σαυροματέων.
1245 1999 1432 2052 τούτων
1453 2003 1639 2067 Ταῦροι
1667 2001 1757 2064 μὲν
1787 1999 1989 2064 νόμοισι

323 2087 562 2138 τοιοισίδε
584 2084 844 2154 χρέωνται·
892 2084 1067 2137 θύουσι
1090 2086 1183 2150 μὲν
1201 2091 1262 2157 τῇ
1281 2082 1508 2153 παρθένῳ
1532 2084 1645 2137 τούς
1667 2104 1722 2135 τε
1746 2082 1988 2151 ναυηγοὺς

324 2171 403 2221 καὶ
433 2169 547 2223 τοὺς
584 2168 644 2221 ἂν
673 2169 878 2234 λάβωσι
907 2167 1173 2234 Ἑλλήνων
1206 2166 1573 2236 ἐπαναχθέντες
1602 2168 1766 2237 τρόπῳ
1797 2170 1985 2237 τοιῷδε·

2011 598 2034 627 ³

2014 1005 2064 1035 10

2013 1427 2062 1470 15

2013 1852 2064 1881 20

1989 2143 2098 2191 ,m

2039 2204 2098 2235 β.

261 2275 286 2307 2
325 2252 681 2319 καταρξάμενοι
726 2252 930 2323 ῥοπάλῳ
979 2254 1184 2306 παίουσι
1228 2252 1320 2317 τὴν
1367 2250 1632 2319 κεφαλήν,
1700 2253 1746 2303 οἱ
1790 2253 1881 2317 μὲν
1928 2250 1986 2316 δὴ
2012 2272 2060 2313 25

322 2336 534 2405 λέγουσι
573 2338 638 2391 ὡς
673 2338 729 2389 τὸ
770 2343 916 2403 σῶμα
957 2337 1055 2390 ἀπὸ
1091 2342 1177 2389 τοῦ
1218 2340 1430 2405 κρημνοῦ
1471 2335 1684 2388 ὠθέουσι
1723 2333 1851 2387 κάτω
1886 2329 1988 2398 (ἐπὶ

325 2424 420 2489 γὰρ
443 2427 656 2489 κρημνοῦ
685 2423 873 2489 ἵδρυται
902 2421 958 2473 τὸ
990 2418 1127 2488 ἱρόν),
1154 2420 1246 2485 τὴν
1269 2423 1323 2473 δὲ
1348 2419 1575 2488 κεφαλὴν
1598 2421 1983 2487 ἀνασταυροῦσι,

385 2574 404 2600 Ι
436 2563 489 2603 τὰ
508 2574 589 2603 om.
615 2560 649 2600 C
667 2576 677 2601 ε
706 2564 779 2602 τοῦ
800 2558 881 2600 SV
1062 2572 1088 2598 2
1119 2563 1281 2612 -περθεν
1302 2558 1393 2597 RV
1506 2560 1561 2599 εἷς
1584 2556 1675 2596 RV
1782 2555 1988 2610 μεσόγεαν

329 2617 367 2655 R
382 2616 480 2656 SVc
672 2630 697 2665 4
725 2618 965 2656 τελευταῖον
986 2614 1020 2653 C
1203 2625 1229 2663 5
1259 2612 1531 2655 κατοικόντων
1553 2612 1593 2650 R
1777 2613 1805 2650 6
1834 2612 1932 2653 ὅσον
1951 2611 1986 2651 C

325 2671 530 2723 μεσόγεαν
558 2670 710 2710 RSVc
889 2683 916 2719 9
944 2668 1014 2721 τὸ]
1046 2672 1105 2710 τῶ
1134 2681 1343 2719 suprascr.
1377 2665 1429 2706 C¹
1632 2679 1682 2706 10
1710 2682 1828 2718 -γεαν
1848 2665 1984 2706 RSV

329 2738 345 2763 1
358 2738 373 2764 t
405 2727 476 2768 alt.
501 2725 527 2775 ἡ
547 2737 629 2766 om.
654 2725 694 2764 R
708 2724 789 2764 SV
944 2737 992 2763 12
1021 2723 1115 2775 τῆς]
1136 2724 1231 2776 πρὸς
1250 2722 1290 2761 Α
1305 2723 1339 2762 Β
1353 2723 1387 2762 C
1559 2733 1608 2771 13
1638 2722 1702 2763 καὶ
1719 2749 1729 2760 .
1748 2749 1758 2760 .
1776 2748 1787 2759 .
1809 2720 1986 2763 σταδίων

328 2793 409 2821 om.
445 2781 485 2819 R
674 2791 723 2829 14
761 2796 879 2831 -γεαν
910 2779 941 2818 S
954 2779 993 2818 V
1181 2789 1230 2828 15
1268 2776 1436 2825 τοιαύτη
1467 2776 1501 2815 C
1679 2787 1742 2824 v17
1782 2775 1844 2816 ἰθὺ
1869 2775 1983 2829 μάχῃ

325 2835 413 2873 ΑΒ
429 2834 463 2874 C
604 2846 656 2884 19
686 2834 869 2875 ἐπιόντος
891 2834 930 2872 R
944 2833 1028 2873 SV
1173 2845 1228 2872 20
1257 2834 1292 2873 οἴ
1314 2845 1394 2872 om.
1420 2830 1510 2871 AB
1525 2830 1559 2870 C
1698 2841 1751 2868 22
1780 2829 1984 2881 Βουδίμων

329 2889 419 2928 RV
637 2901 690 2939 23
719 2891 911 2929 τοιοῖσιδε
933 2888 964 2927 S
979 2886 1060 2929 132:
1091 2890 1268 2928 τοιοῖσδε
1288 2887 1375 2926 rell.
1599 2897 1651 2934 24
1682 2882 1983 2937 ἐπαναχθέντας

327 2944 361 2981 C
376 2943 409 2981 P
424 2943 463 2982 R
477 2943 507 2983 S
521 2943 558 2982 V
757 2954 809 2992 25
838 2948 996 2995 καταρξ.
1027 2942 1061 2980 Β
1082 2956 1091 2981 :
1122 2938 1327 2994 κατᾶβμιξ.
1351 2940 1390 2979 Α
1409 2954 1417 2979 :
1450 2945 1652 2994 καταρευξ.
1677 2938 1711 2978 C
1726 2938 1760 2977 P
1778 2951 1788 2978 ε
1819 2942 1975 2990 κατευξ.

328 2997 367 3036 R
381 2996 461 3036 SV
625 2999 678 3036 26
708 2997 924 3039 ἐπωθέουσι
949 2997 982 3035 C
