2098 3320
67 87 152 141 IV.
177 100 241 148 33

179 1243 246 1292 34

0 1840 157 1892 am»-

913 85 1339 136 ΗΡΟΔΟΤΟὙ

280 221 334 270 δὲ
385 217 567 290 αὐτῇσι
619 219 905 286 ἀσφαλείης
951 219 1134 271 εἵνεκεν
1179 218 1377 287 πέμψαι
1423 220 1536 275 τοὺς
1579 220 1942 290 Ὑπερβορέους

281 307 379 354 τῶν
403 304 572 355 ἀστῶν
596 301 776 370 ἄνδρας
805 302 955 355 πέντε
985 304 1224 369 πομπούς,
1251 305 1454 358 τούτους
1477 305 1523 357 οἳ
1547 310 1633 358 νῦν
1659 306 1945 374 Περφερέες

283 386 562 449 καλέονται,
595 388 740 452 τιμᾶς
768 385 992 454 μεγάλας
1024 389 1078 440 ἐν
1109 386 1262 458 Δήλῳ
1295 387 1512 457 ἔχοντες.
1590 390 1697 443 ἐπεὶ
1727 391 1781 443 δὲ
1809 395 1945 444 τοῖσι

279 469 667 538 “Ύπερβορεόισι
696 471 811 529 τοὺς
841 470 1263 539 ἀποπεμφθέντας
1291 474 1453 526 ὀπίσω
1484 473 1571 525 οὐκ
1601 474 1941 535 ἀπονοστέειν,

282 557 417 608 δεινὰ
436 555 754 620 ποιευμένους
775 557 821 607 εἴ
837 563 1000 622 σφεας
1020 556 1116 608 αἰεὶ
1136 555 1518 625 καταλάμψεται
1537 557 1946 613 ἀποστέλλοντας

279 639 347 706 μὴ
388 638 738 698 ἀποδέκεσθαι,
778 640 904 691 οὕτω
943 639 1002 705 δὴ
1045 639 1291 708 φέροντας
1328 643 1379 695 ἐς
1413 642 1528 695 τοὺς
1562 642 1734 709 οὔρους
1768 644 1830 694 τὰ
1867 645 1946 710 ἱρὰ

282 723 577 790 ἐνδεδεμένα
608 725 662 776 ἐν
692 729 858 791 πυρῶν
890 723 1084 795 καλάμῃ
1122 729 1255 776 τοῖσι
1292 726 1699 794 πλησιοχώροισι
1736 726 1943 793 ἐπισκή-

280 829 422 860 πτειν
467 808 762 862 κελεύοντας
808 808 1120 875 προπέμπειν
1169 808 1307 876 σφέα
1354 810 1452 862 ἀπὸ
1492 813 1685 862 ἑωυτῶν
1726 813 1777 865 ἐς
1814 810 1946 863 ἄλλο

282 892 440 947 ἔθνος.
530 893 608 945 καὶ
660 897 812 945 ταῦτα
861 895 952 958 μὲν
1003 894 1129 944 οὕτω
1182 895 1572 970 προπεμπόμενα
1623 893 1947 947 ἀπικνέεσθαι

280 976 492 1044 λέγουσι
523 978 574 1031 ἐς
605 980 795 1042 Δῆλον·
841 977 951 1029 οῖδα
979 979 1033 1029 δὲ
1056 976 1202 1032 αὐτὸς
1232 978 1456 1030 τούτοισι
1485 984 1621 1031 τοῖσι
1651 981 1802 1046 ἱροῖσι
1831 979 1947 1032 τόδε

282 1062 576 1127 ποιεύμενον
627 1060 928 1129 προσφερές,
970 1063 1060 1116 τὰς
1112 1063 1355 1128 Θρηικίας
1404 1063 1483 1114 καὶ
1534 1065 1623 1117 τᾶς
1673 1064 1947 1118 Παιονίδας

282 1150 532 1213 γυναῖκας,
567 1146 718 1198 ἐπεὰν
756 1147 914 1198 θύωσι
950 1153 1010 1218 τῇ
1041 1145 1293 1213 Ἀρτέμιδι
1323 1154 1383 1219 τῇ
1412 1149 1679 1219 βασιληίῃ,
1713 1148 1800 1199 οὐκ
1828 1146 1947 1201 ἄνευ

284 1235 451 1298 πυρῶν
482 1229 706 1296 καλάμης
738 1230 978 1297 ἐρδούσας
1008 1231 1070 1282 τὰ
1102 1229 1197 1297 ἱρά.
1273 1231 1352 1282 καὶ
1380 1235 1533 1283 ταῦτα
1561 1233 1654 1296 μὲν
1678 1230 1736 1295 δὴ
1766 1232 1949 1287 ταύτας

284 1314 394 1367 οῖδα
424 1315 676 1374 ποιεύσας,
709 1322 827 1387 τῇσι
868 1317 922 1367 δὲ
952 1313 1246 1381 παρθένοισι
1279 1315 1492 1387 ταύτῃσι
1526 1316 1644 1386 τῇσι
1684 1312 1744 1378 ἐξ
1766 1314 1944 1383 ’Ὑπερ-

285 1398 482 1467 βορέων
510 1398 915 1471 τελευτησάσῃσι
946 1401 1000 1450 ἐν
1039 1397 1192 1468 Δήλῳ
1226 1400 1468 1466 κείρονται
1499 1399 1577 1451 καὶ
1609 1401 1659 1452 αἱ
1697 1400 1838 1466 κόραι
1868 1401 1948 1452 καὶ

287 1486 332 1536 οἱ
363 1487 537 1538 παῖδες
566 1486 611 1535 οἱ
644 1484 866 1548 Δηλίων·
912 1485 962 1535 αἱ
980 1484 1071 1548 μὲν
1091 1482 1186 1549 πρὸ
1204 1482 1365 1550 γάμου
1387 1484 1646 1549 πλόκαμον
1667 1485 1945 1549 ἀποταμνό-

285 1589 429 1634 μεναι
479 1567 557 1619 καὶ
603 1567 714 1634 περὶ
762 1567 1002 1634 ἄτρακτον
1049 1564 1301 1630 εἱλίξασαι
1349 1568 1430 1619 ἐπὶ
1477 1567 1534 1619 τὸ
1582 1570 1720 1633 σῆμα
1765 1570 1949 1620 τιθεῖσι

284 1652 358 1718 (τό
391 1655 443 1705 δὲ
475 1651 611 1718 σῆμά
642 1654 753 1704 ἐστι
790 1652 891 1703 ἔσω
929 1653 980 1706 ἐς
1015 1651 1072 1702 τὸ
1103 1651 1422 1718 Ἀρτεμίσιον
1459 1652 1649 1704 ἐσιόντι
1686 1653 1950 1719 ἀριστερῆς

286 1738 469 1806 χειρός,
505 1736 781 1804 ἐπιπέφυκε
812 1735 866 1788 δέ
897 1738 942 1788 οἱ
975 1735 1151 1801 ἐλαίη),
1185 1737 1299 1787 ὅσοι
1329 1738 1382 1788 δὲ
1413 1739 1584 1790 παῖδες
1613 1740 1711 1788 τῶν
1745 1737 1948 1801 Δηλίων

287 1823 398 1888 περὶ
446 1822 609 1892 χλόην
661 1823 772 1872 τινὰ
834 1819 1109 1884 εἱλίξαντες
1167 1825 1266 1871 τῶν
1310 1824 1495 1888 τριχῶν
1540 1822 1819 1887 προτιθεῖσι
1869 1820 1950 1871 καὶ

288 1906 421 1958 οὗτοι
452 1906 534 1957 ἐπὶ
564 1905 620 1956 τὸ
651 1908 803 1970 σῆμα.
876 1905 1019 1956 αὗται
1047 1907 1139 1970 μὲν
1163 1903 1220 1968 δὴ
1251 1904 1431 1969 ταύτην
1454 1903 1599 1970 τιμὴν
1624 1903 1800 1972 ἔχουσι’,
1827 1903 1952 1971 πρὸς

188 2000 254 2051 35
288 1994 386 2042 τῶν
413 1988 583 2054 Δήλου
607 1989 890 2055 οἰκητόρων,
919 1989 1050 2056 φασὶ
1072 1990 1125 2041 δὲ
1149 1990 1195 2040 οἱ
1226 1987 1366 2040 αὐτοὶ
1390 1988 1525 2039 οὗτοι
1548 1988 1627 2039 καὶ
1650 1987 1740 2051 τὴν
1755 1986 1950 2055 Ἀργην

288 2096 343 2126 τε
375 2075 454 2126 καὶ
484 2073 574 2138 τὴν
598 2073 776 2132 ςΩπιν,
812 2073 993 2126 ἐούσας
1029 2071 1303 2139 παρθένους
1336 2070 1394 2136 ἐξ
1426 2070 1794 2138 Ὑπερβορέων,
1827 2073 1951 2123 κατὰ

289 2159 403 2211 τοὺς
439 2157 615 2211 αὐτοὺς
651 2157 852 2211 τούτους
892 2157 1178 2223 ἀνθρώπους
1219 2155 1550 2223 πορευομένας
1590 2155 1858 2208 ἀπικέσθαι
1899 2157 1952 2208 ἐς

292 2246 464 2307 Δῆλον
503 2242 577 2294 ἔτι
617 2243 858 2309 πρότερον
897 2240 1175 2309 Ὑπερόχης
1219 2262 1273 2292 τε
1317 2241 1395 2292 καὶ
1436 2239 1697 2305 Λαοδίκης.
1770 2239 1952 2293 ταύτας
2007 2256 2023 2266 ·

349 2396 365 2423 1
400 2384 533 2424 εἵνεκα
563 2381 602 2419 R
618 2381 699 2420 SV
919 2393 943 2418 2
973 2379 1172 2432 Περφέρες
1201 2379 1241 2418 R
1257 2378 1286 2418 S
1301 2378 1364 2419 V:
1395 2378 1594 2431 Πέρφερες
1616 2377 1807 2428 Hesych.
1832 2389 1867 2418 S.
1881 2390 1919 2417 v.
1939 2395 1948 2418 ε

289 2436 526 2492 Περιφερέες
548 2437 581 2474 C
598 2437 630 2474 P
759 2436 786 2474 6
815 2435 1075 2476 ὑποδέκεσθαι
1099 2435 1139 2473 R
1154 2434 1184 2473 S
1200 2434 1237 2472 V
1350 2433 1515 2489 σούρους
1538 2433 1577 2471 R
1593 2432 1623 2472 S
1636 2432 1675 2471 V
1805 2443 1827 2482 7
1857 2432 1951 2474 τοὺς

289 2493 598 2546 πλησιοχώρους
620 2491 653 2528 L
672 2506 680 2529 ε
710 2503 817 2530 corr.
840 2502 1080 2539 anonymus
1113 2512 1117 2516 ·
1257 2490 1283 2527 8
1313 2487 1442 2541 σφέας
1461 2487 1501 2526 Α
1515 2487 1550 2527 Β
1565 2487 1598 2526 C
1614 2487 1648 2526 P
1784 2487 1841 2528 εἷς
1860 2485 1898 2524 Α
1914 2485 1949 2524 Β

293 2561 338 2587 11
386 2547 579 2600 θρήισσας
618 2545 651 2583 Ρ
669 2560 678 2584 :
722 2546 898 2598 θρήσσας
934 2545 973 2582 R
991 2559 1000 2583 ε
1045 2545 1194 2597 θρήσας
1232 2543 1262 2582 S
1275 2544 1314 2582 V
1541 2555 1590 2581 12
1635 2541 1783 2582 θύσωσι
1816 2541 1856 2580 R
1871 2540 1952 2579 SV

291 2600 574 2696 ιἷξῌὲμέξούσας
609 2600 783 2696 Εῖίἑίὶῐςετ
807 2653 816 2670 Ι
830 2598 1025 2692 ἐχούσΡΞαί-ἰ
1042 2599 1080 2692 [ἒ
1099 2598 1185 2692 ξε
1206 2613 1215 2638 z
1259 2596 1496 2700 θυούσας5Ρ
1510 2596 1595 2690 Κλὸ
1609 2596 1647 2635 V
1684 2594 1831 2691 σάσμὲν
1853 2608 1952 2688 {mx}

618 2672 639 2695 ο
682 2672 706 2695 α
743 2670 890 2695 ταυτας
1413 2665 1429 2690 1
1503 2668 1551 2692 τε
1583 2667 1680 2698 ευτη
1766 2666 1814 2699 ης

293 2713 343 2750 16
389 2709 594 2764 πρόκαμον
635 2710 673 2747 R
861 2708 1179 2759 ἇποτεμνόμεναι
1220 2707 1260 2746 R
1281 2707 1317 2746 V
1435 2709 1437 2711 ’
1561 2707 1609 2744 18
1658 2704 1760 2745 ἰόντι
1801 2705 1839 2743 R
1863 2704 1894 2743 S
1914 2702 1952 2741 V

295 2779 344 2815 19
374 2769 490 2806 ἐλαια
510 2764 548 2803 Α
562 2763 596 2802 Β
611 2763 643 2802 C
658 2763 691 2802 P
856 2763 944 2803 ὅσοι
965 2762 1004 2800 Α
1019 2763 1053 2801 Β
1070 2763 1103 2801 C
1122 2776 1131 2801 τ
1162 2763 1199 2803 οἵ
1219 2762 1308 2801 rell.
1517 2773 1571 2799 20
1600 2762 1745 2800 τιθεῖσι
1766 2757 1806 2797 Α
1819 2757 1854 2796 Β
1871 2758 1904 2796 C
1920 2757 1952 2796 P

292 2834 342 2859 21
374 2819 513 2868 τιμὴνἹ
535 2821 612 2868 τὴν
632 2818 753 2867 τιμὴν
774 2816 892 2855 RV:
923 2830 1004 2860 om.
1030 2817 1061 2857 S
1228 2829 1280 2856 22
1309 2817 1382 2857 τὸν
1405 2815 1444 2854 R
1610 2816 1646 2855 οἱ
1675 2813 1772 2852 add.
1805 2811 1854 2851 C¹
1871 2811 1916 2850 P¹
1931 2825 1950 2865 V:

291 2879 375 2914 om.
403 2874 442 2913 R
457 2874 486 2914 S
499 2873 537 2913 V
648 2870 756 2913 οὗτοι
778 2883 862 2911 orn.
885 2871 918 2910 C
935 2871 968 2911 P
981 2871 1018 2912 R
1035 2871 1064 2912 S
1078 2870 1116 2910 V
1279 2882 1332 2920 25
1362 2868 1582 2923 Ὕπερόλης
1602 2868 1636 2907 C
1747 2866 1951 2916 Λαοδόκης

1969 579 1992 621 5

1973 1002 2023 1032 10

1975 1421 2022 1463 15

1975 1840 2027 1868 20
