2098 3320
27 87 114 136 111.
145 101 213 148 43
863 86 1295 134 HPOAOTOT

0 771 232 833 ‚mula

254 214 547 268 διαλύεσθαι
577 216 674 283 ἔφη
700 214 791 280 τὴν
814 213 1016 281 ξεινίην.
1098 220 1240 269 τοῦδε
1263 218 1317 269 δὲ
1341 217 1527 270 εἵνεκεν
1550 220 1706 271 ταῦτα
1732 217 1912 275 ἐποίεε,

255 300 336 351 ἵνα
364 298 430 365 μὴ
463 300 731 368 συντυχίης
760 303 924 366 δεινῆς
953 323 1007 354 τε
1045 300 1123 352 καὶ
1157 300 1379 368 μεγάλης
1410 299 1737 367 Πολυκράτεα
1767 321 1911 352 κατα-

254 383 518 449 λαβούσης
541 383 687 439 αὐτὸς
717 383 958 451 ἀλγήσειε
981 384 1072 449 τὴν
1102 383 1276 453 ψυχὴν
1300 385 1365 439 ὡς
1394 385 1504 451 περὶ
1527 382 1691 449 ξείνου
1721 384 1912 451 ἀνδρός.

149 476 217 524 44
255 468 337 520 ἐπὶ
381 473 557 520 τοῦτον
602 467 659 533 δὴ
705 467 774 521 ὧν
818 468 903 521 τὸν
948 468 1273 536 Πολυκράτεα
1312 468 1608 537 εὐτυχέοντα
1649 470 1710 519 τὰ
1754 466 1915 521 πάντα

255 553 613 619 ἐστρατεύοντο
679 554 1060 619 Λακεδαιμόνιοι
1126 553 1567 619 ἐπικαλεσαμένων
1631 558 1728 605 τῶν
1791 555 1914 618 μετὰ
1938 571 1960 612 5

255 640 409 689 ταῦτα
437 638 693 702 Κυδωνίην
722 637 813 702 τὴν
843 639 896 689 ἐν
927 636 1094 709 Κρήτῃ
1120 636 1398 690 κτισάντων
1428 639 1644 703 Σαμίων.
1710 635 1914 704 πέμψας

255 722 309 773 δὲ
341 718 524 787 κήρυκα
553 720 713 793 λάθρῃ
750 722 951 788 Σαμίων
987 721 1314 788 Πολυκράτης
1355 724 1487 789 παρὰ
1520 721 1799 787 Καμβύσεα
1827 720 1914 773 τὸν

0 847 55 891 ‘d
70 835 225 882 KQ
256 804 419 871 Κύρου
470 804 789 872 συλλέγοντα
840 805 1056 872 στρατὸν
1115 805 1192 858 ἐπ’
1246 808 1513 874 Αἴγυπτον,
1567 804 1914 875 {BefiOQs‘

0 888 316 977 :mapayav
369 889 449 951 καὶ
502 888 615 957 παρ’
667 889 851 952 ἑωυτὸν
898 889 1076 957 ‘ne'ffiyga
1045 912 1105 953 ας
1151 892 1201 953 ἐς
1254 889 1422 956 Σάμον
1470 889 1631 941 δέοιτο
1683 894 1913 957 στρατοῦ.

0 986 93 1026 μά.

195 992 219 1022 2
258 973 539 1038 Καμβύσης
570 976 624 1026 δὲ
660 974 877 1028 ἀκούσας
913 975 1099 1027 τούτων
1139 974 1399 1041 προθύμως
1432 975 1620 1040 ἔπεμπε
1656 976 1707 1028 ἐς
1749 973 1913 1040 Σάμον
1943 992 1992 1021 10

256 1058 558 1122 δεησόμενος
611 1057 959 1126 Πολυκράτεος
1014 1058 1228 1126 στρατὸν
1288 1058 1514 1110 ναυτικὸν
1566 1057 1667 1124 ἅμα
1717 1057 1915 1124 πέμψαι

256 1144 419 1211 ἑωυτῷ
475 1141 551 1194 ἐπ’
605 1144 871 1210 Αἴγυπτον.
977 1144 1004 1193 ὁ
1054 1146 1108 1195 δὲ
1160 1141 1393 1207 ἐπιλέξας
1439 1148 1538 1195 τῶν
1586 1143 1755 1194 ἀστῶν
1799 1142 1918 1196 τοὺς.

255 1226 510 1279 ὑπώπτευε
539 1225 764 1291 μάλιστα
793 1229 846 1281 ἐς
876 1226 1221 1280 ἐπανάστασιν
1252 1226 1512 1292 ἀπέπεμπε
1544 1225 1915 1293 τεσσεράκοντα

256 1308 494 1377 τριήρεσι,
540 1310 888 1376 ἐντειλάμενος
930 1311 1184 1383 Καμβύσῃ
1229 1313 1389 1364 ὀπίσω
1433 1312 1634 1366 τούτους
1677 1310 1744 1376 μὴ
1790 1312 1910 1362 ἀπο-

155 1408 221 1458 45
256 1393 486 1460 πέμπειν.
575 1397 622 1447 οἱ
652 1398 743 1460 μὲν
775 1395 832 1459 δὴ
873 1394 1084 1463 λέγουσι
1119 1396 1231 1449 τοὺς
1266 1394 1684 1462 ἀποπεμφθέντας
1715 1394 1915 1460 Σαμίων
1943 1410 1991 1452 15

256 1475 369 1545 [ὑπὸ
400 1476 768 1546 Πολυκράτεος]
798 1480 886 1532 οὐκ
917 1478 1182 1532 ἀπικέσθαι
1218 1481 1269 1533 ἐς
1303 1481 1573 1547 Αἴγυπτον,
1607 1479 1722 1532 ἀλλ’
1753 1481 1916 1539 ἐπείτε

258 1561 490 1630 ἐγένοντο
535 1564 589 1615 ἐν
632 1563 882 1634 Καρπάθῳ
924 1562 1179 1624 πλέοντες,
1218 1568 1388 1616 δοῦναι
1427 1566 1583 1632 σφίσι
1623 1565 1796 1632 λόγον,
1837 1559 1923 1615 καί
1958 1634 1959 1637 ¹

216 1653 219 1657 ’
258 1654 355 1714 σφι
403 1649 538 1700 ἁδεῖν
585 1647 642 1699 τὸ
689 1647 991 1716 προσωτέρω
1037 1647 1211 1714 μηκέτι
1262 1647 1451 1701 πλέειν·
1516 1651 1562 1701 οἱ
1608 1651 1660 1701 δὲ
1705 1647 1916 1716 λέγουσι

257 1731 585 1797 ἀπικομένους
628 1753 683 1785 τε
729 1734 778 1786 ἐς
815 1735 1068 1800 Αἴγυπτον
1106 1733 1184 1785 καὶ
1226 1733 1646 1801 φυλασσομένους
1692 1735 1916 1786 ἐνθεῦτεν

198 1837 223 1868 2
257 1815 432 1871 αὐτοὺς
472 1817 758 1884 ἀποδρῆναι.
850 1816 1186 1870 καταπλέουσι
1221 1820 1275 1871 δὲ
1320 1820 1371 1872 ἐς
1408 1818 1498 1883 τὴν
1539 1818 1706 1884 Σάμον
1747 1822 1913 1869 Πολυ-
1943 1833 1993 1862 20

258 1899 436 1968 κράτης
470 1902 634 1971 ινηυσὶ
693 1900 933 1955 ἀντιάσας
990 1903 1041 1956 ἐς
1100 1900 1269 1970 μάχην
1328 1901 1560 1967 κατέστη·
1626 1900 1917 1966 νικήσαντες

259 1987 312 2037 δὲ
351 1987 398 2037 οἱ
439 1986 690 2039 κατιόντες
732 1985 1002 2051 ἀπέβησαν
1043 1987 1094 2039 ἐς
1134 1986 1224 2050 τὴν
1260 1989 1433 2051 νῆσον,
1478 1985 1917 2055 πεζομαχήσαντες

259 2071 313 2121 δὲ
342 2070 396 2120 ἐν
427 2068 550 2142 αὐτῇ
581 2070 888 2135 ἑσσώθησαν
914 2069 991 2122 καὶ
1023 2072 1149 2122 οὕτω
1175 2070 1233 2134 δὴ
1257 2069 1442 2123 ἔπλεον
1471 2072 1523 2125 ἐς
1552 2072 1914 2136 Λακεδαίμονα.

199 2174 224 2217 3
260 2153 360 2205 εἰσὶ
391 2155 445 2205 δὲ
475 2153 521 2205 οἳ
549 2152 762 2220 λέγουσι
790 2153 902 2208 τοὺς
933 2154 1017 2206 ἀπ’
1049 2154 1302 2221 Αἰγύπτου
1342 2157 1542 2219 νικῆσαι
1574 2153 1914 2222 Πολυκράτεα,

258 2236 495 2303 λέγοντες
535 2237 643 2302 ἐμοὶ
683 2236 871 2290 δοκέειν
913 2238 1001 2290 οὐκ
1038 2239 1210 2305 ὀρθῶς.
1298 2239 1440 2291 οὐδὲν
1479 2240 1575 2306 γὰρ
1613 2239 1714 2292 ἔδει
1754 2237 1918 2306 σφέας
1944 2258 1991 2298 25

260 2322 676 2386 Λακεδαιμονίους
727 2321 1099 2382 ἐπικαλέεσθαι,
1155 2344 1199 2375 ει
1249 2344 1340 2389 περ
1391 2322 1529 2374 αὐτοὶ
1577 2321 1709 2388 ἦσαν
1761 2322 1919 2375 ἱκανοὶ

261 2404 588 2472 Πολυκράτεα
618 2404 1058 2473 παραστήσασθαι.
1146 2405 1268 2474 πρὸς
1297 2408 1350 2459 δὲ
1380 2407 1599 2459 τούτοισι
1627 2406 1738 2470 οὐδὲ
1767 2406 1920 2474 λόγος
1919 2401 2098 2506 w

319 2554 336 2580 1
369 2545 486 2583 τοῦδε
507 2541 552 2583 δὲ
575 2542 615 2581 R
634 2557 642 2582 :
671 2545 744 2584 τοῦ
763 2542 806 2583 δὲ
827 2543 893 2582 vel
915 2546 1033 2584 τοῦδε
1054 2542 1144 2582 rell.
1289 2544 1415 2584 εἵνεκε
1447 2543 1486 2581 R
1500 2544 1538 2583 V
1675 2543 1865 2593 ἐποίησεν
1884 2544 1919 2583 C
1942 2517 2098 2574 ἣν

260 2599 287 2635 6
318 2597 444 2648 Κρίτη
468 2598 507 2636 R
618 2597 860 2647 κτησάντων
880 2598 914 2637 C
1044 2597 1250 2649 πέμψας..
1267 2597 1572 2651 .Πολυκράτης]
1596 2597 1856 2653 Πολυκράτης
1875 2597 1921 2639 δὲ

261 2650 419 2703 πέμψας
439 2652 477 2690 Α
494 2652 528 2690 Β
547 2649 582 2690 C
750 2665 772 2702 7
803 2652 930 2705 λάθρα
953 2652 991 2690 R
1139 2666 1166 2702 9
1195 2653 1317 2693 αὐτὸν
1339 2652 1379 2691 R
1392 2652 1471 2692 SV
1622 2667 1672 2693 10
1702 2653 1919 2705 ἔπεμψε<ν)

261 2705 301 2743 Α
317 2706 351 2744 Β
366 2706 401 2744 C
521 2719 565 2746 11
598 2706 785 2758 δεόμενος
805 2706 846 2745 Α
859 2707 892 2745 Β
908 2707 941 2745 C
963 2721 973 2746 ι
1004 2706 1270 2758 δεησομένους
1292 2707 1561 2747 Herwerden
1676 2721 1734 2759 137
1751 2722 1921 2761 τεσσαρ.

264 2760 298 2798 C
312 2760 401 2799 RV
597 2763 646 2800 16
674 2763 867 2802 ὑπὸ’Πολ.
890 2774 970 2801 om.
992 2761 1033 2800 A
1048 2762 1083 2800 Β
1098 2762 1132 2800 C
1329 2774 1376 2812 17
1407 2763 1590 2814 ἐγίνοντο
1611 2762 1645 2801 C
1780 2761 1919 2814 σφίσι]

265 2823 338 2865 σφι
360 2814 396 2853 Α
412 2814 445 2852 Β
463 2815 495 2852 C
514 2815 546 2852 P
675 2816 723 2854 18
753 2819 810 2856 τῶ
833 2815 917 2854 CV
1044 2828 1093 2865 19
1122 2817 1264 2858 αὐτοὺς
1286 2820 1472 2858 ἐνθεῦτεν
1494 2817 1533 2855 R
1547 2817 1577 2854 S
1592 2816 1630 2855 V
1741 2830 1793 2867 23
1824 2817 1920 2857 ἐσώ·

265 2874 392 2916 θησαν
416 2870 451 2907 R
469 2870 498 2908 S
512 2871 549 2908 V
688 2882 739 2918 25
770 2870 835 2911 ἔδε
856 2871 890 2908 C
1019 2873 1073 2910 26
1104 2870 1421 2913 ἐπικαλέσασθαι
1445 2871 1482 2909 R
1500 2871 1580 2910 SV
1709 2885 1759 2921 27
1791 2870 1920 2912 τούτω

271 2922 400 2961 RSV
