2098 3320
0 767 139 815 W.

839 130 1216 179 ΙΣΤΟΡΙΩΝ
1274 131 1315 179 Β

238 259 452 327 ἐξέλωσι
501 259 592 327 τὴν
645 261 856 328 κοιλίην,
910 262 1169 315 αὐαίνουσι
1227 261 1350 329 πρὸς
1399 262 1546 327 ἥλιον
1601 262 1679 315 καὶ
1734 262 1903 315 ἔπειτα

237 347 384 400 αὔους
413 346 587 400 ἐόντας
617 345 885 400 σιτέονται.

236 682 507 735 ἐκπλέουσι
543 685 594 737 ἐς
635 683 922 736 θάλασσαν·
967 683 1201 751 ἡγέονται
1243 687 1295 735 δὲ
1333 686 1379 736 οἱ
1425 684 1625 751 ἔρσενες
1665 684 1901 750 ἀπορραί-

236 789 407 821 νοντες
436 772 523 819 τοῦ
553 771 717 835 θρροῦ,
751 770 801 820 αἱ
833 771 884 820 δὲ
916 769 1155 833 ἑπόμεναι
1187 767 1528 837 ἀνακάπτουσι
1561 766 1639 818 καὶ
1671 765 1729 830 ἐξ
1754 768 1904 819 αὐτοῦ
1933 777 2098 819 ooo-21

239 853 539 904 κυίσκονται.
629 854 780 904 ἐπεὰν
825 855 878 904 δὲ
923 851 1137 919 πλήρεες
1183 851 1424 919 γένωνται
1462 854 1515 904 ἐν
1550 852 1608 923 τῇ
1645 849 1898 923 θαλάσσῃ,

236 935 546 989 ἀναπλέουσι
574 937 737 988 ὀπίσω
777 938 827 990 ἐς
866 935 989 1001 ἤθεα
1025 938 1086 987 τὰ
1123 939 1317 988 ἑωυτῶν
1361 937 1580 988 ἔκαστοι.
1668 934 1900 1002 ἡγέονται

161 1039 214 1069 10
234 1018 405 1086 μέντοι
435 1041 495 1087 γε
523 1019 686 1072 οὐκέτι
716 1022 763 1072 οἱ
794 1021 949 1079 αὐτοί,
984 1022 1118 1072 ἀλλὰ
1148 1026 1245 1076 τῶν
1279 1019 1472 1085 θηλέων
1502 1020 1692 1087 γίνεται
1721 1019 1751 1084 ἡ
1782 1019 1898 1086 ἡγε-

233 1106 396 1170 μονίη.
484 1104 751 1171 ἡγεύμεναι
795 1108 849 1157 δὲ
890 1106 1137 1172 ἀγεληδὸν
1178 1109 1376 1157 ποιεῦσι
1417 1105 1522 1157 οἶόν
1566 1124 1659 1171 περ
1706 1105 1901 1156 ἐποίευν

234 1191 280 1241 οἱ
322 1188 539 1255 ἔρσενες·
592 1194 691 1240 τῶν
730 1191 825 1256 γὰρ
861 1189 967 1259 ᾠῶν
1008 1189 1365 1256 ἀπορραίνουσι
1411 1188 1514 1240 κατ’
1558 1188 1758 1262 ὀλίγους
1801 1179 2098 1254 rabbae-{⁴

0 1285 210 1344 w«
235 1271 478 1342 κέγχρων,
531 1275 578 1325 οἱ
629 1275 683 1325 δὲ
735 1272 936 1339 ἔρσενες
984 1275 1312 1326 καταπίνουσι
1364 1274 1611 1338 ἑπόμενοι.

235 1360 281 1409 οἱ
314 1356 518 1425 κέγχροι
548 1357 683 1409 οὗτοι
713 1357 898 1426 ἰχθύες.
987 1359 1040 1409 ἐκ
1078 1360 1131 1409 δὲ
1165 1362 1263 1409 τῶν
1299 1356 1690 1425 περιγινομένων
1722 1357 1801 1408 καὶ
1830 1356 1898 1421 μὴ

160 1458 208 1500 15
235 1440 640 1507 καταπινομένων
692 1439 918 1509 κέγχρων
968 1444 1014 1494 οἱ
1073 1443 1372 1510 τρεφόμενοι
1433 1442 1601 1510 ἰχθύες
1642 1442 1897 1507 γίνονται.

234 1526 281 1578 οἳ
311 1524 354 1578 δ’
389 1525 450 1578 ἂν
486 1525 646 1578 αὐτῶν
681 1527 846 1577 ἁλῶσι
883 1525 1180 1580 ἐκπλέοντες
1216 1528 1267 1580 ἐς
1309 1526 1593 1584 θάλασσαν,
1633 1526 1898 1592 φαίνονται

232 1609 542 1678 τετριμμένοι
569 1612 631 1662 τὰ
664 1609 741 1663 ἐπ’
773 1611 1011 1678 ἀριστερὰ
1042 1615 1140 1662 τῶν
1179 1610 1455 1677 κεφαλέων,
1491 1610 1536 1661 οἳ
1567 1609 1608 1661 δ’
1640 1608 1701 1661 ἂν
1732 1609 1895 1661 ὀπίσω

232 1694 586 1755 ἀναπλέοντες,
618 1695 679 1747 τὰ
709 1696 790 1748 ἐπὶ
822 1694 958 1760 δεξιὰ
988 1696 1297 1763 τετρίφαται.
1372 1694 1631 1762 πάσχουσι
1662 1696 1714 1746 δὲ
1743 1698 1897 1745 ταῦτα

232 1781 312 1831 διὰ
350 1780 480 1832 τόδε·
533 1779 765 1848 ἐχόμενοι
804 1783 892 1845 τῆς
936 1783 1027 1847 γῆς
1067 1779 1144 1832 ἐπ’
1183 1780 1421 1847 ἀριστερὰ
1464 1777 1802 1831 καταπλέουσι
1844 1779 1896 1831 ἐς

157 1884 208 1914 20
232 1863 501 1916 θάλασσαν
548 1863 627 1915 καὶ
665 1862 1004 1919 ἀναπλέοντες
1047 1865 1209 1917 ὀπίσω
1254 1867 1343 1928 τῆς
1388 1863 1535 1927 αὐτῆς
1581 1860 1892 1930 ἀντέχονται,

231 1949 651 2017 ἐγχριμπτόμενοι
710 1948 788 2000 καὶ
846 1948 1098 2015 ψαύοντες
1157 1948 1222 2002 ὡς
1278 1947 1517 2014 μάλιστα,
1572 1948 1653 1998 ἵνα
1710 1945 1769 2010 δὴ
1826 1944 1893 2011 μὴ

231 2031 496 2100 ἁμάρτοιεν
539 2036 626 2097 τῆς
666 2033 780 2084 ὁδοῦ
820 2034 900 2084 διὰ
937 2032 1023 2084 τὸν
1065 2033 1199 2099 ῥόον.
1289 2031 1440 2084 ἐπεὰν
1484 2034 1537 2083 δὲ
1582 2030 1896 2095 πληθύεσθαι

230 2116 443 2186 ἄρχηται
487 2117 514 2167 ὁ
557 2121 761 2176 Νεῖλος,
793 2116 856 2168 τά
900 2139 955 2169 τε
999 2122 1145 2169 κοῖλα
1187 2119 1275 2181 τῆς
1319 2119 1410 2183 γῆς
1455 2116 1535 2168 καὶ
1573 2117 1633 2165 τὰ
1673 2111 1896 2180 τέᾹΕ-ατα
1928 2117 2078 2170 μασι·

229 2202 292 2252 τὰ
342 2202 475 2269 παρὰ
525 2199 611 2253 τὸν
662 2201 886 2267 ποταμὸν
938 2205 1109 2267 πρῶτα
1159 2200 1365 2269 ἄρχεται
1417 2202 1734 2265 πίμπλασθαι
1790 2202 1892 2262 διη-

156 2281 433 2348 25θεόντος
473 2289 560 2336 τοῦ
598 2286 775 2339 ὕδατος
812 2287 865 2336 ἐκ
906 2290 992 2336 τοῦ
1030 2290 1269 2351 ποταμοῦ·
1325 2284 1404 2336 καὶ
1448 2284 1622 2336 αὐτίκα
1665 2304 1719 2334 τε
1762 2279 1896 2334 πλέα

231 2370 422 2436 γίνεται
458 2374 612 2422 ταῦτα
654 2369 733 2421 καὶ
774 2372 1076 2437 παραχρῆμα
1118 2369 1304 2437 ἰχθύων
1349 2373 1570 2435 σμικρῶν
1616 2367 1895 2431 πίμπλαται

231 2451 408 2507 πάντα·
496 2454 640 2506 κόθεν
684 2456 738 2505 δὲ
777 2453 911 2507 οἰκὸς
957 2453 1135 2506 αὐτοὺς
1172 2453 1419 2519 γίνεσθαι,
1469 2453 1565 2518 ἐγώ
1610 2472 1694 2516 μοι
1738 2447 1893 2501 δοκέω

286 2602 312 2642 5
340 2589 522 2632 ποιέουσι
544 2589 630 2630 PR
644 2589 705 2629 V:
737 2589 940 2630 ποιέονται
965 2590 994 2628 S
1107 2590 1271 2643 οἶστρον
1292 2589 1348 2630 P:
1381 2589 1518 2642 ’Ῐστρος
1540 2587 1570 2626 S
1586 2587 1625 2626 V
1772 2587 1799 2623 6
1829 2588 1893 2627 ἐκ·

231 2648 409 2688 πλώουσι
440 2645 475 2684 L
670 2657 691 2694 7
724 2643 1032 2696 ἆναλιίμπτουσι
1063 2644 1098 2682 Ρ
1299 2657 1326 2693 9
1355 2643 1609 2684 ἀναπλώουσι
1638 2640 1671 2679 L
1696 2640 1817 2691 <-όου-
1839 2640 1894 2691 C)

234 2713 286 2741 10
313 2701 338 2750 ἡ
359 2713 442 2741 om.
467 2700 504 2739 B
519 2700 559 2739 R
730 2712 774 2738 11
808 2699 1021 2751 ἡγεύμενοι
1043 2699 1127 2739 SV
1307 2711 1354 2748 13
1385 2698 1539 2751 ἔρρενες
1561 2697 1590 2735 S
1611 2711 1620 2735 ε
1651 2695 1781 2748 ἔρνεες
1803 2694 1895 2733 RV

233 2755 446 2808 ἐρχόμενοι
467 2755 501 2794 Ρ
516 2754 556 2792 R
573 2754 654 2794 SV
821 2767 870 2803 14
900 2753 1028 2806 οὗτοι]
1053 2756 1155 2794 οὔκω
1178 2753 1349 2803 Madvig
1507 2752 1554 2790 16
1586 2752 1838 2791 ἐκπλώοντες
1859 2749 1894 2788 L

232 2810 332 2860 (-όο·
350 2810 404 2861 C)
492 2811 546 2851 εἰς
564 2810 603 2850 R
734 2821 780 2858 17
813 2808 1043 2861 κεφαλαίων
1066 2808 1103 2846 R
1121 2809 1150 2847 S
1164 2809 1202 2847 V
1318 2810 1366 2846 18
1396 2807 1678 2847 ἀναπλώοντες
1694 2804 1728 2843 L
1745 2805 1804 2855 (it.
1820 2804 1893 2853 20)

235 2877 287 2915 19
323 2864 610 2906 καταπλώουσι
646 2865 680 2903 L
920 2875 969 2902 21
1014 2866 1204 2916 ἐγχριπτ.
1244 2863 1282 2902 R
1308 2864 1338 2902 S
1358 2862 1396 2900 V
1534 2861 1583 2909 δὴ
1621 2873 1706 2899 om.
1739 2859 1779 2897 A
1801 2859 1835 2898 B
1861 2858 1894 2896 C

232 2932 284 2957 22
314 2918 533 2973 ἃμάρτοιαν
552 2919 589 2958 V
609 2933 618 2959 ε
647 2918 843 2972 ἃμάρτιαν
864 2918 903 2956 R
1087 2919 1311 2966 πλήθεσθαι
1334 2916 1373 2955 R
1389 2917 1419 2956 S
1435 2916 1472 2954 V
1489 2915 1565 2967 (·ε)
1586 2928 1596 2954 2
1624 2913 1895 2963 πληθύνεσθαι

233 2974 271 3013 G
294 2973 482 3014 Dindorf
604 2986 656 3023 24
675 2976 738 3014 ’τὰ
759 2986 841 3012 om.
866 2973 905 3011 R
922 2972 952 3011 S
967 2972 1004 3010 V
1128 2972 1349 3014 πίπλασθαι
1369 2971 1408 3010 Α
1426 2968 1480 3010 R¹
1501 2968 1550 3010 Sl
1692 2980 1743 3019 25
1773 2967 1895 3009 πελά-

231 3044 304 3082 για
323 3029 358 3068 C
496 3042 547 3079 27
578 3028 696 3070 κόθεν
715 3027 782 3079 δὲ]
804 3029 895 3069 ὅθεν
916 3027 1103 3081 δεύτερον
1124 3027 1163 3066 R
1179 3028 1209 3068 S
1223 3028 1260 3066 V
1368 3028 1470 3068 εἰκὸς
1490 3023 1530 3064 Α
1544 3025 1578 3064 Β
1594 3024 1625 3064 S
1638 3024 1676 3066 V
1788 3041 1831 3075 μι
1855 3023 1894 3061 R

1701 1273 1800 1325 εἰσὶ
1847 1275 1901 1325 δὲ

1943 133 2005 183 ΙΙ.
2035 147 2098 195 92

0 441 234 507 quoiam»
320 433 387 483 Οἱ
435 433 490 483 δὲ
537 431 705 499 ἰχθύες
751 433 798 483 οἱ
844 432 1072 500 ἀγελαῖοι
1117 433 1169 484 ἐν
1216 433 1307 497 μὲν
1354 435 1486 483 τοῖσι
1532 435 1801 495 ποταμοῖσι
1847 431 1903 483 οὐ
1942 438 2014 487 93
2062 490 2068 494 ,

234 513 374 580 μάλα
430 515 670 582 γίνονται,
730 516 1028 583 τρεφόμενοι
1088 518 1142 568 δὲ
1201 517 1256 567 ἐν
1308 516 1426 587 τῇσι
1476 515 1689 585 λίμνῃσι
1739 513 1904 566 τοιάδε

187 620 210 661 5
236 603 448 651 ποιεῦσι·
505 598 657 651 ἐπεάν
698 606 863 667 σφεας
906 601 1016 672 ἐσίῃ
1061 601 1261 667 οἶστρος
1310 600 1616 657 κυίσκεσθαι,
1657 598 1904 665 ἀγεληδὸν

1935 870 1962 902 2

1903 1252 2095 1298 W

1988 1295 2098 1321 (υννε-

1940 1380 1965 1423 3

1935 1714 1962 1757 4

1935 2047 1956 2093 5

1933 2457 1961 2500 6
