2098 3320
64 77 130 129 11.
151 90 214 140 91
881 78 1312 128 HPOAOTOT

0 247 94 284 am*
209 206 454 279 Ι,ἔφασαν
493 208 659 261 ἐλθεῖν
703 209 782 261 καὶ
823 210 956 276 παρὰ
998 207 1164 276 σφέας
1205 208 1284 261 καὶ
1325 210 1606 277 ἀναγνῶναι
1646 210 1760 266 τοὺς
1796 234 1916 281 συγ-

0 295 208 407 'aq
252 291 429 359 γενέας
450 290 658 346 πάντας·
706 293 1082 359 ἐκμεμαθηκότα
1105 292 1158 346 δέ
1181 314 1266 359 μιν
1295 293 1612 369 ἀπικέσθαι’
1591 317 1642 350 ες
1667 297 1922 363 Αἴγυπτον

251 376 308 428 τὸ
360 379 446 440 τῆς
502 375 723 442 Χέμμιος
769 377 971 442 οὔνομα,
1028 377 1349 443 πεπυσμένον
1400 381 1533 445 παρὰ
1583 382 1670 444 τῆς
1719 382 1919 449 μητρός·

254 461 424 527 ἀγῶνα
454 458 509 511 δέ
538 462 583 512 οἱ
615 460 855 527 γυμνικὸν
887 461 1036 512 αὐτοῦ
1070 462 1402 516 κελεύσαντος
1433 462 1724 516 ἐπιτελέειν.

141 555 212 604 92
335 548 507 595 Ταῦτα
558 547 650 610 μὲν
698 543 861 598 πάντα
905 547 952 597 οἱ
1002 545 1276 612 κατύπερθε
1323 551 1421 598 τῶν
1469 546 1627 599 ἑλέων
1678 546 1966 610 οἶκέοντες5

252 627 520 695 Αἰγύπτιοι
566 629 839 694 νομίζουσι.
929 631 974 681 οἱ
1021 628 1078 681 δὲ
1124 629 1182 694 δὴ
1227 632 1282 682 ἐν
1325 635 1460 682 τοῖσι
1504 631 1649 683 ἕλεσι
1694 653 1915 696 κατοικη-

250 711 391 777 μένοι
422 717 557 764 τοῖσι
579 711 671 778 μὲν
703 713 900 765 αὐτοῖσι
930 714 1134 779 νόμοισι
1164 713 1409 781 χρέωνται
1432 720 1566 766 τοῖσι
1593 715 1671 767 καὶ
1701 718 1747 768 οἱ
1771 714 1920 768 ἄλλοι

253 796 535 864 Αἰγύπτιοι,
591 798 670 849 καὶ
728 798 894 849 τᾶλλα
953 797 1032 849 καὶ
1089 799 1284 865 γυναικὶ
1341 806 1429 871 μιῇ
1488 799 1701 853 ἕκαστος
1759 799 1920 852 αὐτῶν

252 880 497 933 συνοικέει
548 880 670 933 κατά
721 903 812 948 περ
851 880 1123 947 θΈλληνες,
1175 883 1300 949 ἆτᾶρ
1347 887 1470 949 πρὸς
1518 884 1771 949 εὐτελείην
1821 888 1919 935 τῶν

195 986 222 1018 2
252 965 427 1017 σιτίων
466 965 585 1018 τάδε
621 972 720 1034 σφι
755 965 891 1017 ἄλλα
933 964 1203 1033 ἐξεύρηται.
1295 967 1447 1019 ἐπεὰν
1487 966 1681 1034 πλήρης
1715 967 1919 1035 γένηται
1945 988 1994 1017 10

251 1050 278 1100 ὁ
325 1049 546 1116 ποταμὸς
593 1051 674 1103 καὶ
722 1052 783 1101 τὰ
830 1052 978 1102 πεδία
1025 1052 1295 1123 πελαγίσῃ,
1344 1051 1523 1118 φύεται
1571 1053 1624 1103 ἐν
1667 1056 1734 1121 τῷ
1779 1053 1919 1104 ὕδατι

253 1135 421 1201 κρίνεα
450 1133 635 1193 πολλά,
668 1136 729 1186 τὰ
762 1135 1024 1202 Αἰγύπτιοι
1056 1133 1295 1187 καλέουσι
1329 1136 1517 1187 λωτόν.Υ
1600 1135 1735 1188 ταῦτ’
1767 1137 1919 1188 ἐπεὰν

251 1217 497 1286 δρέψωσι,
546 1219 807 1272 αὐαίνουσι
853 1219 976 1286 πρὸς
1022 1219 1168 1284 ἥλιον
1216 1220 1295 1271 καὶ
1340 1220 1512 1272 ἔπειτα
1557 1219 1615 1271 τὸ
1659 1221 1712 1272 ἐκ
1760 1219 1919 1286 μέσου

251 1307 338 1355 τοῦ
381 1307 560 1364 λωτοῦ,
607 1312 668 1377 τῇ
711 1302 901 1370 μήκωνι
946 1303 1030 1356 ἐδν
1074 1303 1305 1372 ἐμφερές,
1352 1305 1620 1369 πτίσ-,ᾳντες
1665 1309 1917 1356 ποιεῦνται
1937 1311 2078 1384 διὶκά

188 1409 214 1453 3
250 1386 313 1454 ἐξ
354 1388 503 1440 αὐτοῦ
548 1388 723 1456 ἄρτους
775 1388 957 1443 ὀπτοὺς
1004 1390 1134 1456 πυρί.
1226 1389 1336 1441 ἔστι
1380 1392 1434 1441 δὲ
1482 1389 1561 1441 καὶ
1605 1389 1633 1454 ἡ
1678 1389 1789 1456 ῥίζα
1830 1393 1918 1441 τοῦ
1944 1410 1991 1451 15

9 1476 229 1527 amuel*
248 1477 412 1525 λωτοῦ
442 1473 619 1526 τούτου
650 1475 859 1539 ἐδωδίμη
893 1473 974 1525 καὶ
1007 1473 1285 1544 ἐγγλ-ύ-σσει
1316 1472 1583 1532 ἐπιεικέως,
1617 1475 1701 1525 ἐὸν
1733 1494 1914 1540 στρογ-

187 1557 422 1626 4Χγύλον,
470 1556 688 1626 μέγαθος
741 1559 864 1609 κατὰ
910 1561 1090 1623 μῆλον.
1180 1557 1290 1609 ἔστι
1338 1560 1392 1609 δὲ
1440 1558 1520 1610 καὶ
1568 1556 1703 1609 ἄλλα
1749 1558 1917 1624 κρίνεα

247 1642 443 1710 ῥόδοισι
491 1642 726 1710 ἐμφερέα,
775 1644 828 1694 ἐν
874 1646 940 1712 τῷ
989 1646 1192 1711 ποταμῷ
1242 1642 1478 1708 γινόμενα
1523 1641 1603 1693 καὶ
1646 1645 1815 1700 ταῦτα,
1861 1639 1922 1706 ἐξ

248 1727 319 1779 ὧν
360 1728 386 1778 ὁ
428 1727 612 1793 καρπὸς
657 1729 711 1779 ἐν
754 1726 886 1799 ἄλλῃ
936 1725 1109 1778 κάλυκι
1154 1724 1511 1797 παραφυομένῃ
1558 1727 1611 1777 ἐκ
1657 1729 1743 1791 τῆς
1781 1725 1916 1792 ῥίζης

248 1812 454 1878 γίνεται,
491 1812 638 1881 κηρίῳ
671 1816 883 1879 σφηκῶν
926 1810 1060 1875 ἰδέην
1098 1810 1406 1875 ὁμοιότατον·
1453 1812 1507 1862 ἐν
1537 1809 1691 1879 τούτῳ
1722 1811 1915 1876 τρωκτὰ

0 1907 104 1960 VM
247 1895 375 1947 ὅσον
412 1917 468 1948 τε
512 1895 669 1967 πυρὴν
716 1896 886 1960 ἐλαίης
932 1895 1183 1962 ἐγγίνεται
1228 1893 1407 1961 συχνά,
1449 1894 1691 1960 τρώγεται
1736 1896 1790 1945 δὲ
1835 1893 1915 1945 καὶ

190 2001 212 2048 5
249 1980 419 2032 ἁπαλὰ
449 1984 600 2031 ταῦτα
631 1979 711 2031 καὶ
743 1979 850 2032 αὖα,
941 1978 1032 2042 τὴν
1069 1981 1122 2030 δὲ
1154 1978 1359 2044 βύβλον
1394 1978 1484 2042 τὴν
1522 1976 1744 2030 ἐπέτειον
1776 1998 1912 2044 γινο-
1966 2022 1972 2024 ,

247 2062 403 2128 μένην
434 2065 583 2116 ἐπεὰν
616 2062 957 2116 ἀνασπάσωσι
990 2064 1043 2114 ἐκ
1081 2066 1180 2114 τῶν
1218 2061 1389 2120 ἑλέων,
1422 2064 1483 2112 τὰ
1511 2064 1603 2127 μὲν
1634 2060 1734 2113 ἄνω
1765 2061 1914 2126 αὐτῆς

249 2146 620 2213 ἀποτάμνοντες
651 2150 702 2201 ἐς
733 2146 863 2198 ἄλλο
894 2168 941 2198 τι
973 2146 1229 2213 τρέπουσι,
1255 2150 1311 2196 τὸ
1343 2149 1396 2198 δὲ
1428 2145 1557 2196 κάτω
1587 2143 1913 2210 λελειμμένον

249 2232 374 2283 ὅσον
403 2253 458 2284 τε
489 2232 571 2283 ἐπὶ
603 2234 768 2300 πῆχυν
806 2231 1057 2298 τρώγουσι
1095 2230 1175 2281 καὶ
1212 2228 1480 2281 πωλέουσι.
1570 2230 1616 2281 οἳ
1653 2232 1706 2281 δὲ
1740 2227 1802 2281 ἂν
1834 2227 1913 2280 καὶ
1938 2246 1987 2287 25
2029 2251 2033 2253 ’

252 2314 407 2382 κάρτα
445 2315 732 2381 βούλωνται
769 2322 966 2386 χρηστῇ
1002 2315 1060 2385 τῇ
1092 2313 1278 2382 βύβλῳ
1315 2316 1551 2381 χρᾶσθαι,
1592 2315 1646 2364 ἐν
1686 2310 1912 2382 κλιβάνῳ
1935 2319 2043 2373 *⁸⁶¹⁶-

0 2411 131 2453 Μ’
251 2398 485 2471 διαφ-ανέῖ
531 2398 793 2463 πνίξαντες
842 2399 968 2450 οὕτω
1019 2397 1282 2464 τρώγουσι.
1370 2399 1416 2448 οἱ
1468 2396 1523 2448 δέ
1572 2417 1702 2450 τινες
1752 2397 1912 2449 αὐτῶν

254 2482 376 2545 ζῶσι
427 2482 525 2534 ἀπὸ
578 2488 676 2534 τῶν
730 2483 914 2551 ἰχθύων
962 2482 1173 2547 μούνων,
1223 2480 1335 2534 τοὺς
1383 2480 1535 2532 ἐπεὰν
1579 2480 1786 2545 λάβωσι
1832 2479 1913 2531 καὶ

305 2632 332 2672 5
361 2619 564 2662 οἰκέοντες
586 2634 667 2660 om.
692 2620 731 2658 R
747 2619 828 2659 SV
1010 2619 1037 2656 6
1068 2617 1219 2666 ἕλλησι
1242 2617 1280 2655 R
1296 2617 1333 2655 V
1527 2619 1552 2655 8
1581 2616 1651 2656 alt.
1677 2617 1845 2659 naz-om.
1870 2616 1910 2655 R

250 2689 278 2726 9
308 2676 496 2724 εὐτελίην
514 2675 552 2714 V
568 2676 625 2713 Rc
644 2690 653 2714 :
685 2673 879 2722 εὐτελέην
899 2673 929 2713 S
1100 2685 1116 2710 J
1130 2685 1144 2709 1
1178 2681 1355 2724 πελασγ.
1383 2671 1422 2709 R
1437 2672 1467 2711 S
1481 2672 1520 2710 V
1683 2683 1732 2721 14
1761 2671 1833 2725 τῇ]
1853 2676 1912 2723 τῷ

249 2731 290 2769 Α
308 2730 343 2768 Β
363 2731 396 2768 C
415 2730 448 2769 P
560 2730 816 2777 ὀπτήσαντες
835 2728 876 2766 Α
893 2728 926 2766 Β
944 2728 977 2765 C
1105 2728 1153 2764 16
1183 2726 1381 2778 ἐγγλύσει
1404 2726 1436 2764 C
1459 2741 1467 2764 :
1495 2725 1672 2779 γγλύσει
1690 2726 1728 2765 R
1748 2739 1757 2764 ε
1789 2726 1911 2778 ἐγγὺς

251 2786 288 2825 εἰ
308 2784 390 2824 SV
477 2796 525 2834 19
556 2782 863 2838 παραφυομένης
884 2783 922 2821 R
939 2782 978 2820 V
1080 2780 1207 2834 ῥίζης]
1228 2784 1306 2832 γῆς
1329 2781 1367 2818 R
1383 2780 1412 2818 S
1429 2780 1464 2818 V
1575 2793 1627 2830 23
1657 2779 1908 2832 σπάσωσών)

251 2837 302 2877 Pl
318 2839 358 2878 R
374 2839 471 2877 SV'
621 2851 682 2888 24¹
707 2841 746 2880 ἐς
765 2851 846 2877 om.
870 2837 910 2875 R
1032 2836 1223 2888 τρέπουσι
1245 2835 1275 2873 S
1291 2835 1354 2875 V:
1385 2834 1500 2886 τράπ.
1525 2834 1617 2874 rell.
1781 2846 1833 2884 25
1863 2851 1910 2875 τε

250 2906 334 2933 om.
370 2893 405 2932 B
539 2894 603 2934 καὶ
633 2892 834 2934 πωλέουσι
865 2890 947 2930 del.
981 2889 1105 2929 Stein
1245 2891 1314 2930 ἐὰν
1342 2890 1406 2930 καὶ
1436 2889 1475 2927 Α
1493 2889 1557 2927 B:
1595 2890 1661 2931 καὶ
1691 2890 1739 2930 ἂν
1769 2889 1808 2927 R
1826 2888 1911 2927 SV

250 2949 304 2987 26
325 2946 449 2999 1306&
473 2946 599 2999 κάρτα
619 2947 658 2986 R
677 2947 708 2987 S
723 2947 762 2986 V
844 2949 897 3000 τῇ
917 2958 997 2984 om.
1027 2945 1065 2984 R
1083 2944 1113 2983 S
1130 2944 1168 2983 V
1305 2945 1356 2982 28
1384 2943 1538 2994 μούνων
1559 2943 1592 2982 Ρ
1612 2957 1620 2982 :
1649 2947 1795 2994 μοῦνον
1813 2942 1904 2984 rell.
