2098 3320
86 76 150 126 ΙΙ.
180 90 275 141 139

0 222 251 289 32⁸⁰qu

180 979 275 1028 140

946 79 1378 128 ΗΡΟΔΟΤΟΤ

315 209 499 274 ταύτην
541 209 711 276 λέγειν
753 210 903 262 αὐτὸν
950 211 1015 264 ὡς
1055 212 1313 283 πρό-φασίν
1358 214 1404 264 οἱ
1445 210 1607 263 δοκέοι
1643 211 1826 276 ταύτην
1864 211 1978 266 τοὺς

316 292 458 347 θεοὺς
509 294 867 360 προδεικνύναι,
915 295 996 346 ἵνα
1041 293 1306 360 ἀσεβήσας
1350 295 1463 362 περὶ
1506 297 1567 346 τὰ
1612 297 1692 362 ἱρὰ
1736 296 1886 347 κακόν
1929 316 1978 347 τι

315 376 438 444 πρὸς
469 381 594 430 θεῶν
625 373 655 441 ἢ
685 382 806 443 πρὸς
836 379 1107 446 ἀνθρώπων
1130 378 1302 444 λάβοι·
1350 378 1436 430 οὐκ
1466 377 1533 431 ὧν
1557 377 1785 443 ποιήσειν
1808 383 1973 438 ταῦτα,

315 462 450 513 ἀλλὰ
492 460 588 529 γάρ
633 464 678 514 οἱ
725 459 1077 527 ἐξεληλυθέναι
1120 467 1206 515 τὸν
1250 463 1433 531 χρόνον
1478 463 1660 515 ὁκόσον
1705 466 1977 531 κεχρῆσθαι

315 545 532 612 ἄρξαντα
562 535 814 613 Αἰγύπτου
847 545 1171 614 ἐκχωρήσειν.
1262 549 1317 599 ἐν
1351 548 1447 614 γὰρ
1477 554 1538 619 τῇ
1575 549 1807 619 Αἰθιοπίῃ
1844 548 1976 599 ἐόντι

315 629 443 699 αὐτῷ
485 632 546 681 τὰ
585 628 800 695 μαντήια
835 635 970 682 τοῖσι
1009 630 1255 699 χρέωνται
1299 632 1532 685 Αἰθίοπες
1568 632 1735 683 ἀνεῖλε
1773 631 1837 684 ὡς
1873 630 1975 683 δέοι

313 713 463 765 αὐτὸν
515 714 768 780 Αἰγύπτου
817 720 1130 780 βασιλεῦσαι
1174 716 1288 767 ἔτεα
1326 713 1647 779 πεντήκοντα.
1736 715 1802 768 ὡς
1841 713 1910 766 ὧν
1950 716 1977 766 ὁ

313 797 493 866 χρόνος
512 798 654 852 οὗτος
673 797 807 863 ἐξήιε
827 799 904 850 καὶ
924 799 1075 851 αὐτὸν
1098 799 1127 864 ἡ
1149 801 1269 866 ὄψις
1288 804 1375 851 τοῦ
1394 800 1623 852 ἐνυπνίου
1643 797 1972 866 ἐπετάρασσε,

315 883 440 934 ἑκὼν
472 881 838 934 ἀπαλλάσσετο
871 881 929 947 ἐξ
957 883 1209 950 Αἰγύπτου
1240 884 1266 933 ὁ
1296 887 1557 949 Σαβακῶς.

397 965 491 1020 “Ως
522 966 563 1017 δ’
597 965 691 1032 ἄρα
722 967 955 1034 οἴχεσθαι
986 966 1072 1019 τὸν
1103 969 1319 1020 Αἰθίοπα
1351 966 1409 1032 ἐξ
1435 967 1702 1035 Αἰγύπτου,
1730 967 1866 1021 αὖτις
1888 965 1976 1019 τὸν

2004 984 2051 1018 lb

314 1050 511 1118 τυφλὸν
541 1049 715 1118 ἄρχειν
745 1053 798 1102 ἐκ
836 1056 934 1103 τῶν
972 1050 1129 1103 ἑλέων
1166 1052 1480 1117 ἀπικόμενον,
1515 1051 1634 1103 ἔνθα
1669 1049 1976 1115 πεντήκοντα
2029 1103 2032 1107 ,

314 1134 430 1187 ἔτεα
474 1137 631 1198 νῆσον
675 1135 851 1203 χώσας
892 1138 1062 1205 σποδῷ
1104 1157 1158 1187 τε
1199 1135 1279 1211 καὶ
1318 1136 1381 1206 γῇ
1423 1137 1567 1187 οἴκεε·
1630 1136 1755 1188 ὅκως
1794 1134 1889 1202 γάρ
1929 1137 1975 1187 οἱ

314 1223 496 1286 φοιτᾶν
522 1224 664 1270 σῖτον
688 1219 900 1286 ἄγοντας
924 1221 1208 1286 Αἰγυπτίων
1233 1219 1297 1273 ὡς
1321 1218 1582 1271 ἑκάστοισι
1604 1218 1976 1288 προστετάχθαι

314 1304 433 1375 σιγῇ
484 1308 572 1354 τοῦ
624 1305 875 1363 Αἰθίοπος,
931 1305 982 1356 ἐς
1033 1303 1124 1368 τὴν
1175 1303 1361 1370 δωρεὴν
1414 1303 1634 1356 κελεύειν
1679 1303 1845 1370 σφέας
1896 1303 1976 1355 καὶ

314 1391 506 1439 σποδὸν
567 1388 796 1452 κομίζειν.
909 1388 1091 1452 ταύτην
1148 1387 1239 1452 τὴν
1301 1391 1459 1452 νῆσον
1518 1389 1678 1441 οὐδεὶς
1735 1387 1975 1455 πρότερον

316 1471 560 1535 ἐδυνάσθη
614 1471 910 1538 Ἀμυρταίου
968 1471 1203 1539 ἐξευρεῖν,
1258 1473 1392 1523 ἀλλὰ
1451 1473 1564 1524 ἔτεα
1614 1472 1695 1524 ἐπὶ
1754 1471 1892 1524 πλέω
1943 1467 1975 1537 ἢ

315 1556 590 1608 ἑπτακόσια
640 1557 728 1608 οὐκ
775 1557 875 1607 οἷοί
910 1578 963 1608 τε
1005 1555 1138 1620 ἦσαν
1184 1555 1336 1621 αὐτὴν
1384 1557 1606 1622 ἀνευρεῖν
1653 1559 1700 1609 οἱ
1746 1557 1976 1623 πρότεροι

282 1640 577 1706 ’γενόμενοι
646 1638 890 1705 βασιλέες
961 1640 1274 1707 Ἀμυρταίου.
1368 1641 1553 1706 οὕνομα
1612 1643 1664 1692 δὲ
1715 1641 1866 1713 ταύτῃ
1918 1641 1976 1713 τῇ

315 1723 452 1793 νήσῳ
483 1723 675 1787 Ἐλβώ,
708 1723 926 1791 μέγαθος
957 1724 998 1776 δ’
1031 1725 1143 1777 ἐστὶ
1173 1722 1334 1796 πάντῃ
1365 1723 1482 1776 δέκα
1513 1726 1742 1776 σταδίων.

398 1810 543 1859 Μετὰ
574 1811 627 1860 δὲ
657 1813 832 1860 τοῦτον
862 1813 1171 1874 βασιλεῦσαι
1199 1807 1287 1861 τὸν
1319 1807 1425 1875 ἱρέα
1454 1813 1540 1860 τοῦ
1567 1807 1874 1876 (Ηφαίστου,
1906 1810 1973 1878 τῷ

314 1892 499 1956 οὕνομα
531 1891 657 1943 εἶναι
682 1896 865 1943 Σεθῶν·
912 1892 999 1944 τὸν
1023 1893 1076 1944 ἐν
1101 1893 1339 1964 ἀλογίῃσι
1362 1892 1499 1961 ἔχειν
1522 1892 1974 1961 παραχρησάμενον

314 1981 412 2028 τῶν
442 1976 675 2043 μαχίμων
707 1976 990 2043 Αἰγυπτίων
1023 1976 1088 2029 ὡς
1121 1977 1264 2028 οὐδὲν
1299 1977 1603 2041 δεησόμενον
1633 1978 1808 2036 αὐτῶν,
1841 1975 1975 2029 ἄλλα

314 2079 368 2111 τε
406 2059 464 2124 δὴ
505 2060 654 2125 ἄτιμα
691 2064 924 2112 ποιεῦντα
964 2062 1015 2114 ἐς
1051 2059 1226 2114 αὐτοὺς
1256 2060 1339 2111 καί
1371 2066 1535 2127 σφεας
1573 2059 1852 2112 ἀπελέσθαι
1886 2060 1975 2114 τᾶς

316 2144 542 2211 ἀρούρας,
604 2149 738 2195 τοῖσι
807 2145 888 2196 ἐπὶ
947 2149 1044 2196 τῶν
1114 2143 1366 2211 προτέρων
1422 2143 1685 2209 βασιλέων
1743 2144 1974 2196 δεδόσθαι

317 2226 594 2294 ἐξαιρέτους
610 2227 819 2297 ,ἑκάστῳ
845 2228 1063 2280 δυώδεκα
1086 2228 1311 2295 ἀρούρας.
1397 2229 1522 2293 μετὰ
1545 2231 1598 2280 δὲ
1622 2228 1698 2279 ἐπ’
1722 2231 1975 2295 Αἴγυπτον

316 2311 543 2364 ἐλαύνειν
588 2311 802 2377 στρατὸν
853 2311 1412 2379 μέγανΣαναχάριβον
1456 2311 1680 2377 βασιλέα
1722 2311 1976 2379 Ἀραβίων

314 2417 370 2447 τε
412 2395 490 2447 καὶ
526 2395 830 2461 Ἀσσυρίων·
880 2396 965 2446 οὐκ
1011 2393 1078 2446 ὧν
1119 2395 1176 2459 δὴ
1216 2394 1408 2447 ἐθέλειν
1447 2396 1559 2449 τοὺς
1598 2397 1844 2464 μαχίμους
1878 2401 1976 2447 τῶν

316 2479 601 2545 Αἰγυπτίων
631 2479 880 2544 βοηθέειν.
969 2478 1057 2531 τὸν
1087 2481 1140 2530 δὲ
1179 2477 1286 2546 ἱρέα
1316 2481 1366 2532 ἐς
1402 2480 1610 2545 ἀπορίην
1641 2478 1975 2545 ἀπειλημένον

317 2559 594 2614 ἐσελθόντα
651 2565 702 2616 ἐς
759 2563 816 2615 τὸ
873 2562 1090 2630 μέγαρον
1157 2562 1280 2629 πρὸς
1345 2562 1585 2629 τῶγαλμα
1642 2563 1976 2630 ἀποδύρεσθαι

376 2712 393 2738 Ι
426 2697 582 2740 δοκέειν
605 2698 692 2738 ΑΒ
709 2699 742 2738 C
881 2712 905 2737 2
935 2703 1213 2751 παρδεικνῦναι
1236 2699 1275 2739 R
1418 2712 1444 2748 3
1474 2700 1632 2749 ποιήσει
1655 2700 1688 2738 C
1825 2714 1849 2749 4
1880 2701 1978 2740 ὅσον

318 2752 456 2792 RSV
674 2765 698 2802 5
734 2755 912 2805 ἄρχοντα
944 2753 1126 2793 PRSV
1344 2755 1371 2792 6
1404 2755 1454 2795 ὡς
1484 2754 1583 2806 δέοι]
1615 2757 1636 2794 ὁ
1666 2755 1753 2795 θεὸς
1778 2757 1814 2795 οἱ
1843 2753 1978 2793 RSV

314 2821 342 2857 9
374 2808 433 2859 ἐξ]
459 2811 505 2849 ἐκ
523 2811 596 2857 τῆς
617 2807 655 2846 Α
671 2808 706 2846 Β
721 2809 753 2847 C
770 2808 803 2847 P
914 2809 1099 2856 Σαβάκος
1122 2808 1235 2849 RV:
1265 2808 1450 2856 Σαβακός
1472 2808 1503 2847 S
1671 2810 1721 2847 16
1749 2810 1909 2863 Ἃμαρτ.
1936 2808 1976 2848 R

316 2873 364 2900 21
399 2863 531 2905 Σεθῶν
553 2863 586 2901 C
602 2863 633 2901 P
687 2863 819 2907 Σέθων
841 2862 931 2901 RV
1117 2877 1170 2902 22
1199 2865 1248 2904 τὸ
1267 2862 1447 2915 μάχιμον
1467 2863 1664 2902 Abresch
1793 2864 1913 2904 αὐτὸν
1934 2863 1975 2901 R

317 2929 370 2965 24
399 2916 621 2970 προτέρων]
641 2917 814 2971 πρόσθεν
835 2917 873 2956 R
891 2918 920 2957 S
934 2919 974 2956 V
1165 2930 1216 2967 27
1247 2918 1317 2969 δὴ]
1340 2917 1383 2959 δὲ
1406 2917 1446 2956 R
1460 2917 1490 2957 S
1503 2919 1542 2957 V
1727 2919 1781 2957 28
1809 2917 1975 2966 ἀπειλη-

313 2970 436 3021 μένον
459 2971 641 3012 Reiske:
674 2974 891 3024 ἆπειλημμ.
918 2973 952 3010 L
1117 2985 1172 3022 29
1201 2971 1375 3013 ἐλθόντα
1398 2973 1436 3011 R

2003 1408 2049 1450 15

2002 1827 2052 1858 20

2003 2246 2049 2287 25
