2098 3320
799 147 1175 197 ιΣτοΡΙΩΝ
1251 149 1288 198 Β
1914 150 2061 210 11.42

208 268 256 333 οἶ
296 282 479 332 ἑωυτὸν
519 277 756 343 ἐπιδέξαι.
843 276 942 331 ἀπὸ
982 277 1155 330 τούτου
1201 278 1581 344 κριοπρόσωπον
1621 283 1708 331 τοῦ
1751 279 1873 333 Διὸς

208 365 448 432 τῶγαλμα
484 367 679 416 ποιεῦσι
716 362 994 430 Αἰγύπτιοι,
1035 363 1132 414 ἀπὸ
1169 365 1223 415 δὲ
1260 364 1547 429 Αἰγυπτίων
1579 362 1868 428 Ἀμμώνιοι,

209 450 373 502 ἐόντες
426 448 712 516 Αἰγυπτίων
762 468 817 499 τε
870 447 949 499 καὶ
1003 446 1259 500 Αἰθιόπων
1309 445 1509 499 ἄποικοι
1563 446 1642 499 καὶ
1696 448 1872 516 φωνὴν

206 531 391 599 μεταξὺ
437 531 735 599 ἀμφοτέρων
785 533 1080 598 νομίζοντες.
1189 530 1379 583 δοκέειν
1431 531 1486 584 δέ
1532 553 1632 597 μοι,
1685 532 1765 584 καὶ
1815 533 1872 585 τὸ
1907 552 1927 600 5

160 641 181 680 5
206 618 392 683 οὕνομα
431 615 705 682 Ἀμμώνιοι
741 618 837 668 ἀπὸ
876 620 1017 669 τοῦδε
1058 616 1214 683 σφίσι
1252 614 1342 680 τὴν
1379 617 1660 687 ἐπωνυμίην
1699 616 1869 682 ἐποιή-
1899 623 2098 669 <Mu

207 723 380 754 σαντο·
427 700 610 767 Ἀμοῦν
640 703 734 768 γὰρ
772 700 1034 768 Αἰγύπτιοι
1071 698 1308 753 καλέουσι
1345 699 1432 752 τὸν
1465 702 1579 753 Δία.
1670 701 1784 756 τοὺς
1817 704 1871 756 δὲ
2025 671 2098 707 Μ

208 786 370 855 κριοὺς
403 785 466 837 ὀὐ
506 786 680 837 θύουσι
722 787 961 851 Θηβαῖοι,
1004 785 1121 837 ἀλλ’
1161 785 1266 838 εἰσί
1302 791 1401 852 σφι
1445 786 1539 852 ἱροὶ
1583 787 1662 837 διὰ
1707 790 1868 839 τοῦτο.

205 871 293 944 μιῇ
333 872 386 924 δὲ
424 869 581 942 ἡμέρῃ
622 874 708 922 τοῦ
747 871 987 929 ἐνιαυτοῦ,
1032 871 1087 922 ἐν
1132 869 1251 942 ὁρτῇ
1287 873 1375 921 τοῦ
1417 870 1557 929 Διός,
1602 869 1738 937 κριὸν
1783 871 1871 924 ἕνα
1908 878 1936 921 6

208 954 584 1022 κατακόψαντες
624 954 704 1007 καὶ
748 955 1100 1021 ἀποδείραντες
1147 956 1267 1006 κατὰ
1308 953 1465 1006 τώυτὸ
1506 954 1737 1007 ἐνδύουσι
1775 956 1867 1007 τῶ-

136 1065 184 1096 10
205 1047 376 1108 γαλμα
405 1044 492 1091 τοῦ
525 1038 648 1093 Διὸς
679 1039 757 1090 καὶ
797 1038 969 1091 ἔπειτα
997 1038 1127 1090 ἄλλο
1163 1037 1367 1106 ἄγαλμα
1396 1037 1679 1105 “Ηρακλέος
1708 1061 1865 1106 προσ-

206 1123 386 1192 άγουσι
443 1122 566 1190 πρὸς
617 1122 754 1175 αὐτό.
841 1127 994 1175 ταῦτα
1045 1126 1099 1176 δὲ
1151 1122 1452 1188 ποιήσαντες
1508 1123 1774 1176 τύπτονται
1824 1127 1870 1176 οἱ

206 1209 318 1276 περὶ
363 1207 420 1261 τὸ
465 1207 571 1275 ἱρὸν
617 1206 833 1261 ἅπαντες
878 1206 966 1259 τὸν
1010 1206 1146 1274 κριὸν
1193 1207 1272 1259 καὶ
1317 1207 1487 1260 ἔπειτα
1526 1209 1580 1260 ἐν
1627 1209 1703 1280 ἱρῇ
1746 1207 1870 1280 θήκῃ

207 1292 452 1346 θάπτουσι
468 1292 646 1360 αὐτόν.

287 1375 567 1443 Ἡρακλέος
597 1379 652 1429 δὲ
680 1374 792 1442 πέρι
821 1376 965 1428 τόνδε
987 1370 1110 1442 [τὸν]
1131 1374 1288 1441 λόγον
1318 1374 1524 1440 ἤκουσα,
1559 1376 1636 1427 ὅτι
1667 1378 1739 1441 εἵη
1771 1380 1871 1429 τῶν
1906 1386 1974 1437 43

134 1487 180 1528 15
206 1462 422 1514 δυώδεκα
451 1464 591 1514 θεῶν.
661 1465 747 1512 τοῦ
776 1459 944 1527 ἐτέρου
975 1462 1027 1512 δὲ
1059 1458 1170 1527 πέρι
1190 1456 1488 1526 “Ηρακλεός,
1515 1464 1602 1512 τὸν
1617 1458 1872 1525 ’Έλληνες

164 1596 166 1600 ,
205 1547 386 1605 οἴδασι,
421 1546 611 1618 οὐδαμῇ
640 1544 893 1613 Αἰγύπτου
928 1543 1205 1609 ἐδυνάσθην
1242 1547 1468 1597 ἀκοῦσαι.
1560 1545 1637 1596 καὶ
1672 1547 1764 1610 μὲν
1795 1545 1872 1597 ὅτι
1907 1566 1931 1597 2

205 1651 264 1697 γε
311 1630 378 1691 οὗ,
413 1629 528 1697 παρ’
573 1628 837 1694 Ἑλλήνων
885 1629 1078 1694 ἔλαβον
1124 1633 1179 1681 τὸ
1229 1630 1415 1695 οὔνομα
1461 1628 1725 1695 Αἰγύπτιοι
1768 1623 1871 1695 [τοῦ

203 1711 517 1783 “Ηρακλεός],
543 1713 658 1767 ἀλλ’
673 1712 926 1778 ’Έλληνες
955 1716 1153 1779 μᾶλλον
1183 1713 1297 1780 παρ’
1324 1714 1608 1780 Αἰγυπτίων
1638 1713 1718 1765 καὶ
1747 1712 1866 1765 Ἑλ-

200 1798 373 1864 λήνων
418 1798 554 1850 οὗτοι
601 1801 647 1851 οἱ
695 1797 890 1863 θέμενοι
936 1802 1003 1867 τῷ
1052 1796 1428 1865 Ἀμφιτρύωνος
1475 1798 1606 1867 γόνῳ
1655 1797 1869 1862 τοῦνομα

131 1906 183 1935 20
204 1882 475 1951 Ἡρακλέα,
514 1881 682 1935 πολλά
719 1883 921 1947 μοικαὶ
961 1881 1096 1934 ἄλλα
1131 1880 1367 1947 τεκμήριά
1406 1883 1518 1933 ἐστι
1555 1885 1700 1933 τοῦτο
1741 1883 1868 1933 οὕτω

205 1968 357 2036 ἔχειν,
385 1970 438 2021 ἐν
462 1970 514 2020 δὲ
545 1967 625 2019 καὶ
654 1967 783 2026 τόδε,
816 1967 893 2018 ὅτι
921 1988 974 2019 τε
1004 1971 1090 2018 τοῦ
1112 1965 1391 2032 Ἡρακλέος
1421 1967 1594 2018 τούτου
1623 1968 1668 2018 οἱ
1699 1965 1870 2033 γονέες

205 2053 480 2120 ἀμφότεροι
510 2050 641 2116 ἦσαν
664 2050 982 2119 Ἀμφιτρύων
1006 2051 1085 2102 καὶ
1109 2049 1365 2116 Ἀλκμήνη
1391 2051 1653 2118 γεγονότες
1676 2049 1732 2102 τὸ
1755 2050 1866 2102 ἀνέ-

206 2140 354 2189 καθεν
388 2136 473 2189 ἀπ’
509 2135 759 2203 Αἰγύπτου
798 2136 878 2187 καὶ
915 2136 1039 2187 διότι
1077 2135 1338 2202 Αἰγύπτιοι
1374 2135 1487 2187 οὔτε
1524 2133 1870 2188 Ποσειδέωνος

205 2221 318 2274 οὔτε
357 2221 650 2287 Διοσκόρων
689 2222 751 2272 τὰ
791 2219 1038 2285 οὐνόματά
1075 2226 1207 2286 φασι
1247 2217 1445 2283 εἰδέναι,
1483 2218 1598 2271 οὐδέ
1634 2225 1731 2286 σφι
1765 2219 1870 2270 θεοὶ

133 2327 181 2370 ²5
204 2305 340 2358 οὗτοι
368 2307 423 2358 ἐν
451 2309 585 2358 τοῖσι
614 2304 820 2356 ἄλλοισι
852 2307 1012 2356 θεοῖσι
1043 2302 1422 2372 ἀποδεδέχαται.
1508 2303 1587 2355 καὶ
1617 2306 1708 2370 μὲν
1739 2304 1786 2355 εἴ
1811 2324 1870 2370 γε
1904 2325 1929 2368 3

204 2390 318 2457 παρ’
356 2388 622 2455 Ἑλλήνων
664 2389 855 2455 ἔλαβον
899 2387 1086 2454 οὔνομά
1129 2410 1214 2440 τευ
1258 2390 1504 2453 δαίμονος,
1551 2388 1738 2440 τούτων
1783 2387 1870 2438 οὐκ

203 2474 384 2538 ἥκιστα
413 2476 546 2527 ἀλλὰ
575 2474 798 2540 μάλιστα
828 2472 1045 2538 ἔμελλον
1073 2471 1271 2538 μνήμην
1293 2471 1438 2537 ἕξειν,
1467 2474 1513 2524 εἴ
1532 2494 1625 2539 περ
1648 2473 1728 2524 καὶ
1757 2472 1869 2523 τότε

262 2624 279 2650 1
304 2615 492 2666 ἐπιδεῖξαι
508 2612 540 2651 Ρ
554 2612 593 2651 R
608 2611 638 2651 S
650 2611 688 2650 V
706 2625 715 2651 :
745 2610 977 2664 ἀποδέξεται
999 2610 1033 2649 C
1131 2612 1233 2663 τᾶν-γ.
1252 2613 1325 2651 τοῦ
1341 2618 1387 2650 Δ.
1410 2609 1442 2648 Ρ
1457 2610 1496 2648 R
1512 2609 1541 2648 S
1555 2610 1593 2648 V
1612 2642 1619 2647 .
1702 2621 1727 2659 5
1750 2610 1868 2662 σφίσι

204 2667 303 2706 olim
326 2666 474 2708 Stein:
507 2677 581 2720 σφι
604 2666 638 2705 L
858 2666 885 2704 6
916 2666 1092 2716 Ἀμμοῦν
1113 2665 1147 2704 Ρ
1163 2665 1202 2703 R
1218 2665 1248 2704 S
1264 2665 1302 2704 V
1519 2677 1547 2714 9
1575 2667 1705 2706 ταῦτα
1733 2664 1771 2702 R
1788 2664 1818 2702 S
1832 2663 1869 2701 V

210 2734 258 2761 10
300 2723 464 2775 ἄγαλμα
502 2723 608 2764 ἄλλο
650 2721 687 2759 R
708 2721 738 2761 S
753 2720 790 2758 V
913 2719 1158 2774 Ἡρακλέους
1196 2719 1237 2758 Α
1256 2719 1290 2758 Β
1307 2719 1340 2758 C
1549 2732 1591 2757 11
1639 2720 1677 2759 οἵ
1715 2731 1796 2758 om.
1834 2718 1868 2757 C

209 2789 259 2815 12
288 2776 436 2819 πάντες
459 2776 595 2817 RSV
719 2788 767 2826 14
795 2776 869 2817 τὸν
888 2785 970 2815 om.
996 2773 1133 2814 RSV
1223 2773 1304 2826 ὅτι]
1327 2776 1378 2816 ὡς
1402 2772 1586 2813 PRSV
1711 2786 1759 2822 15
1781 2772 1869 2814 δυό-

205 2834 302 2874 δεκα
332 2831 367 2871 Β
594 2832 644 2871 16
682 2832 762 2882 μὴν
795 2830 827 2869 L
860 2831 923 2879 (it.
958 2830 1028 2879 25)
1096 2874 1105 2882 ο
1267 2842 1313 2878 17
1354 2831 1427 2870 τοῦ
1457 2831 1543 2882 ‘Hp.
1577 2827 1679 2880 (del.
1711 2827 1868 2871 Cobet)

204 2889 296 2940 Azy.
332 2886 418 2927 PR
435 2886 516 2925 SV
757 2898 807 2936 19
846 2883 955 2926 οὗτοι
995 2883 1077 2925 del.
1116 2883 1314 2934 Kruegex·
1497 2885 1646 2933 οὔνομα
1686 2881 1773 2922 PR
1789 2881 1871 2921 SV

205 2952 254 2980 21
288 2939 332 2983 ἓν
354 2941 388 2981 L
499 2954 550 2991 24
581 2939 812 2994 Διοσκόρων
834 2940 915 2980 SV
934 2953 944 2979 ε
973 2939 1110 2990 ·κόρου
1128 2939 1193 2980 R:
1226 2937 1397 2989 οκούρων
1417 2936 1454 2976 Α
1472 2937 1505 2976 Β
1522 2937 1555 2977 C
1573 2937 1606 2977 P
1716 2938 1770 2976 26
1798 2938 1871 2977 οὐκ

206 3007 289 3037 om.
312 2995 351 3035 Λ
366 2995 401 3036 Β
416 2996 450 3036 C
615 3008 666 3044 27
697 2994 848 3048 (αὐτοὶ)
867 2994 966 3035 τότε
988 2993 1108 3033 Stein

260 3091 362 3120 ιωτ.
387 3092 415 3119 1.
1658 3078 1708 3117 10
