2098 3320
686 116 1063 169 ΙΣΤΟΡΙΩΝ
1127 123 1171 169 Δ
1540 103 1542 105 ’
1803 123 1888 171 1V.
1917 124 2006 184 158

15 247 33 302 ἶ·
97 245 289 315 ἄξουσι,
329 248 626 317 ἀνέγνωσαν
666 251 906 303 ἐκλιπεῖν.
995 249 1117 317 ἦγον
1154 249 1208 302 δέ
1249 267 1414 318 σφεας
1455 252 1680 303 ἐνθεῦτεν
1716 253 1762 303 οἱ
1796 272 1822 303 2

97 335 284 401 Λίβυες
314 332 693 399 ἀναστήσαντες
724 333 846 401 πρὸς
876 333 1110 401 ἑσπέρην,
1140 336 1217 387 καὶ
1247 339 1332 388 τὸν
1365 335 1640 387 κάλλιστον
1663 339 1763 387 τῶν

0 418 23 501 [J
96 419 273 489 χώρων
309 420 391 472 ἵνα
427 417 692 483 διεξιόντες
732 421 778 471 οἱ
807 416 1063 483 ’Έλληνες
1099 418 1165 484 μὴ
1202 421 1368 479 ἴδοιεν,
1410 418 1757 485 συμμετρησά-

0 510 13 572 ξ
94 523 236 570 μενοι
254 502 344 568 τὴν
363 504 495 570 ὥρην
512 505 599 567 τῆς
620 501 805 570 ἡμέρης
829 502 1003 556 νυκτὸς
1022 506 1262 570 παρῆγον.
1326 504 1435 555 ἔστι
1460 507 1512 556 δὲ
1530 509 1597 574 τῷ
1616 504 1762 573 χώρῳ

0 578 8 610 ¹
49 611 72 653 5
95 588 249 658 τούτῳ
273 587 457 653 οὔνομα
474 586 672 654 Ἴρασα.
744 587 1018 655 ἀγαγόντες
1042 586 1095 639 δέ
1119 594 1281 655 σφεας
1305 588 1386 640 ἐπὶ
1410 587 1589 654 κρήνην
1612 595 1759 654 λεγο-
1800 605 1825 648 3

0 658 4 690 ¹
95 670 250 739 μένην
287 672 414 725 εἶναι
443 671 770 726 Ἀπόλλωνος
813 671 972 724 εἶπαν·
1012 670 1223 739 ’Ἄνδρες
1244 671 1513 738 “Ελληνες,
1554 674 1765 724 ἐνθαῦτα

95 757 210 823 ὑμῖν
233 755 491 822 ἐπιτήδεον
511 755 706 809 οἰκέειν·
751 758 962 808 ἐνθαῦτα
985 758 1080 823 γὰρ
1100 757 1125 807 ὁ
1148 756 1353 823 οὐρανὸς
1374 756 1615 823 τέτρηται.
1684 757 1764 809 ἐπὶ
1802 771 1896 821 159

94 840 187 908 μέν
209 862 297 895 νυν
321 839 512 893 Βάττου
541 862 596 894 τε
625 845 712 893 τοῦ
742 839 973 893 οἰκιστέω
1004 844 1091 905 τῆς
1124 833 1251 906 ζόης,
1278 840 1517 908 ἄρξαντος
1542 842 1623 893 ἐπὶ
1646 833 1759 892 τεσ-

96 925 372 994 σεράκοντα
403 926 531 986 ἔτεα,
565 926 644 978 καὶ
674 930 761 977 τοῦ
790 925 963 979 παιδὸς
994 925 1141 977 αὐτοῦ
1171 924 1494 992 Ἀρκεσίλεω,
1528 924 1765 992 ἄρξαντος

0 694 11 707 f.

4 1028 74 1063 ἰο
95 1012 355 1064 ἑκκαίδεκα
393 1010 521 1071 ἔτεα,
565 1012 727 1081 οἴκεον
768 1013 814 1063 οἱ
858 1007 1126 1077 Κυρηνάῖοι
1168 1010 1608 1064 ἐόντες-τοσοῦτοι
1651 1011 1766 1061 ὅσοι

0 1130 24 1166 j
97 1094 257 1164 ἀρχὴν
281 1097 332 1150 ἐς
354 1095 445 1161 τὴν
469 1096 700 1160 ἀποικίην
725 1093 1034 1160 ἐστάλησαν·
1082 1095 1162 1147 ἐπὶ
1186 1097 1239 1146 δὲ
1264 1099 1350 1146 τοῦ
1371 1096 1549 1161 τρίτου,
1577 1093 1766 1146 Βάττου
1802 1114 1828 1145 2

74 1185 182 1232 χτοῦ
218 1180 503 1246 εὐδαίμονος
542 1179 861 1246 καλεομένου,
885 1178 1147 1244 (Έλληνας
1184 1178 1373 1233 πάντας
1408 1180 1607 1246 ὥρμησε
1642 1177 1762 1246 χρή-

96 1286 237 1317 σασα
270 1265 300 1331 ἡ
340 1266 502 1330 Πυθίη
540 1263 715 1318 πλέειν
752 1262 1146 1328 συνοικήσοντας
1187 1265 1514 1330 Κυρηναίοισι
1550 1263 1764 1327 Λιβύην·

97 1348 429 1402 ἐπεκαλέοντο
459 1351 556 1417 γὰρ
585 1351 632 1402 οἱ
662 1353 932 1416 Κυρηναῖοι
968 1349 1049 1401 ἐπὶ
1080 1351 1171 1416 γῆς
1203 1349 1489 1419 ἀναδασμῷ.
1580 1348 1766 1415 ἔχρησε
1807 1367 1830 1410 3

27 1454 74 1496 ¹5
97 1435 149 1486 δὲ
180 1435 276 1487 ὧδε
305 1434 505 1503 ἔχοντα·

0 1554 44 1612 ᾖ..
224 1538 278 1598 ὃς
307 1539 362 1593 δέ
394 1562 478 1593 κεν
508 1541 560 1595 ἐς
589 1540 788 1606 Λιβύην
819 1537 1134 1608 πολυ-ήρατον
1162 1541 1372 1613 ijo-[spon
1403 1539 1526 1611 ἔλθῃ
1608 1539 1693 1593 Ge
1712 1536 1822 1584 Oen

226 1618 1118 1699 yagcdaabaaofle'vaff‘ffimd
1149 1631 1278 1692 φαμι
1308 1623 1564 1690 μελήσειν.

101 1730 473 1801 συλλεχθέντος
504 1734 556 1784 δὲ
588 1732 764 1798 ὁμίλου
795 1735 989 1784 πολλοῦ
1019 1732 1069 1785 ἐς
1099 1730 1190 1796 τὴν
1218 1729 1444 1799 Κυρήνην
1475 1732 1766 1797 περιταμνό-
1808 1748 1834 1790 4

49 1882 55 1891 ¹
99 1837 241 1883 μενοι
270 1819 365 1884 γῆν
387 1815 587 1882 πολλὴν
612 1818 658 1869 οἱ
683 1814 924 1883 ἰἷερίοικοι
947 1817 1135 1881 Λίβυες
1169 1817 1247 1867 καὶ
1278 1817 1304 1866 ὁ
1334 1815 1581 1881 βασιλεὺς
1612 1814 1771 1866 αὐτῶν

29 1907 79 1952 20
100 1907 167 1972 τῷ
199 1901 385 1967 οὕνομα
415 1899 476 1966 ἣν
500 1900 750 1974 Ἀδικράν,
777 1902 858 1953 οἳα
887 1904 974 1965 τῆς
1004 1921 1057 1952 τε
1088 1900 1252 1968 χώρης
1286 1900 1662 1967 στερισκόμενοι
1694 1899 1771 1950 καὶ

22 1990 29 1998 ’
101 1985 531 2053 περιυβριζόμενοι
553 1986 651 2038 ὑπὸ
673 1990 772 2037 τῶν
794 1986 1101 2053 Κυρηναίων,
1127 1983 1419 2052 πέμψαντες
1443 1986 1493 2038 ἐς
1520 1985 1772 2051 Αἴγυπτον
1799 2025 1802 2028 .

101 2070 285 2123 ἔδοσαν
322 2069 487 2138 σφέας
523 2071 698 2124 αὐτοὺς
729 2070 909 2142 Ἀπρίῃ
947 2074 1014 2140 τῷ
1055 2069 1308 2137 Αἰγύπτου
1344 2067 1569 2134 βασιλέϊ.
1658 2069 1684 2118 ὁ
1721 2070 1773 2120 δὲ
1815 2087 1835 2131 5

102 2153 353 2220 συλλέξας
384 2154 599 2222 στρατὸν
623 2155 908 2223 Αἰγυπτίων
939 2154 1133 2206 πολλὸν
1164 2153 1363 2221 ἔπεμψε
1394 2154 1475 2206 ἐπὶ
1498 2152 1586 2217 τὴν
1610 2150 1771 2219 Κυρή·

103 2260 207 2304 νην.
296 2241 342 2292 οἱ
383 2242 436 2292 δὲ
472 2243 743 2307 Κυρηναῖοι
784 2237 1265 2306 ἐκστρατευσάμενοι
1306 2239 1356 2291 ἐς
1389 2236 1570 2305 Ἴρασα
1609 2242 1774 2305 χῶρον

32 2344 78 2384 25
105 2324 183 2376 καὶ
213 2323 296 2376 ἐπὶ
326 2322 508 2391 κρήνην
533 2323 740 2389 Θέστην
772 2322 1062 2389 συνέβαλόν
1094 2344 1147 2375 τε
1178 2327 1313 2374 τοῖσι
1346 2322 1663 2389 Αἰγυπτίοισι
1695 2322 1775 2372 καὶ

104 2399 430 2481 ἐνίκησαντῇ
461 2414 715 2482 συμβολῇ.
804 2407 892 2460 ἅτε
922 2410 1019 2475 γὰρ
1051 2407 1107 2459 οὐ
1145 2406 1497 2474 πεπειρημένοι
1535 2406 1774 2472 πρότερον
1813 2417 1840 2459 6

104 2488 186 2557 [οἱ]
231 2492 494 2560 Αἰγύπτιοι
538 2491 803 2558 Ἑλλήνων
850 2493 928 2544 καὶ
974 2491 1384 2562 παραχρεώμενοι
1428 2488 1774 2557 διεφθάρησαν
1792 2480 2044 2569 διῴῖὦῢθ

104 2577 230 2629 οὕτω
270 2577 403 2629 ὥστε
444 2577 609 2646 ὀλίγοι
648 2580 779 2631 τινὲς
821 2577 981 2629 αὐτῶν
1019 2576 1377 2640 ἀπενόστησαν
1412 2576 1462 2627 ἐς
1500 2575 1767 2640 Αἴγυπτον.

164 2727 180 2754 Ι
213 2715 375 2768 ἥξουσιν
396 2715 434 2755 R
451 2715 532 2755 SV
654 2715 858 2757 ἐκλείπειν
882 2715 920 2753 R
938 2716 966 2754 S
981 2714 1017 2752 V
1195 2726 1220 2751 2
1251 2711 1499 2754 ἀναστάντες
1519 2710 1570 2751 C1
1692 2716 1774 2754 τῶν

105 2782 187 2809 om.
220 2770 261 2810 R
437 2782 462 2820 5
495 2770 630 2825 Ἰρασά
661 2770 701 2810 R
714 2770 753 2809 V
933 2782 953 2818 7
996 2768 1106 2821 ὑμῖν]
1136 2767 1211 2820 μὲν
1240 2768 1280 2807 Α
1295 2768 1329 2806 Β
1345 2768 1379 2806 C
1545 2770 1571 2806 8
1610 2767 1774 2809 Βάττεω

109 2824 141 2863 Ρ
155 2824 218 2865 R:
249 2823 387 2866 Βάτεω
407 2825 446 2864 V
574 2843 622 2868 τε
642 2839 726 2865 om.
754 2825 786 2864 P
802 2825 840 2864 R
857 2824 886 2863 S
899 2823 936 2861 V
1065 2822 1164 2874 ζώης
1186 2824 1219 2863 C
1236 2824 1265 2862 S
1279 2823 1318 2861 V
1443 2837 1610 2876 τεσσαρ.
1633 2824 1666 2861 C
1684 2823 1721 2861 R
1735 2822 1775 2860 V

110 2891 157 2918 12
176 2883 250 2921 τοῦ
261 2892 342 2920 orn.
360 2880 394 2918 C
497 2879 768 2931 καλεουμένου
783 2881 823 2918 R
931 2892 983 2917 20
1004 2878 1278 2931 Ἀδδικρανοία
1294 2877 1328 2914 R
1343 2876 1419 2916 SV
1523 2890 1576 2926 23
1598 2877 1775 2927 ἔπεμπεν

110 2933 142 2972 Ρ
157 2934 194 2972 R
211 2935 242 2974 S
254 2934 292 2974 V
440 2949 492 2984 24
524 2934 1016 2989 ἐκστρατοπεδευσᾶμενοι
1041 2932 1079 2970 R
1096 2934 1126 2971 S
1138 2932 1177 2970 V
1200 2932 1370 2984 (-πσιιδ·)
1476 2931 1636 2984 Ἤρασα
1657 2932 1694 2970 Α
1711 2932 1746 2970 Β
1767 2945 1775 2969 :

106 2991 203 3042 ἣρας
223 2989 257 3028 C
277 3004 286 3028 ε
317 2987 454 3044 ’Ῑρασὰ
476 2990 515 3029 R
529 2990 568 3029 V
772 3001 823 3039 25
854 2988 1004 3029 Θέστιν
1027 2986 1060 3025 Ρ
1075 2986 1113 3024 R
1130 2987 1209 3026 SV
1257 2987 1261 2991 ⁴
1404 2987 1458 3025 26
1486 2988 1719 3039 πειρώμενοι
1740 2987 1774 3026 C

107 3056 159 3094 27
191 3045 228 3085 οἱ
248 3057 331 3085 om.
356 3045 389 3083 P
404 3045 440 3083 R
459 3045 490 3084 S
503 3045 540 3083 V
