2098 3320
222 1397 320 1445 109

0 1535 339 1632 ΐῒῶῗψ

982 67 1411 116 ΗΡΟΔΟΤΟΎ·

1787 139 1805 149 x

363 200 577 271 Σκυθικῇ
623 200 812 264 ὁμοίην,
859 203 1105 266 γλῶσσαν
1150 201 1203 251 δὲ
1249 200 1376 264 ἰδίην
1415 195 1654 268 (ἔχουσι),
1697 200 2028 268 ἀνθρωποφα-

362 283 540 350 γέουσι
585 286 638 335 δὲ
682 288 852 348 μοῦνοι
897 284 1096 335 τούτων.
1192 273 1577 352 Μελάγχλαινοι
1621 286 1675 335 δὲ
1717 284 1894 349 εἵματα
1934 287 2027 350 μὲν

361 367 555 432 μέλανα
585 367 824 434 φορέουσι
855 366 1050 425 πάντες,
1085 367 1161 419 ἐπ’
1192 368 1261 419 ὧν
1292 369 1370 419 καὶ
1399 370 1487 422 τὰς
1518 368 1796 433 ἐπωνυμίας
1831 367 2024 436 ἔχουσι,

361 453 564 517 νόμοισι
604 454 657 504 δὲ
696 455 983 503 Σκυθικοῖσι
1028 450 1288 520 χρέωνται.
1378 455 1605 504 Βουδῖνοι
1645 450 1715 511 δέ,
1757 451 1900 506 ἔθνος
1944 451 2028 506 ἐὸν

359 535 491 602 μέγα
522 537 603 588 καὶ
633 529 843 593 πολλόν,
870 536 1089 602 γλαυκόν
1113 558 1167 587 τε
1198 539 1297 588 πᾶν
1328 538 1544 604 ἰσχυρῶς
1573 537 1685 588 ἐστι
1714 537 1795 588 καὶ
1823 537 2024 604 πυρρόν.

362 621 509 673 πόλις
546 622 601 672 δὲ
637 621 690 671 ἐν
720 619 918 671 αὐτοῖσι
948 620 1251 672 πεπόλισται
1287 618 1478 686 ξυλίνη,
1512 621 1697 686 οὔνομα
1732 623 1786 673 δὲ
1816 621 1875 693 τῇ
1905 621 2026 674 πόλι

363 704 473 756 ἐστὶ
500 705 744 757 Γελωνός·
788 709 875 756 τοῦ
904 707 958 756 δὲ
987 705 1178 773 τείχεος
1207 703 1424 771 μέγαθος
1456 710 1616 757 κῶλον
1647 706 1860 758 ἕκαστον
1888 705 2023 772 τριή-

363 810 511 840 κοντα
548 790 768 840 σταδίων
804 790 929 847 ἐστί,
966 788 1169 855 ὑψηλὸν
1205 792 1259 841 δὲ
1303 789 1381 840 καὶ
1421 792 1519 842 πᾶν
1559 786 1775 852 ξύλινον,
1815 789 1894 842 καὶ
1927 786 2024 856 (ai)

362 873 512 925 οἰκίαι
542 874 704 925 αὐτῶν
728 870 924 936 ξύλιναι
956 873 1035 925 καὶ
1057 875 1119 924 τὰ
1150 872 1242 940 ἱρά.
1312 873 1422 925 ἔστι
1445 875 1539 940 γὰρ
1565 873 1622 937 δὴ
1647 873 1815 925 αὐτόθι
1837 872 2023 940 Ἑλλη-

360 962 510 1009 νικῶν
534 961 659 1010 θεῶν
685 959 766 1024 ἱρὰ
787 957 1097 1022 Ἑλληνικῶς
1130 956 1562 1023 κατεσκευασμένα
1586 957 1850 1025 ἀγάλμασί
1868 948 1923 1010 τε
1947 958 2029 1015 καὶ

359 1046 584 1107 βωμοῖσι
624 1043 702 1094 καὶ
739 1047 907 1107 νηοῖσι
946 1039 1210 1105 ξυλίνοισι,
1245 1042 1323 1094 καὶ
1359 1048 1426 1112 τῷ
1462 1043 1691 1112 Διονύσῳ
1722 1043 2035 1117 τριετηρίδαςΙ

360 1126 605 1193 ἀνάγουσι
637 1127 716 1179 καὶ
747 1127 1073 1195 βακχεύουσι.
1150 1127 1249 1179 εἰσὶ
1280 1128 1374 1194 γὰρ
1405 1129 1450 1178 οἱ
1483 1128 1702 1179 Γελωνοὶ
1731 1130 1788 1178 τὸ
1817 1127 2026 1195 ἀρχαῖον

351 1208 622 1279 “Ελληνες,
650 1212 704 1263 ἐκ
727 1216 827 1263 τῶν
850 1214 904 1263 δὲ
928 1212 1175 1278 ἐμπορίων
1200 1210 1560 1277 ἐξαναστάντες
1583 1212 1793 1276 οἴκησαν
1816 1211 1870 1262 ἐν
1891 1215 2026 1265 τοῖσι

360 1297 661 1348 Βουδίνοισι·
709 1295 789 1347 καὶ
824 1296 1039 1368 γλώσσῃ
1077 1298 1137 1348 τὰ
1171 1298 1263 1361 μὲν
1299 1296 1527 1366 Σκυθικῇ,
1567 1297 1629 1348 τὰ
1664 1298 1718 1348 δὲ
1752 1293 2024 1367 Ἑλληνικῇ

358 1379 618 1447 χρέωνται.
709 1384 938 1432 Βουδῖνοι
973 1382 1027 1432 δὲ
1068 1382 1124 1432 οὐ
1160 1381 1218 1452 τῇ
1254 1379 1374 1452 αὐτῇ
1411 1380 1628 1451 γλώσσῃ
1661 1378 1905 1448 χρέωνται
1946 1380 2026 1432 καὶ

361 1466 595 1523 Γελωνοί,
634 1464 747 1517 οὐδὲ
787 1466 949 1516 δίαιτα
987 1466 1017 1529 ἡ
1056 1463 1195 1529 αὐτή·
1241 1466 1286 1516 οἱ
1326 1467 1416 1530 μὲν
1455 1466 1552 1531 γὰρ
1594 1467 1820 1516 Βουδῖνοι
1861 1464 2026 1518 ἐόντες

359 1549 661 1618 αὐτόχθονες
691 1548 900 1617 νομάδες
930 1547 985 1601 τέ
1016 1551 1117 1601 εἰσι
1148 1549 1227 1600 καὶ
1251 1548 1697 1623 φθειριζιᾙαγέουσι
1724 1552 1897 1614 μοῦνοι
1919 1553 2026 1601 τῶν

359 1633 529 1705 ταύτῃ,
555 1634 775 1685 Γελωνοὶ
806 1636 860 1686 δε
883 1655 974 1700 γης
1003 1655 1059 1686 τε
1088 1632 1291 1701 ἐργάται
1323 1632 1402 1684 καὶ
1427 1632 1701 1700 σιτοφάγοι
1730 1631 1812 1684 καὶ
1843 1631 2025 1697 κήπους

360 1716 634 1783 ἐκτημένοι,
684 1717 825 1769 οὐδὲν
869 1717 957 1781 τὴν
1003 1717 1137 1782 ἰδέην
1181 1719 1342 1782 ὅμοιοι
1388 1716 1502 1769 οὐδὲ
1544 1716 1602 1768 τὸ
1649 1722 1841 1785 χρῶμα.
1927 1717 2025 1770 ὑπὸ

358 1801 528 1867 μέντοι
559 1800 833 1866 “Ελλήνων
874 1801 1137 1855 καλέονται
1183 1802 1262 1854 καὶ
1301 1804 1348 1854 οἱ
1394 1805 1621 1854 Βουδῖνοι
1659 1802 1894 1872 Γελωνοί,
1937 1801 2024 1853 οὐκ

358 1888 516 1953 ὀρθῶς
561 1887 870 1952 καλεόμενοι.
957 1886 987 1951 ἡ
1033 1890 1086 1939 δὲ
1128 1887 1264 1954 χώρη
1314 1885 1488 1952 σφέων
1529 1885 1669 1938 πᾶσά
1714 1887 1823 1937 ἐστι
1867 1885 2024 1938 δασέα

358 1972 495 2042 ἴδῃσι
518 1973 802 2042 παντοίῃσι·
849 1973 902 2022 ἐν
926 1973 978 2022 δὲ
1001 1978 1061 2043 τῇ
1084 1973 1165 2042 ἴδῃ
1187 1972 1246 2043 τῇ
1268 1972 1484 2042 πλείστῃ
1510 1970 1621 2022 ἐστὶ
1643 1972 1793 2035 λίμνη
1825 1963 2022 2037 μεγάλη

358 2077 412 2107 τε
437 2055 515 2106 καὶ
539 2055 706 2119 πολλῆ
733 2056 810 2107 καὶ
842 2055 956 2109 ἕλος
980 2056 1059 2107 καὶ
1092 2054 1311 2120 κάλαμος
1339 2055 1451 2121 περὶ
1482 2053 1648 2119 αὐτήν.
1717 2056 1771 2106 ἐν
1795 2057 1847 2106 δὲ
1870 2053 2023 2125 ταύτῃ

2050 561 2073 602 5

2055 979 2098 1008 10

2052 1398 2098 1439 15

2050 1823 2098 1853 20

357 2139 575 2208 ἐνύδριες
598 2140 892 2191 ἁλίσκονται
919 2140 997 2191 καὶ
1023 2138 1263 2207 κάστορες
1289 2138 1367 2190 καὶ
1391 2138 1525 2190 ἄλλα
1549 2140 1693 2205 θηρία
1715 2159 2020 2205 τετραγωνο·
2043 2145 2098 2188 bt

358 2223 622 2289 πρόσωπα,
645 2229 743 2275 τῶν
762 2226 822 2275 τὰ
846 2223 1060 2292 δέρματα
1084 2226 1216 2290 παρὰ
1234 2225 1323 2277 τὰς
1347 2224 1587 2290 σισύρνας
1606 2221 2020 2290 παραρράπτεται,

416 2375 433 2401 1
468 2362 611 2414 ἔχουσι
638 2362 732 2402 add
759 2363 920 2402 Reiske
1042 2365 1265 2417 ἆνθρωποφ.
1291 2363 1369 2411 <sic
1392 2363 1530 2403 RSV
1548 2361 1740 2402 Eustath.
1765 2361 1889 2401 Dion.
1912 2373 2019 2413 309:

358 2419 521 2471 ἂνδροφ.
560 2417 671 2466 rell.)
713 2416 756 2458 δὲ
799 2422 937 2467 μοῦνοι
981 2418 1138 2460 τούτων
1177 2425 1274 2468 post
1314 2420 1455 2470 ἔχουσι
1496 2417 1561 2468 (3)
1603 2418 1650 2463 L,
1692 2423 1851 2467 transp.
1892 2417 2021 2456 Wes-

357 2472 497 2521 Seling
607 2485 631 2510 2
661 2471 734 2522 μὲν
749 2481 836 2523 φορ.
856 2472 1013 2523 μέλανα
1027 2473 1081 2512 S:
1108 2472 1184 2523 μὲν
1197 2481 1285 2527 φορ.
1303 2472 1460 2524 μέλανα
1473 2472 1548 2523 μὲν
1570 2472 1610 2510 R
1623 2472 1662 2510 V
1770 2484 1795 2521 3
1817 2471 1964 2514 πάντες
1983 2473 2022 2511 R

357 2540 528 2578 quoque
641 2527 708 2567 ἀπ’
732 2527 765 2565 Ρ
779 2527 818 2564 R
836 2527 915 2566 SV
1045 2541 1070 2577 4
1100 2528 1149 2569 δέ
1165 2540 1248 2567 om.
1276 2529 1366 2567 RV
1487 2539 1511 2576 5
1541 2526 1665 2580 πυρόν
1685 2526 1720 2565 C
1848 2526 2021 2568 6πόλει

359 2583 392 2621 C
408 2583 448 2620 R
463 2582 499 2620 V
633 2597 635 2599 ·
718 2584 745 2620 8
773 2582 874 2623 πάνυ
899 2582 937 2621 R
954 2581 984 2622 S
999 2582 1035 2620 V
1192 2585 1232 2623 αἱ
1251 2583 1346 2622 add.
1373 2582 1533 2622 Reiske
1746 2594 1793 2631 13
1823 2580 1866 2622 δὲ
1886 2586 1966 2622 τῶν
1987 2582 2020 2620 Ρ

358 2636 708 2690 ἐξαναστήσαντες
737 2637 777 2675 Α
793 2637 825 2675 Β
840 2637 873 2676 C
1098 2649 1144 2686 15
1175 2641 1354 2678 Βουδῖνοι
1372 2667 1381 2676 .
1403 2668 1412 2676 .
1432 2668 1441 2677 .
1461 2640 1660 2690 χρεωνται
1679 2649 1762 2676 om.
1786 2637 1848 2675 V:
1877 2643 1922 2677 B.
1943 2665 1953 2675 .
1973 2666 1982 2675 .
2007 2667 2015 2676 .

358 2692 533 2733 Γελωνοί
560 2705 640 2731 orn.
677 2692 706 2729 S
931 2694 981 2731 16
1011 2692 1105 2735 ἀλλ’
1127 2692 1218 2733 οὐδὲ
1248 2693 1381 2733 δίαιτα
1407 2693 1432 2741 ἦ
1461 2691 1562 2740 αὐτή
1592 2695 1680 2732 ἐστι
1711 2694 1926 2732 Γελωνοῖσί
1953 2694 2015 2732 καὶ

357 2747 577 2788 Βουδίνοισι
601 2747 631 2785 S
830 2761 879 2797 19
908 2749 986 2797 τὴν
1006 2761 1093 2787 om.
1113 2747 1201 2785 AB
1217 2747 1251 2786 C
1452 2759 1501 2785 21
1536 2747 1677 2795 δασείη
1700 2746 1738 2784 R
1754 2745 1862 2784 SV·:
1891 2745 2017 2793 δασέη

355 2801 447 2840 rell.
599 2815 653 2840 22
681 2805 790 2856 ἴδῃσι
810 2803 1062 2860 παντοίοισιν
1083 2804 1145 2842 C:
1173 2806 1239 2851 ἴδη
1259 2801 1305 2843 δὲ
1325 2802 1496 2850 παντοίη
1519 2801 1558 2840 R
1572 2801 1602 2839 S
1620 2801 1656 2839 V
1820 2811 1872 2848 23
1903 2803 1949 2840 ἐκ
1971 2800 2016 2840 δὲ

2048 2242 2096 2283 25

355 2857 507 2905 ταύτης
530 2857 569 2894 R
584 2857 612 2895 S
628 2857 665 2894 V
802 2871 854 2906 24
886 2858 991 2910 ἐνίδρ
995 2875 1057 2899 υες
1079 2858 1112 2896 C
1129 2857 1213 2895 PR
1228 2857 1258 2895 S
1272 2858 1311 2896 V
1439 2856 1679 2898 ἃλίσκοντες
1701 2855 1740 2893 R
1879 2866 1931 2903 25
1961 2853 2016 2895 ων
2059 2904 2070 2911 ⁸

359 2911 398 2948 R
415 2911 495 2983 S'V
510 2925 518 2949 ε
534 2925 627 3005 gni)
647 2911 681 2950 C
793 2913 879 2965 περὶ
896 2911 1032 2951 Aldus
1144 2912 1333 2964 σισύρνας
1350 2912 1389 2950 Α
1405 2911 1438 2949 Β
1458 2912 1493 2949 R
1508 2908 1875 2962 V⁰(2):o·to·15ppa5
1892 2909 1922 2947 S
1935 2907 2013 2949 V¹:

357 2982 522 3020 σισυρας

1304 3079 1349 3090 ῤ-
