2098 3320
55 98 115 146 ΙΙ.
140 109 192 159 17

141 829 197 876 18

102 2013 199 2062 .19

850 99 900 146 H
918 99 1003 147 ΡΟ
1017 99 1281 148 ΔΟΤΟΎ
1334 143 1337 145 ,

237 230 410 283 Δέλτα
462 231 512 282 ἐς
566 229 834 283 θάλασσαν
886 228 1023 294 ἐξίει,
1079 231 1189 283 οὔτε
1241 232 1519 299 ἐλαχίστην
1576 235 1757 298 μοῖραν
1812 227 1898 287 τοῦ

235 315 410 367 ὕδατος
470 314 808 382 παρεχόμενος
866 315 1017 386 ταύτῃ
1077 316 1189 367 οὔτε
1248 315 1431 380 ἥκιστα
1489 314 1804 380 ὀνομαστήν,
1840 315 1897 374 τὸ

236 398 468 451 καλέεται
497 396 858 464 Σεβεννυτικὸν
896 400 1073 463 στόμα.
1162 400 1274 451 ἔστι
1311 402 1364 452 δὲ
1401 399 1478 451 καὶ
1510 399 1653 466 ἕτερα
1683 398 1898 466 διφάσια

238 484 464 548 στόματα
503 482 601 535 ἀπὸ
635 486 722 534 τοῦ
762 486 1124 549 Σεβεννυτικοῦ
1164 483 1546 553 ἀποσχισθέντα
1586 482 1805 551 φέροντα
1847 484 1898 538 ἐς

238 568 523 627 θάλασσαν,
566 571 704 619 τοῖσι
749 567 999 632 οὐνόματα
1044 572 1199 625 κεῖται
1242 566 1375 627 τάδε,
1421 573 1489 637 τῷ
1532 570 1625 633 μὲν
1669 567 1897 620 Σαϊτικὸν
1920 591 1943 632 5

237 651 413 711 αὐτῶν,
455 655 523 720 τῷ
569 653 622 703 δὲ
667 649 974 716 Μενδήσιον.
1062 655 1119 703 τὸ
1163 654 1217 704 δὲ
1261 644 1566 717 Βολβίτινον
1609 653 1773 717 στόμα
1817 652 1898 704 καὶ

236 735 293 787 τὸ
343 738 646 787 Βουκολικὸν
692 735 779 789 οὐκ
827 735 1060 802 ἰθαγενέα
1106 730 1332 801 στόματά
1380 738 1491 788 ἐστι
1539 735 1654 795 ἀλλ’
1701 735 1896 803 ὀρυκτά.

235 817 496 886 μαρτυρέει
542 818 596 871 δέ
638 841 723 885 μοι
766 827 826 892 τῇ
870 820 1059 892 γνώμῃ,
1106 821 1183 872 ὅτι
1225 821 1446 885 τοσαύτη
1492 820 1603 878 ἐστὶ
1641 821 1898 887 ,Αἴγυπτος

238 905 365 968 ὅσην
396 905 506 955 τινὰ
537 904 634 970 ἐγὼ
667 904 986 969 ἀποδείκνυμι
1010 909 1076 974 τῷ
1108 905 1261 974 λόγῳ,
1288 905 1367 956 καὶ
1396 903 1454 956 τὸ
1476 903 1743 970 Ἄμμωνος
1772 926 1894 972 χρη-

240 986 446 1054 στήριον
486 988 773 1055 γενόμενον,
813 987 870 1040 τὸ
907 989 1005 1055 ἐγὼ
1044 991 1131 1053 τῆς
1171 990 1416 1054 ἐμεωυτοῦ
1452 988 1652 1055 γνώμης
1684 988 1896 1055 ὕστερον
1924 1011 1974 1038 ιο

238 1073 350 1139 περὶ
384 1073 632 1139 Αἴγυπτον
662 1073 929 1138 ἐπυθόμην.
1019 1075 1066 1126 οἱ
1095 1073 1191 1140 γὰρ
1222 1072 1279 1137 δὴ
1319 1075 1371 1124 ἐκ
1403 1072 1609 1140 Μαρέης
1638 1064 1694 1124 τε
1721 1073 1897 1126 πόλιος

241 1156 321 1208 καὶ
354 1155 535 1210 ’Άπιος
575 1155 821 1210 οἰκέοντες
861 1157 1114 1223 Αἰγύπτου
1151 1159 1212 1208 τὰ
1250 1158 1506 1224 πρόσουρα
1541 1157 1724 1229 Λιβύῃ,
1757 1157 1901 1209 αὐτοί

239 1262 293 1292 τε
323 1239 577 1294 δοκέοντες
609 1241 733 1292 εῖναι
764 1242 954 1306 Λίβυες
985 1241 1064 1292 καὶ
1104 1240 1190 1292 οὐκ
1224 1242 1487 1308 Αἰγύπτιοι
1516 1242 1595 1293 καὶ
1625 1241 1898 1308 ἀχθόμενοι

237 1326 297 1396 τῇ
345 1324 458 1391 περὶ
504 1326 566 1376 τὰ
618 1326 698 1391 ἱρὰ
745 1325 999 1397 θρησκείῃ,
1048 1326 1352 1390 βουλόμενοι
1399 1324 1593 1390 θηλέων
1644 1325 1784 1390 βοῶν
1827 1324 1896 1390 μὴ

239 1409 506 1476 ἔργεσθαι,
539 1408 774 1476 ἔπεμψαν
823 1411 873 1463 ἐς
909 1408 1153 1474 ’Ἄμμωνα
1198 1408 1414 1477 φάμενοι
1458 1409 1599 1461 οὐδὲν
1644 1409 1800 1476 σφίσι
1842 1429 1897 1460 τε
1923 1429 1970 1478 ¹.5

238 1494 318 1557 καὶ
350 1494 670 1560 Αἰγυπτίοισι
695 1496 862 1545 κοινὸν
893 1493 1034 1545 εἶναι·
1081 1492 1260 1545 οἰκέειν
1288 1515 1343 1546 τε
1365 1495 1460 1560 γὰρ
1485 1492 1578 1557 ἔξω
1609 1497 1695 1544 τοῦ
1725 1491 1896 1544 Δέλτα

241 1577 319 1629 καὶ
352 1577 494 1629 οὐδὲν
524 1576 817 1645 ὁμολογέειν
857 1577 1067 1636 αὐτοῖσι,
1101 1577 1385 1642 βούλεσθαί
1416 1598 1471 1628 τε
1506 1576 1706 1630 πάντων
1743 1578 1896 1644 σφίσι

241 1660 422 1725 ἐξεῖναι
452 1661 703 1728 γεύεσθαι.
793 1662 819 1711 ὁ
855 1664 908 1713 δὲ
944 1662 1056 1714 θεός
1093 1668 1257 1728 σφεας
1293 1662 1380 1713 οὐκ
1416 1662 1473 1713 ἔα
1512 1659 1696 1713 ποιέειν
1724 1664 1893 1720 ταῦτα,

241 1748 341 1812 φὰς
394 1747 647 1812 Αἴγυπτον
694 1745 821 1797 εἰναι
865 1745 1047 1809 ταύτην
1097 1744 1190 1809 τὴν
1233 1747 1259 1796 ὁ
1306 1749 1493 1799 Νεῖλος
1539 1745 1691 1797 ἐπιὼν
1741 1743 1893 1811 ἄρδει,

242 1829 320 1880 καὶ
352 1830 650 1896 Αἰγυπτίους
681 1829 806 1881 εἶναι
835 1829 1036 1883 τούτους
1060 1829 1105 1881 οἲ
1136 1829 1305 1896 ἔνερθε
1326 1829 1694 1896 Ἐλεφαντίνης
1721 1829 1896 1882 πόλιος
1922 1849 1973 1878 20

240 1912 485 1967 οἰκέοντες
537 1913 636 1966 ἀπὸ
686 1918 774 1964 τοῦ
824 1917 1046 1979 ποταμοῦ
1091 1913 1266 1965 τούτου
1317 1914 1533 1966 πίνουσι.
1621 1913 1746 1966 οὕτω
1799 1918 1897 1980 σφι

239 2002 390 2048 ταῦτα
435 1995 673 2064 ἐχρήσθη.
763 1996 1026 2065 ἐπέρχεται
1069 2000 1122 2048 δὲ
1167 1999 1193 2047 ὁ
1238 2001 1439 2055 Νεῖλος,
1487 1999 1639 2048 ἐπεὰν
1681 1996 1894 2068 πληθύῃ,

242 2081 298 2132 οὐ
327 2086 510 2146 μοῦνον
551 2086 607 2133 τὸ
650 2080 822 2133 Δέλτα
857 2082 992 2133 ἀλλὰ
1033 2082 1111 2132 καὶ
1146 2086 1234 2132 τοῦ
1269 2085 1491 2146 Λιβυκοῦ
1530 2103 1583 2132 τε
1623 2079 1898 2147 λεγομένου

240 2166 425 2232 χωρίου
456 2165 581 2217 εἶναι
613 2165 692 2216 καὶ
722 2170 810 2217 τοῦ
840 2165 1084 2233 Ἀραβίου
1115 2167 1289 2236 ἐνιαχῇ
1321 2166 1401 2217 καὶ
1441 2166 1523 2217 ἐπὶ
1559 2164 1647 2216 δύο
1676 2163 1905 2229 ἡμερέων,

193 2290 195 2292 -
242 2248 508 2315 ἑκατέρωθι
548 2250 678 2308 ὁδόν,
713 2250 792 2301 καὶ
836 2253 992 2301 πλεῦν
1037 2250 1110 2301 ἔτι
1148 2249 1324 2300 τούτου
1366 2249 1444 2300 καὶ
1485 2249 1725 2300 ἔλασσον.
1813 2251 1898 2299 τοῦ
1922 2268 1969 2309 25

241 2337 464 2398 ποταμοῦ
510 2335 563 2384 δὲ
608 2334 790 2400 φύσιος
836 2332 949 2399 πέρι
995 2332 1107 2385 οὔτε
1154 2354 1200 2383 τι
1246 2338 1344 2384 τῶν
1395 2332 1539 2399 ἱρέων
1583 2333 1695 2384 οὔτε
1740 2330 1897 2383 ἄλλου

241 2416 439 2469 οὐδενὸς
468 2421 785 2483 παραλαβεῖν
816 2415 1108 2481 ἐδυνάσθην.
1183 2417 1431 2482 πρόθυμος
1465 2419 1517 2468 δὲ
1549 2417 1606 2468 ἔα
1635 2415 1752 2467 τάδε
1782 2414 1896 2481 παρ’

293 2566 318 2592 2
346 2551 500 2601 ταύτην
520 2553 560 2591 Α
577 2553 610 2590 Β
802 2566 826 2602 4
859 2555 912 2594 εἰς
933 2553 973 2590 R
1162 2564 1188 2603 5
1218 2551 1352 2594 κέεται
1376 2553 1409 2591 L
1591 2567 1614 2603 7
1644 2554 1764 2604 ἰθαιγ.
1790 2550 1867 2590 PS
1887 2565 1896 2590 :

238 2609 388 2658 ἰσθαιγ.
412 2607 452 2644 R
464 2606 503 2644 V
695 2608 720 2646 8
748 2611 942 2660 μαρτυρεῖ
959 2607 999 2647 R
1012 2607 1051 2646 V
1177 2625 1254 2659 μου
1275 2607 1308 2645 Ρ
1322 2607 1361 2644 R
1377 2606 1407 2645 S
1421 2607 1459 2645 V
1645 2620 1672 2656 9
1699 2607 1791 2648 τινὰ
1810 2615 1889 2644 om.

238 2661 326 2699 AB
344 2661 376 2699 C
415 2710 421 2715 ³
488 2702 491 2704 ,
584 2674 633 2700 10
662 2665 735 2711 τῆς
759 2665 819 2712 ἐμ.
840 2664 1003 2714 ’γνώμης
1022 2661 1312 2702 Valckenaer:
1341 2663 1495 2713 τῆ(ι)σι
1517 2665 1577 2706 ἐμ.
1597 2661 1839 2713 γνώμη<ι)σι
1862 2660 1895 2698 L

243 2727 290 2763 13
321 2718 383 2756 καὶ
414 2718 485 2762 οὐκ
515 2716 730 2767 ἀχθόμενοι
760 2716 898 2754 ABC
1091 2729 1137 2766 14
1170 2717 1430 2770 θρη(ι)σκείηι
1459 2715 1671 2755 ABCP:
1713 2719 1896 2770 θρεσκεῖα

240 2770 375 2809 Bekk.
407 2770 571 2809 Anecd.
605 2784 687 2820 99:
727 2771 894 2824 θρησκίη
926 2770 1011 2809 RS
1030 2771 1066 2809 V
1143 2788 1146 2790 ’
1255 2781 1302 2818 15
1334 2770 1521 2824 ἔργεσθαι
1543 2770 1649 2810 CP:
1682 2772 1782 2823 εἵργ.
1805 2769 1893 2807 rel-l.

238 2824 442 2876 Ἀμμωνος
472 2825 738 2875 Kallenberg
907 2846 909 2848 ·
957 2838 1005 2874 17
1040 2828 1111 2866 οὐκ
1139 2824 1274 2868 ABC
1301 2840 1304 2843 ⁴
1492 2838 1546 2863 20
1575 2824 1731 2878 ἔνερθεν
1757 2822 1896 2862 PRV

238 2891 292 2927 23
320 2878 444 2973 μὲνῧν
469 2880 502 2918 L
622 2936 649 2973 6
668 2893 720 2929 24
742 2881 881 2974 ‘2446va
913 2879 1095 2937 PR-SV
1185 2896 1205 2926 j
1259 2891 1310 2931 25
1342 2878 1468 2932 πλέον
1491 2878 1579 2917 ΑΒ
1596 2879 1629 2918 C
1713 2877 1896 2919 *alt-nat

238 2946 320 2974 om.
422 2950 434 2956 ⁴
595 2946 620 2974 2
675 2935 811 2992 ἱερέων
1009 2952 1015 2955 ·
1185 2948 1188 2950 ·
1350 2950 1362 2974 ·.
1422 2943 1432 2953 ⁴
1511 2946 1513 2948 ·
1575 2938 1640 2972 “’,·
1895 2936 1903 2952 ”
