2098 3320
780 178 1165 229 ΙΣΤΟΡΙΩΝ
1226 181 1270 228 Α
1613 239 1616 242 ,
1902 184 2051 245 1.153

197 308 277 361 καὶ
307 307 363 360 τὸ
395 307 635 376 Βάκτριον
667 309 808 364 ἔθνος
842 311 920 363 καὶ
951 310 1109 363 Σάκαι
1139 332 1192 363 τε
1225 311 1305 362 καὶ
1343 311 1623 378 Αἰγύπτιοι,
1672 312 1748 365 ἐπ’
1780 314 1863 367 οὓς

199 391 370 462 ἐπεῖχέ
400 414 454 446 τε
485 393 872 461 στρατηλατέειν
892 394 1053 453 αὐτός,
1081 395 1162 447 ἐπὶ
1186 397 1237 448 δὲ
1256 394 1435 450 Ἴωνας
1466 395 1627 448 ἄλλον
1651 396 1862 462 πέμπειν

199 479 496 545 στρατηγόν.
577 478 642 532 ὡς
673 481 726 531 δὲ
759 477 994 543 ἀπήλασε
1025 480 1052 530 ὁ
1084 483 1243 546 Κῦρος
1274 481 1326 531 ἐκ
1358 485 1455 532 τῶν
1486 482 1722 547 Σαρδίων,
1749 481 1862 535 τοὺς
1903 496 1990 545 154
2056 487 2062 492 ”

197 562 385 615 Λυδοὺς
425 560 684 627 ἀπέστησε
715 563 740 624 ὁ
772 564 1006 628 Πακτύης
1047 564 1147 616 ἀπό
1186 585 1241 616 τε
1283 564 1528 630 Ταβάλου
1567 565 1646 616 καὶ
1684 565 1860 631 Κύρου,

150 668 172 709 5
199 648 421 712 καταβὰς
450 649 505 699 δὲ
536 647 617 699 ἐπὶ
648 646 934 706 θάλασσαν,
968 646 1054 700 ἅτε
1084 653 1169 700 τὸν
1199 653 1388 716 χρυσὸν
1419 649 1551 717 ἔχων
1587 647 1748 701 πάντα
1778 649 1863 701 τὸν

199 732 252 782 ἐκ
277 735 375 783 τῶν
400 731 638 798 Σαρδίων,
662 732 948 799 ἐπικούρους
970 753 1025 783 τε
1047 734 1312 797 ἐμισθοῦτο
1344 733 1422 784 καὶ
1445 733 1558 786 τοὺς
1583 735 1859 786 ἐπιθαλασ-

199 815 340 869 σίους
369 815 659 882 ἀνθρώπους
690 816 857 869 ἔπειθε
888 816 982 868 σὺν
1024 820 1186 886 ἑωυτῷ
1230 817 1607 884 στρατεύεσθαι.
1672 817 1861 870 ἐλάσας

199 902 252 952 δὲ
297 899 379 952 ἐπὶ
422 901 511 954 τὰς
554 899 736 967 Σάρδις
781 901 1069 968 ἐπολιόρκεε
1098 901 1348 967 Γάβαλον
1375 901 1688 970 ἀπεργμένον
1718 903 1772 953 ἐν
1801 923 1858 973 τη

199 984 457 1050 ἀκροπόλι.
531 986 807 1050 πυθόμενος
837 988 890 1038 δὲ
923 985 1026 1036 κατ’
1053 985 1169 1038 ὁδὸν
1199 991 1351 1038 ταῦτα
1375 987 1401 1036 ὁ
1427 989 1584 1053 Κῦρος
1610 1007 1716 1038 ειπε
1740 985 1860 1050 πρὸς
1898 1001 1984 1049 155

128 1090 176 1119 10
202 1071 420 1135 Κροῖσον
439 1066 571 1120 τάδε·
619 1073 825 1136 Κροῖσε,
846 1071 897 1121 τί
918 1069 1061 1121 ἔσται
1083 1069 1229 1124 τέλος
1252 1076 1351 1123 τῶν
1376 1069 1650 1138 γινομένων
1673 1070 1860 1121 τούτων

199 1153 332 1215 ἐμοί,·
366 1152 423 1204 οὐ
446 1154 723 1206 παύσονται
753 1155 918 1214 Λυδοί,
952 1154 1017 1208 ὡς
1047 1156 1230 1214 οἴκασι,
1264 1153 1528 1222 πρήγματα
1558 1153 1861 1222 παρέχοντες

201 1238 281 1289 καὶ
311 1237 450 1289 αὐτοὶ
481 1238 699 1307 ἔχοντες.
762 1239 1009 1306 φροντίζω
1040 1238 1106 1305 μὴ
1139 1238 1345 1306 ἄριστον
1374 1238 1406 1311 ᾗ
1437 1237 1858 1306 ἐξανδραποδίσα-

200 1321 324 1374 σθαί
350 1329 531 1390 σφεας·
586 1323 769 1388 ὁμοίως
807 1322 902 1391 γάρ
938 1345 1023 1389 μοι
1053 1328 1139 1375 νῦν
1169 1345 1227 1391 γε
1268 1324 1510 1391 φαίνομαι
1540 1322 1862 1388 πεποιηκέναι

200 1405 265 1460 ὡς
295 1400 344 1459 ἐἴ
369 1428 443 1461 τις
477 1406 663 1474 πατέρα
704 1408 998 1461 ἀποκτείνας
1042 1412 1139 1460 τῶν
1183 1409 1372 1460 παίδων
1416 1407 1562 1459 αὐτοῦ
1606 1409 1857 1475 φείσαιτο.

127 1510 172 1552 15
200 1490 265 1545 ὣς
295 1494 349 1543 δὲ
380 1492 460 1544 καὶ
491 1491 590 1558 ἐγὼ
622 1495 797 1544 Λυδῶν
828 1491 913 1544 τὸν
936 1494 1028 1557 μὲν
1058 1491 1215 1545 πλέον
1254 1513 1301 1543 τι
1338 1488 1368 1555 ἢ
1404 1491 1594 1559 πατέρα
1623 1492 1769 1544 ἐόντα
1800 1493 1859 1543 σὲ

1897 1515 1921 1544 Ν

199 1577 379 1642 λαβὼν
409 1575 531 1643 ἄγω,
574 1575 769 1628 αὐτοῖσι
812 1579 866 1628 δὲ
905 1578 1116 1628 Λυδοῖσὶ
1159 1575 1249 1640 τὴν
1295 1577 1446 1628 πόλιν
1489 1574 1749 1642 παρέδωκα
1781 1575 1860 1627 καὶ

201 1660 373 1712 ἔπειτα
395 1658 603 1725 θωμάζω
626 1662 672 1712 εἴ
690 1682 774 1726 μοι
796 1661 1067 1714 ἀπεστᾶσι.
1114 1661 1139 1710 ὁ
1158 1663 1251 1725 μὲν
1271 1660 1329 1725 δὴ
1350 1660 1410 1712 τά
1430 1681 1520 1727 περ
1542 1661 1675 1712 ἐνόεε
1696 1660 1856 1726 ἔλεγε,

201 1744 309 1796 δὸ’
352 1745 591 1810 ἀμείβετο
635 1746 842 1804 τοισίδε,
877 1746 1047 1799 δείσας
1085 1744 1152 1810 μὴ
1195 1743 1501 1797 ἀναστάτους
1542 1743 1728 1816 ποιήσῃ
1772 1746 1860 1796 τὰς

199 1832 238 1879 Σ
243 1827 394 1895 άρδις·
433 1827 507 1879 Ω
538 1834 775 1894 βασιλεῦ,
808 1831 870 1880 τὰ
909 1832 1002 1894 μὲν
1041 1829 1211 1880 οἰκότα
1242 1850 1452 1895 ειρηκας,
1487 1821 1551 1879 σὺ
1586 1827 1758 1894 μέντοι
1792 1827 1857 1892 μὴ
1897 1848 1922 1892 3

126 1933 176 1961 20
200 1911 363 1965 πάντα
388 1916 520 1982 θυμῷ
547 1912 667 1982 χρέο
697 1915 822 1978 μηδὲ
853 1913 1002 1965 πόλιν
1027 1913 1238 1981 ἀρχαίην
1263 1911 1609 1985 ἐξαναστησης
1640 1911 1856 1979 ἀναμάρ-

199 2018 348 2061 τητον
381 1999 562 2049 ἐοῦσαν
586 1997 667 2049 καὶ
697 2003 795 2049 τῶν
829 1998 1069 2064 πρότερον
1095 1998 1174 2050 καὶ
1215 2002 1313 2049 τῶν
1344 2002 1429 2049 νῦν
1461 1997 1735 2049 ἑστεωτων·
1799 1997 1859 2046 τὰ
1932 2024 1937 2026 -

199 2083 291 2145 μὲν
321 2102 415 2148 γαρ
447 2082 686 2148 πρότερον
717 2081 814 2149 ἐγώ
846 2103 899 2133 τε
930 2080 1118 2148 ἔπρηξα
1151 2082 1230 2133 καὶ
1259 2082 1358 2183 ἐγὼ
1392 2087 1587 2155 κεφαλη
1607 2079 1859 2152 ἀναμάξας
1874 2080 2098 2163 ΞΣὌΉΣ

201 2163 356 2234 φέρω·
401 2166 463 2217 τὰ
493 2168 547 2218 δὲ
578 2170 665 2217 νῦν
686 2165 942 2232 παρεόντα
974 2166 1207 2230 Πακτύης
1237 2164 1332 2232 γάρ
1361 2167 1471 2217 ἐστι
1496 2166 1522 2216 ὁ
1553 2164 1775 2224 ἀδικέων,
1797 2165 1863 2234 τῷ
1946 2139 2034 2182 Νὴ

201 2248 264 2300 σὺ
284 2247 564 2316 ἐπέτρεψας
588 2247 782 2316 Σάρδις,
807 2249 950 2304 οὗτος
977 2251 1102 2302 δότω
1121 2271 1196 2300 τοι
1227 2250 1381 2314 δίκην.
1430 2253 1637 2302 Λυδοῖσι
1661 2251 1712 2301 δε
1734 2270 1854 2315 συγ·
1895 2268 1922 2309 4

126 2353 174 2394 25
200 2333 402 2400 γνώμην
443 2334 573 2401 ἔχων
613 2333 731 2386 τάδε
771 2334 969 2387 αὐτοῖσι
1009 2332 1260 2399 ἐπίταξον,
1299 2333 1364 2388 ὡς
1404 2331 1527 2399 μήτε
1568 2332 1860 2386 ἀποστέωσι

198 2415 321 2482 μήτε
353 2418 508 2470 δεινοί
535 2439 611 2469 τοι
635 2417 773 2469 ἔωσι·
819 2417 1000 2471 ἄπειπε
1029 2417 1121 2483 μέν
1158 2424 1255 2485 σφι
1295 2417 1500 2484 πέμψας
1543 2420 1677 2470 ὅπλα
1714 2415 1860 2484 ἀρήια

197 2500 263 2565 μὴ
306 2502 559 2569 ἐκτῆσθαι,
595 2501 765 2554 κέλευε
800 2500 855 2555 δέ
895 2508 1057 2568 σφεας
1095 2501 1303 2555 κιθῶνάς
1340 2522 1393 2554 τε
1429 2503 1689 2555 ὑποδύνειν
1714 2506 1861 2552 ,τοῖσι

199 2586 369 2650 εἵμασι
401 2585 479 2638 καὶ
512 2586 777 2652 κοθόρνους
806 2585 1123 2645 ὑποδέεσθαι,
1150 2586 1355 2653 πρόειπε
1387 2585 1428 2636 δ’
1453 2585 1648 2637 αὐτοῖσι
1673 2584 1857 2651 κιθαρί-

201 2669 300 2732 ζειν
329 2690 383 2721 τε
416 2670 494 2722 καὶ
524 2669 750 2739 ψάλλειν
777 2671 856 2721 καὶ
890 2670 1191 2734 καπηλεύειν
1224 2670 1473 2721 παιδεύειν
1509 2670 1620 2722 τοὺς
1666 2674 2001 2742 ‘notibus-Q
2027 2666 2097 2716 (12

124 2770 176 2812 30
200 2753 280 2804 καὶ
309 2752 503 2822 ταχέως
535 2752 715 2820 σφέας,
751 2752 788 2805 ὦ
819 2758 1057 2818 βασιλεῦ,
1093 2758 1327 2820 γυναῖκας
1358 2752 1465 2805 ἀντ’
1497 2754 1687 2821 ἀνδρῶν
1707 2754 1861 2818 ὄψεαι

199 2838 481 2903 γεγονότας,
533 2838 663 2890 ὥστε
703 2837 845 2890 οὐδὲν
884 2838 1041 2889 δεινοί
1073 2858 1150 2888 τοι
1195 2836 1397 2888 ἔσονται
1441 2836 1506 2901 μὴ
1553 2836 1857 2888 ἀποστέωσι.

251 2977 277 3014 8
307 2975 371 3028 δὲ]
393 2993 439 3017 τε
462 2977 496 3015 c
652 2988 700 3027 15
731 2976 830 3018 ὄντα
851 2976 935 3014 Bc
1095 2988 1139 3023 17
1171 2980 1288 3025 θωυμ.
1310 2975 1447 3014 ΑΒΡ
1556 2955 1563 2964 ’
1590 2977 1638 3013 18
1667 2978 1803 3017 τοῖσδε
1828 2974 1862 3013 1,

198 3043 252 3070 20
281 3031 388 3137 ’493⁰'
411 3031 494 3125 cg
623 3033 676 3070 26
704 3031 788 3083 τοι]
811 3047 855 3072 τε
878 3031 911 3069 C
928 3030 961 3070 P
1100 3042 1150 3079 27
1182 3032 1400 3078 κεκτῆσθαι
1422 3029 1459 3069 Α
1475 3029 1509 3068 B
1624 3030 1805 3071 ὑποδύειν
1826 3030 1860 3069 C

196 3097 246 3136 31
279 3102 342 3126 τοι
386 3102 433 3127 τε
