<?xml version="1.0" encoding="UTF-8"?>
<!DOCTYPE html PUBLIC "-//W3C//DTD XHTML 1.0 Transitional//EN"
    "http://www.w3.org/TR/xhtml1/DTD/xhtml1-transitional.dtd">
<html xmlns="http://www.w3.org/1999/xhtml" xml:lang="en" lang="en">
 <head>
  <title>
</title>
<meta http-equiv="Content-Type" content="text/html;charset=utf-8" />
  <meta name='ocr-system' content='tesseract 3.04.00' />
  <meta name='ocr-capabilities' content='ocr_page ocr_carea ocr_par ocr_line ocrx_word'/>
</head>
<body>
  <div class='ocr_page' id='page_1' title='image "./herodotihistoria01herouoft_0153.png"; bbox 0 0 2098 3320; ppageno 0'>
   <div class='ocr_carea' id='block_1_1' title="bbox 809 130 1308 180">
    <p class='ocr_par' dir='ltr' id='par_1_1' title="bbox 809 130 1308 180">
     <span class='ocr_line' id='line_1_1' title="bbox 809 130 1308 180; baseline 0.002 -1"><span class='ocrx_word' id='word_1_1' title='bbox 809 130 1190 180; x_wconf 83' lang='grc' dir='ltr'>ΙΣΤΟΡΙΩΝ</span> <span class='ocrx_word' id='word_1_2' title='bbox 1270 133 1308 179; x_wconf 93' lang='grc' dir='ltr'>Β</span> 
     </span>
    </p>
   </div>
   <div class='ocr_carea' id='block_1_2' title="bbox 174 260 1898 753">
    <p class='ocr_par' dir='ltr' id='par_1_2' title="bbox 174 260 1898 753">
     <span class='ocr_line' id='line_1_2' title="bbox 221 260 1893 331; baseline -0.001 -14"><span class='ocrx_word' id='word_1_3' title='bbox 221 265 488 328; x_wconf 81' lang='grc' dir='ltr'>Αἰθιοπίην</span> <span class='ocrx_word' id='word_1_4' title='bbox 539 264 795 322; x_wconf 93' lang='grc' dir='ltr'>ἀπίκοντο,</span> <span class='ocrx_word' id='word_1_5' title='bbox 842 266 1034 314; x_wconf 87' lang='grc' dir='ltr'>διδοῦσι</span> <span class='ocrx_word' id='word_1_6' title='bbox 1081 260 1247 329; x_wconf 92' lang='grc' dir='ltr'>σφέας</span> <span class='ocrx_word' id='word_1_7' title='bbox 1301 261 1477 314; x_wconf 85' lang='grc' dir='ltr'>αὐτοὺς</span> <span class='ocrx_word' id='word_1_8' title='bbox 1521 266 1587 331; x_wconf 80' lang='grc' dir='ltr'>τῷ</span> <span class='ocrx_word' id='word_1_9' title='bbox 1636 262 1893 316; x_wconf 81' lang='grc' dir='ltr'>Αἰθιόπων</span> 
     </span>
     <span class='ocr_line' id='line_1_3' title="bbox 222 343 1898 417; baseline -0.001 -17"><span class='ocrx_word' id='word_1_10' title='bbox 222 347 448 415; x_wconf 84' lang='grc' dir='ltr'>βασιλέϊ.</span> <span class='ocrx_word' id='word_1_11' title='bbox 522 348 549 398; x_wconf 89' lang='grc' dir='ltr'>ὁ</span> <span class='ocrx_word' id='word_1_12' title='bbox 578 346 635 401; x_wconf 89' lang='grc' dir='ltr'>δέ</span> <span class='ocrx_word' id='word_1_13' title='bbox 664 354 830 414; x_wconf 91' lang='grc' dir='ltr'>σφεας</span> <span class='ocrx_word' id='word_1_14' title='bbox 859 350 983 417; x_wconf 80' lang='grc' dir='ltr'>τῷδε</span> <span class='ocrx_word' id='word_1_15' title='bbox 1007 344 1374 413; x_wconf 80' lang='grc' dir='ltr'>ἀντιδωρέεται·</span> <span class='ocrx_word' id='word_1_16' title='bbox 1420 343 1554 410; x_wconf 87' lang='grc' dir='ltr'>ἦσάν</span> <span class='ocrx_word' id='word_1_17' title='bbox 1577 347 1623 397; x_wconf 81' lang='grc' dir='ltr'>οἱ</span> <span class='ocrx_word' id='word_1_18' title='bbox 1657 344 1898 413; x_wconf 87' lang='grc' dir='ltr'>διάφοροί</span> 
     </span>
     <span class='ocr_line' id='line_1_4' title="bbox 221 428 1894 500; baseline -0.001 -15"><span class='ocrx_word' id='word_1_19' title='bbox 221 453 350 488; x_wconf 87' lang='grc' dir='ltr'>τινες</span> <span class='ocrx_word' id='word_1_20' title='bbox 390 432 654 500; x_wconf 82' lang='grc' dir='ltr'>γεγονότες</span> <span class='ocrx_word' id='word_1_21' title='bbox 689 435 788 484; x_wconf 83' lang='grc' dir='ltr'>τῶν</span> <span class='ocrx_word' id='word_1_22' title='bbox 825 430 1097 484; x_wconf 84' lang='grc' dir='ltr'>Αἰθιόπων·</span> <span class='ocrx_word' id='word_1_23' title='bbox 1143 430 1346 484; x_wconf 82' lang='grc' dir='ltr'>τούτους</span> <span class='ocrx_word' id='word_1_24' title='bbox 1385 428 1584 483; x_wconf 87' lang='grc' dir='ltr'>ἐκέλευε</span> <span class='ocrx_word' id='word_1_25' title='bbox 1624 428 1894 495; x_wconf 81' lang='grc' dir='ltr'>ἐξελόντας</span> 
     </span>
     <span class='ocr_line' id='line_1_5' title="bbox 221 510 1894 584; baseline 0.001 -16"><span class='ocrx_word' id='word_1_26' title='bbox 221 517 310 582; x_wconf 78' lang='grc' dir='ltr'>τὴν</span> <span class='ocrx_word' id='word_1_27' title='bbox 343 517 544 570; x_wconf 79' lang='grc' dir='ltr'>ἐκείνων</span> <span class='ocrx_word' id='word_1_28' title='bbox 574 519 670 584; x_wconf 85' lang='grc' dir='ltr'>γῆν</span> <span class='ocrx_word' id='word_1_29' title='bbox 698 510 897 569; x_wconf 90' lang='grc' dir='ltr'>οἰκέειν.</span> <span class='ocrx_word' id='word_1_30' title='bbox 969 515 1159 568; x_wconf 92' lang='grc' dir='ltr'>τούτων</span> <span class='ocrx_word' id='word_1_31' title='bbox 1189 517 1244 567; x_wconf 79' lang='grc' dir='ltr'>δὲ</span> <span class='ocrx_word' id='word_1_32' title='bbox 1275 513 1666 567; x_wconf 83' lang='grc' dir='ltr'>ἐσοικισθέντων</span> <span class='ocrx_word' id='word_1_33' title='bbox 1697 515 1750 569; x_wconf 89' lang='grc' dir='ltr'>ἐς</span> <span class='ocrx_word' id='word_1_34' title='bbox 1779 515 1894 569; x_wconf 85' lang='grc' dir='ltr'>τοὺς</span> 
     </span>
     <span class='ocr_line' id='line_1_6' title="bbox 174 598 1893 669; baseline -0.001 -15"><span class='ocrx_word' id='word_1_35' title='bbox 174 623 197 664; x_wconf 89' lang='lat'>5</span> <span class='ocrx_word' id='word_1_36' title='bbox 223 601 464 655; x_wconf 87' lang='grc' dir='ltr'>Αἰθίοπας</span> <span class='ocrx_word' id='word_1_37' title='bbox 521 600 822 669; x_wconf 83' lang='grc' dir='ltr'>ἡμερώτεροι</span> <span class='ocrx_word' id='word_1_38' title='bbox 879 599 1123 668; x_wconf 91' lang='grc' dir='ltr'>γεγόνασι</span> <span class='ocrx_word' id='word_1_39' title='bbox 1175 599 1414 653; x_wconf 88' lang='grc' dir='ltr'>Αἰθίοπες</span> <span class='ocrx_word' id='word_1_40' title='bbox 1466 598 1590 665; x_wconf 88' lang='grc' dir='ltr'>ἤθεα</span> <span class='ocrx_word' id='word_1_41' title='bbox 1648 600 1893 665; x_wconf 88' lang='grc' dir='ltr'>μαθόντες</span> 
     </span>
     <span class='ocr_line' id='line_1_7' title="bbox 204 685 487 753; baseline -0.004 -15"><span class='ocrx_word' id='word_1_42' title='bbox 204 685 487 753; x_wconf 74' lang='grc' dir='ltr'>Αἰγύπτια.</span> 
     </span>
    </p>
   </div>
   <div class='ocr_carea' id='block_1_3' title="bbox 1939 137 2098 198">
    <p class='ocr_par' dir='ltr' id='par_1_3' title="bbox 1939 137 2098 198">
     <span class='ocr_line' id='line_1_8' title="bbox 1939 137 2098 198; baseline 0.019 -12"><span class='ocrx_word' id='word_1_43' title='bbox 1939 137 2004 188; x_wconf 90' lang='lat'>11.</span> <span class='ocrx_word' id='word_1_44' title='bbox 2030 149 2098 198; x_wconf 86' lang='lat'>30</span> 
     </span>
    </p>
   </div>
   <div class='ocr_carea' id='block_1_4' title="bbox 307 766 1988 838">
    <p class='ocr_par' dir='ltr' id='par_1_4' title="bbox 307 766 1988 838">
     <span class='ocr_line' id='line_1_9' title="bbox 307 766 1988 838; baseline -0.001 -16"><span class='ocrx_word' id='word_1_45' title='bbox 307 768 476 838; x_wconf 84' lang='grc' dir='ltr'>Μέχρι</span> <span class='ocrx_word' id='word_1_46' title='bbox 509 766 602 836; x_wconf 89' lang='grc' dir='ltr'>μέν</span> <span class='ocrx_word' id='word_1_47' title='bbox 643 790 730 822; x_wconf 91' lang='grc' dir='ltr'>νυν</span> <span class='ocrx_word' id='word_1_48' title='bbox 769 767 1028 836; x_wconf 89' lang='grc' dir='ltr'>τεσσέρων</span> <span class='ocrx_word' id='word_1_49' title='bbox 1063 774 1232 834; x_wconf 86' lang='grc' dir='ltr'>μηνῶν</span> <span class='ocrx_word' id='word_1_50' title='bbox 1275 769 1434 821; x_wconf 91' lang='grc' dir='ltr'>πλόου</span> <span class='ocrx_word' id='word_1_51' title='bbox 1471 769 1552 820; x_wconf 90' lang='grc' dir='ltr'>καὶ</span> <span class='ocrx_word' id='word_1_52' title='bbox 1591 769 1705 820; x_wconf 84' lang='grc' dir='ltr'>ὁδοῦ</span> <span class='ocrx_word' id='word_1_53' title='bbox 1742 768 1886 835; x_wconf 85' lang='grc' dir='ltr'>γινώ-</span> <span class='ocrx_word' id='word_1_54' title='bbox 1935 790 1988 837; x_wconf 91' lang='lat'>31</span> 
     </span>
    </p>
   </div>
   <div class='ocr_carea' id='block_1_5' title="bbox 151 851 1899 1261">
    <p class='ocr_par' dir='ltr' id='par_1_5' title="bbox 151 851 1899 1261">
     <span class='ocr_line' id='line_1_10' title="bbox 224 851 1895 923; baseline -0.001 -18"><span class='ocrx_word' id='word_1_55' title='bbox 224 874 398 907; x_wconf 91' lang='grc' dir='ltr'>σκεται</span> <span class='ocrx_word' id='word_1_56' title='bbox 428 854 454 904; x_wconf 91' lang='grc' dir='ltr'>ὁ</span> <span class='ocrx_word' id='word_1_57' title='bbox 486 858 674 909; x_wconf 84' lang='grc' dir='ltr'>Νεῖλος</span> <span class='ocrx_word' id='word_1_58' title='bbox 703 852 866 920; x_wconf 83' lang='grc' dir='ltr'>πάρεξ</span> <span class='ocrx_word' id='word_1_59' title='bbox 892 858 980 905; x_wconf 83' lang='grc' dir='ltr'>τοῦ</span> <span class='ocrx_word' id='word_1_60' title='bbox 1011 855 1066 906; x_wconf 93' lang='grc' dir='ltr'>ἐν</span> <span class='ocrx_word' id='word_1_61' title='bbox 1089 852 1325 923; x_wconf 89' lang='grc' dir='ltr'>Αἰγύπτῳ</span> <span class='ocrx_word' id='word_1_62' title='bbox 1357 851 1616 919; x_wconf 88' lang='grc' dir='ltr'>ῥεύματος·</span> <span class='ocrx_word' id='word_1_63' title='bbox 1663 858 1895 905; x_wconf 83' lang='grc' dir='ltr'>τοσοῦτοι</span> 
     </span>
     <span class='ocr_line' id='line_1_11' title="bbox 222 937 1899 1008; baseline -0.001 -18"><span class='ocrx_word' id='word_1_64' title='bbox 222 940 316 1005; x_wconf 83' lang='grc' dir='ltr'>γὰρ</span> <span class='ocrx_word' id='word_1_65' title='bbox 366 937 770 1008; x_wconf 81' lang='grc' dir='ltr'>συμβαλλομένῳ</span> <span class='ocrx_word' id='word_1_66' title='bbox 815 941 967 1004; x_wconf 87' lang='grc' dir='ltr'>μῆνες</span> <span class='ocrx_word' id='word_1_67' title='bbox 1013 938 1327 1004; x_wconf 88' lang='grc' dir='ltr'>εὑρίσκονται</span> <span class='ocrx_word' id='word_1_68' title='bbox 1378 937 1793 1003; x_wconf 84' lang='grc' dir='ltr'>ἀναισιμούμενοι</span> <span class='ocrx_word' id='word_1_69' title='bbox 1840 937 1899 1002; x_wconf 77' lang='grc' dir='ltr'>ἐξ</span> 
     </span>
     <span class='ocr_line' id='line_1_12' title="bbox 151 1021 1894 1093; baseline 0.001 -21"><span class='ocrx_word' id='word_1_70' title='bbox 151 1043 197 1072; x_wconf 86' lang='grc' dir='ltr'>ιο</span> <span class='ocrx_word' id='word_1_71' title='bbox 220 1022 586 1090; x_wconf 86' lang='grc' dir='ltr'>Ἐλεφαντίνης</span> <span class='ocrx_word' id='word_1_72' title='bbox 616 1022 930 1093; x_wconf 77' lang='grc' dir='ltr'>πορευομένῳ</span> <span class='ocrx_word' id='word_1_73' title='bbox 964 1024 1015 1077; x_wconf 90' lang='grc' dir='ltr'>ἐς</span> <span class='ocrx_word' id='word_1_74' title='bbox 1043 1022 1157 1076; x_wconf 87' lang='grc' dir='ltr'>τοὺς</span> <span class='ocrx_word' id='word_1_75' title='bbox 1186 1021 1493 1088; x_wconf 81' lang='grc' dir='ltr'>αὐτομόλους</span> <span class='ocrx_word' id='word_1_76' title='bbox 1523 1022 1741 1076; x_wconf 85' lang='grc' dir='ltr'>τούτους·</span> <span class='ocrx_word' id='word_1_77' title='bbox 1788 1021 1894 1089; x_wconf 84' lang='grc' dir='ltr'>ῥέει</span> 
     </span>
     <span class='ocr_line' id='line_1_13' title="bbox 221 1103 1893 1175; baseline 0 -16"><span class='ocrx_word' id='word_1_78' title='bbox 221 1110 274 1160; x_wconf 84' lang='grc' dir='ltr'>δὲ</span> <span class='ocrx_word' id='word_1_79' title='bbox 297 1106 394 1160; x_wconf 85' lang='grc' dir='ltr'>ἀπὸ</span> <span class='ocrx_word' id='word_1_80' title='bbox 427 1106 641 1175; x_wconf 82' lang='grc' dir='ltr'>ἑσπέρης</span> <span class='ocrx_word' id='word_1_81' title='bbox 670 1128 723 1160; x_wconf 84' lang='grc' dir='ltr'>τε</span> <span class='ocrx_word' id='word_1_82' title='bbox 760 1107 841 1159; x_wconf 89' lang='grc' dir='ltr'>καὶ</span> <span class='ocrx_word' id='word_1_83' title='bbox 881 1103 1071 1174; x_wconf 83' lang='grc' dir='ltr'>[ἡλίου]</span> <span class='ocrx_word' id='word_1_84' title='bbox 1113 1105 1357 1173; x_wconf 80' lang='grc' dir='ltr'>δυσμέων.</span> <span class='ocrx_word' id='word_1_85' title='bbox 1433 1106 1490 1158; x_wconf 85' lang='grc' dir='ltr'>τὸ</span> <span class='ocrx_word' id='word_1_86' title='bbox 1521 1109 1575 1158; x_wconf 84' lang='grc' dir='ltr'>δὲ</span> <span class='ocrx_word' id='word_1_87' title='bbox 1614 1106 1712 1159; x_wconf 85' lang='grc' dir='ltr'>ἀπὸ</span> <span class='ocrx_word' id='word_1_88' title='bbox 1749 1110 1893 1159; x_wconf 84' lang='grc' dir='ltr'>τοῦδε</span> 
     </span>
     <span class='ocr_line' id='line_1_14' title="bbox 221 1190 1890 1261; baseline 0 -18"><span class='ocrx_word' id='word_1_89' title='bbox 221 1191 378 1247; x_wconf 84' lang='grc' dir='ltr'>οὐδεὶς</span> <span class='ocrx_word' id='word_1_90' title='bbox 409 1193 518 1261; x_wconf 86' lang='grc' dir='ltr'>ἔχει</span> <span class='ocrx_word' id='word_1_91' title='bbox 548 1190 756 1259; x_wconf 88' lang='grc' dir='ltr'>σαφέως</span> <span class='ocrx_word' id='word_1_92' title='bbox 793 1190 1004 1259; x_wconf 86' lang='grc' dir='ltr'>φράσαι·</span> <span class='ocrx_word' id='word_1_93' title='bbox 1052 1190 1356 1259; x_wconf 87' lang='grc' dir='ltr'>ἔρημος-γάρ</span> <span class='ocrx_word' id='word_1_94' title='bbox 1387 1192 1499 1243; x_wconf 89' lang='grc' dir='ltr'>ἐστι</span> <span class='ocrx_word' id='word_1_95' title='bbox 1535 1191 1564 1255; x_wconf 88' lang='grc' dir='ltr'>ἡ</span> <span class='ocrx_word' id='word_1_96' title='bbox 1599 1191 1737 1260; x_wconf 82' lang='grc' dir='ltr'>χώρη</span> <span class='ocrx_word' id='word_1_97' title='bbox 1770 1192 1890 1256; x_wconf 82' lang='grc' dir='ltr'>αὕτη</span> 
     </span>
    </p>
   </div>
   <div class='ocr_carea' id='block_1_6' title="bbox 219 1275 1994 1342">
    <p class='ocr_par' dir='ltr' id='par_1_6' title="bbox 219 1275 1994 1342">
     <span class='ocr_line' id='line_1_15' title="bbox 219 1275 1994 1342; baseline 0.001 -14"><span class='ocrx_word' id='word_1_98' title='bbox 219 1277 313 1328; x_wconf 85' lang='grc' dir='ltr'>ὑπὸ</span> <span class='ocrx_word' id='word_1_99' title='bbox 330 1277 607 1342; x_wconf 88' lang='grc' dir='ltr'>“καύματος.</span> <span class='ocrx_word' id='word_1_100' title='bbox 697 1277 832 1327; x_wconf 81' lang='grc' dir='ltr'>ἀλλὰ</span> <span class='ocrx_word' id='word_1_101' title='bbox 862 1275 979 1328; x_wconf 87' lang='grc' dir='ltr'>τάδε</span> <span class='ocrx_word' id='word_1_102' title='bbox 1014 1277 1105 1341; x_wconf 79' lang='grc' dir='ltr'>μὲν</span> <span class='ocrx_word' id='word_1_103' title='bbox 1141 1275 1335 1341; x_wconf 87' lang='grc' dir='ltr'>ἥκουσα</span> <span class='ocrx_word' id='word_1_104' title='bbox 1374 1277 1566 1342; x_wconf 83' lang='grc' dir='ltr'>ἀνδρῶν</span> <span class='ocrx_word' id='word_1_105' title='bbox 1598 1276 1891 1341; x_wconf 87' lang='grc' dir='ltr'>Κυρηναίων</span> <span class='ocrx_word' id='word_1_106' title='bbox 1929 1294 1994 1342; x_wconf 88' lang='lat'>32</span> 
     </span>
    </p>
   </div>
   <div class='ocr_carea' id='block_1_7' title="bbox 149 1358 1892 1682">
    <p class='ocr_par' dir='ltr' id='par_1_7' title="bbox 149 1358 1892 1682">
     <span class='ocr_line' id='line_1_16' title="bbox 220 1358 1886 1429; baseline 0 -17"><span class='ocrx_word' id='word_1_107' title='bbox 220 1359 459 1429; x_wconf 88' lang='grc' dir='ltr'>φαμένων</span> <span class='ocrx_word' id='word_1_108' title='bbox 495 1362 663 1413; x_wconf 85' lang='grc' dir='ltr'>ἐλθεῖν</span> <span class='ocrx_word' id='word_1_109' title='bbox 702 1381 756 1413; x_wconf 89' lang='grc' dir='ltr'>τε</span> <span class='ocrx_word' id='word_1_110' title='bbox 794 1361 876 1413; x_wconf 89' lang='grc' dir='ltr'>ἐπὶ</span> <span class='ocrx_word' id='word_1_111' title='bbox 917 1364 972 1412; x_wconf 86' lang='grc' dir='ltr'>τὸ</span> <span class='ocrx_word' id='word_1_112' title='bbox 996 1359 1264 1426; x_wconf 77' lang='grc' dir='ltr'>’Ἄμμωνος</span> <span class='ocrx_word' id='word_1_113' title='bbox 1305 1358 1614 1428; x_wconf 90' lang='grc' dir='ltr'>χρηστήριον</span> <span class='ocrx_word' id='word_1_114' title='bbox 1653 1361 1732 1412; x_wconf 89' lang='grc' dir='ltr'>καὶ</span> <span class='ocrx_word' id='word_1_115' title='bbox 1774 1361 1886 1412; x_wconf 82' lang='grc' dir='ltr'>ἀπι-</span> 
     </span>
     <span class='ocr_line' id='line_1_17' title="bbox 149 1444 1890 1515; baseline 0.003 -22"><span class='ocrx_word' id='word_1_116' title='bbox 149 1464 195 1506; x_wconf 85' lang='lat'>¹5</span> <span class='ocrx_word' id='word_1_117' title='bbox 222 1444 397 1498; x_wconf 91' lang='grc' dir='ltr'>κέσθαι</span> <span class='ocrx_word' id='word_1_118' title='bbox 428 1446 478 1500; x_wconf 90' lang='grc' dir='ltr'>ἐς</span> <span class='ocrx_word' id='word_1_119' title='bbox 507 1446 691 1512; x_wconf 87' lang='grc' dir='ltr'>λόγους</span> <span class='ocrx_word' id='word_1_120' title='bbox 714 1444 969 1514; x_wconf 80' lang='grc' dir='ltr'>Ἐτεάρχῳ</span> <span class='ocrx_word' id='word_1_121' title='bbox 1002 1450 1069 1515; x_wconf 77' lang='grc' dir='ltr'>τῷ</span> <span class='ocrx_word' id='word_1_122' title='bbox 1095 1444 1394 1511; x_wconf 86' lang='grc' dir='ltr'>Ἀμμωνίων</span> <span class='ocrx_word' id='word_1_123' title='bbox 1423 1444 1653 1510; x_wconf 81' lang='grc' dir='ltr'>βασιλέϊ,</span> <span class='ocrx_word' id='word_1_124' title='bbox 1683 1446 1766 1497; x_wconf 90' lang='grc' dir='ltr'>καί</span> <span class='ocrx_word' id='word_1_125' title='bbox 1797 1467 1890 1499; x_wconf 85' lang='grc' dir='ltr'>κως</span> 
     </span>
     <span class='ocr_line' id='line_1_18' title="bbox 221 1522 1888 1598; baseline 0.001 -17"><span class='ocrx_word' id='word_1_126' title='bbox 221 1531 274 1581; x_wconf 91' lang='grc' dir='ltr'>ἐκ</span> <span class='ocrx_word' id='word_1_127' title='bbox 303 1530 474 1597; x_wconf 90' lang='grc' dir='ltr'>λόγων</span> <span class='ocrx_word' id='word_1_128' title='bbox 506 1529 677 1582; x_wconf 81' lang='grc' dir='ltr'>ἄλλων</span> <span class='ocrx_word' id='word_1_129' title='bbox 710 1528 979 1581; x_wconf 88' lang='grc' dir='ltr'>ἀπικέσθαι</span> <span class='ocrx_word' id='word_1_130' title='bbox 1011 1530 1061 1583; x_wconf 91' lang='grc' dir='ltr'>ἐς</span> <span class='ocrx_word' id='word_1_131' title='bbox 1090 1528 1289 1598; x_wconf 85' lang='grc' dir='ltr'>λέσχην</span> <span class='ocrx_word' id='word_1_132' title='bbox 1318 1529 1432 1596; x_wconf 89' lang='grc' dir='ltr'>περὶ</span> <span class='ocrx_word' id='word_1_133' title='bbox 1462 1534 1547 1580; x_wconf 81' lang='grc' dir='ltr'>τοῦ</span> <span class='ocrx_word' id='word_1_134' title='bbox 1579 1522 1787 1587; x_wconf 75' lang='grc' dir='ltr'>Νείλου,</span> <span class='ocrx_word' id='word_1_135' title='bbox 1824 1530 1888 1583; x_wconf 82' lang='grc' dir='ltr'>ὡς</span> 
     </span>
     <span class='ocr_line' id='line_1_19' title="bbox 221 1613 1892 1682; baseline 0.002 -19"><span class='ocrx_word' id='word_1_136' title='bbox 221 1613 378 1669; x_wconf 85' lang='grc' dir='ltr'>οὐδεὶς</span> <span class='ocrx_word' id='word_1_137' title='bbox 401 1613 548 1666; x_wconf 76' lang='grc' dir='ltr'>αὐτοῦ</span> <span class='ocrx_word' id='word_1_138' title='bbox 570 1613 672 1666; x_wconf 84' lang='grc' dir='ltr'>οἶδε</span> <span class='ocrx_word' id='word_1_139' title='bbox 695 1616 783 1669; x_wconf 83' lang='grc' dir='ltr'>τὰς</span> <span class='ocrx_word' id='word_1_140' title='bbox 813 1613 991 1682; x_wconf 88' lang='grc' dir='ltr'>πηγάς,</span> <span class='ocrx_word' id='word_1_141' title='bbox 1020 1613 1099 1665; x_wconf 90' lang='grc' dir='ltr'>καὶ</span> <span class='ocrx_word' id='word_1_142' title='bbox 1129 1618 1216 1666; x_wconf 87' lang='grc' dir='ltr'>τὸν</span> <span class='ocrx_word' id='word_1_143' title='bbox 1240 1613 1516 1682; x_wconf 87' lang='grc' dir='ltr'>Ἐτέαρχον</span> <span class='ocrx_word' id='word_1_144' title='bbox 1542 1613 1700 1681; x_wconf 87' lang='grc' dir='ltr'>φάναι</span> <span class='ocrx_word' id='word_1_145' title='bbox 1725 1615 1892 1666; x_wconf 87' lang='grc' dir='ltr'>ἐλθεῖν</span> 
     </span>
    </p>
   </div>
   <div class='ocr_carea' id='block_1_8' title="bbox 222 1697 1954 1766">
    <p class='ocr_par' dir='ltr' id='par_1_8' title="bbox 222 1697 1954 1766">
     <span class='ocr_line' id='line_1_20' title="bbox 222 1697 1954 1766; baseline 0 -17"><span class='ocrx_word' id='word_1_146' title='bbox 222 1719 333 1752; x_wconf 87' lang='grc' dir='ltr'>κοτε</span> <span class='ocrx_word' id='word_1_147' title='bbox 357 1698 471 1766; x_wconf 90' lang='grc' dir='ltr'>παρ’</span> <span class='ocrx_word' id='word_1_148' title='bbox 495 1698 645 1751; x_wconf 84' lang='grc' dir='ltr'>αὐτὸν</span> <span class='ocrx_word' id='word_1_149' title='bbox 671 1703 991 1764; x_wconf 80' lang='grc' dir='ltr'>Νασαμῶνας</span> <span class='ocrx_word' id='word_1_150' title='bbox 1015 1697 1211 1766; x_wconf 85' lang='grc' dir='ltr'>ἄνδρας.</span> <span class='ocrx_word' id='word_1_151' title='bbox 1287 1697 1343 1750; x_wconf 86' lang='grc' dir='ltr'>τὸ</span> <span class='ocrx_word' id='word_1_152' title='bbox 1367 1700 1420 1751; x_wconf 79' lang='grc' dir='ltr'>δὲ</span> <span class='ocrx_word' id='word_1_153' title='bbox 1445 1699 1587 1751; x_wconf 84' lang='grc' dir='ltr'>ἔθνος</span> <span class='ocrx_word' id='word_1_154' title='bbox 1611 1703 1755 1749; x_wconf 82' lang='grc' dir='ltr'>τοῦτο</span> <span class='ocrx_word' id='word_1_155' title='bbox 1780 1699 1890 1750; x_wconf 88' lang='grc' dir='ltr'>ἐστὶ</span> <span class='ocrx_word' id='word_1_156' title='bbox 1930 1718 1954 1749; x_wconf 82' lang='lat'><em>2</em></span> 
     </span>
    </p>
   </div>
   <div class='ocr_carea' id='block_1_9' title="bbox 218 1781 1889 1850">
    <p class='ocr_par' dir='ltr' id='par_1_9' title="bbox 218 1781 1889 1850">
     <span class='ocr_line' id='line_1_21' title="bbox 218 1781 1889 1850; baseline 0.001 -14"><span class='ocrx_word' id='word_1_157' title='bbox 218 1786 311 1848; x_wconf 78' lang='grc' dir='ltr'>μὲν</span> <span class='ocrx_word' id='word_1_158' title='bbox 346 1784 587 1849; x_wconf 87' lang='grc' dir='ltr'>Λιβυκόν,</span> <span class='ocrx_word' id='word_1_159' title='bbox 627 1782 828 1849; x_wconf 89' lang='grc' dir='ltr'>νέμεται</span> <span class='ocrx_word' id='word_1_160' title='bbox 869 1785 923 1836; x_wconf 83' lang='grc' dir='ltr'>δὲ</span> <span class='ocrx_word' id='word_1_161' title='bbox 962 1782 1053 1848; x_wconf 74' lang='grc' dir='ltr'>τὴν</span> <span class='ocrx_word' id='word_1_162' title='bbox 1094 1783 1276 1850; x_wconf 85' lang='grc' dir='ltr'>Σύρτιν</span> <span class='ocrx_word' id='word_1_163' title='bbox 1314 1804 1367 1835; x_wconf 90' lang='grc' dir='ltr'>τε</span> <span class='ocrx_word' id='word_1_164' title='bbox 1407 1782 1486 1834; x_wconf 90' lang='grc' dir='ltr'>καὶ</span> <span class='ocrx_word' id='word_1_165' title='bbox 1526 1782 1616 1846; x_wconf 81' lang='grc' dir='ltr'>τὴν</span> <span class='ocrx_word' id='word_1_166' title='bbox 1657 1781 1779 1848; x_wconf 89' lang='grc' dir='ltr'>πρὸς</span> <span class='ocrx_word' id='word_1_167' title='bbox 1820 1782 1889 1846; x_wconf 77' lang='grc' dir='ltr'>ἠῶ</span> 
     </span>
    </p>
   </div>
   <div class='ocr_carea' id='block_1_10' title="bbox 147 1866 1949 1936">
    <p class='ocr_par' dir='ltr' id='par_1_10' title="bbox 147 1866 1949 1936">
     <span class='ocr_line' id='line_1_22' title="bbox 147 1866 1949 1936; baseline -0.001 -15"><span class='ocrx_word' id='word_1_168' title='bbox 147 1893 195 1921; x_wconf 87' lang='lat'>20</span> <span class='ocrx_word' id='word_1_169' title='bbox 220 1866 389 1936; x_wconf 82' lang='grc' dir='ltr'>χώρην</span> <span class='ocrx_word' id='word_1_170' title='bbox 424 1870 511 1933; x_wconf 86' lang='grc' dir='ltr'>τῆς</span> <span class='ocrx_word' id='word_1_171' title='bbox 548 1868 754 1936; x_wconf 87' lang='grc' dir='ltr'>Σύρτιος</span> <span class='ocrx_word' id='word_1_172' title='bbox 791 1869 879 1921; x_wconf 83' lang='grc' dir='ltr'>οὐκ</span> <span class='ocrx_word' id='word_1_173' title='bbox 918 1868 998 1920; x_wconf 89' lang='grc' dir='ltr'>ἐπὶ</span> <span class='ocrx_word' id='word_1_174' title='bbox 1033 1868 1246 1920; x_wconf 87' lang='grc' dir='ltr'>πολλόν.</span> <span class='ocrx_word' id='word_1_175' title='bbox 1322 1866 1650 1932; x_wconf 86' lang='grc' dir='ltr'>ἀπικομένους</span> <span class='ocrx_word' id='word_1_176' title='bbox 1687 1870 1740 1919; x_wconf 79' lang='grc' dir='ltr'>δὲ</span> <span class='ocrx_word' id='word_1_177' title='bbox 1777 1866 1890 1920; x_wconf 86' lang='grc' dir='ltr'>τοὺς</span> <span class='ocrx_word' id='word_1_178' title='bbox 1925 1887 1949 1930; x_wconf 88' lang='lat'>3</span> 
     </span>
    </p>
   </div>
   <div class='ocr_carea' id='block_1_11' title="bbox 148 1950 1890 2527">
    <p class='ocr_par' dir='ltr' id='par_1_11' title="bbox 148 1950 1890 2527">
     <span class='ocr_line' id='line_1_23' title="bbox 220 1950 1890 2020; baseline 0.001 -18"><span class='ocrx_word' id='word_1_179' title='bbox 220 1955 541 2018; x_wconf 82' lang='grc' dir='ltr'>Νασαμῶνας</span> <span class='ocrx_word' id='word_1_180' title='bbox 567 1953 645 2005; x_wconf 90' lang='grc' dir='ltr'>καὶ</span> <span class='ocrx_word' id='word_1_181' title='bbox 670 1951 1036 2020; x_wconf 86' lang='grc' dir='ltr'>εἰρωτωμένους</span> <span class='ocrx_word' id='word_1_182' title='bbox 1060 1954 1108 2005; x_wconf 85' lang='grc' dir='ltr'>εἴ</span> <span class='ocrx_word' id='word_1_183' title='bbox 1124 1973 1172 2004; x_wconf 91' lang='grc' dir='ltr'>τι</span> <span class='ocrx_word' id='word_1_184' title='bbox 1195 1952 1374 2020; x_wconf 85' lang='grc' dir='ltr'>ἔχουσι</span> <span class='ocrx_word' id='word_1_185' title='bbox 1405 1950 1561 2004; x_wconf 89' lang='grc' dir='ltr'>πλέον</span> <span class='ocrx_word' id='word_1_186' title='bbox 1586 1950 1754 2018; x_wconf 90' lang='grc' dir='ltr'>λέγειν</span> <span class='ocrx_word' id='word_1_187' title='bbox 1779 1951 1890 2018; x_wconf 84' lang='grc' dir='ltr'>περὶ</span> 
     </span>
     <span class='ocr_line' id='line_1_24' title="bbox 219 2034 1888 2104; baseline 0 -16"><span class='ocrx_word' id='word_1_188' title='bbox 219 2040 316 2088; x_wconf 81' lang='grc' dir='ltr'>τῶν</span> <span class='ocrx_word' id='word_1_189' title='bbox 341 2035 536 2104; x_wconf 89' lang='grc' dir='ltr'>ἐρήμων</span> <span class='ocrx_word' id='word_1_190' title='bbox 565 2041 653 2103; x_wconf 84' lang='grc' dir='ltr'>τῆς</span> <span class='ocrx_word' id='word_1_191' title='bbox 677 2037 886 2103; x_wconf 83' lang='grc' dir='ltr'>Λιβύης,</span> <span class='ocrx_word' id='word_1_192' title='bbox 915 2035 1072 2104; x_wconf 84' lang='grc' dir='ltr'>φάναι</span> <span class='ocrx_word' id='word_1_193' title='bbox 1096 2038 1229 2103; x_wconf 83' lang='grc' dir='ltr'>παρὰ</span> <span class='ocrx_word' id='word_1_194' title='bbox 1254 2038 1410 2104; x_wconf 91' lang='grc' dir='ltr'>σφίσι</span> <span class='ocrx_word' id='word_1_195' title='bbox 1434 2034 1673 2104; x_wconf 71' lang='grc' dir='ltr'>γενέσθαι</span> <span class='ocrx_word' id='word_1_196' title='bbox 1697 2035 1888 2102; x_wconf 83' lang='grc' dir='ltr'>ἀνδρῶν</span> 
     </span>
     <span class='ocr_line' id='line_1_25' title="bbox 221 2120 1883 2189; baseline 0 -17"><span class='ocrx_word' id='word_1_197' title='bbox 221 2120 506 2174; x_wconf 87' lang='grc' dir='ltr'>δυναστέων</span> <span class='ocrx_word' id='word_1_198' title='bbox 526 2126 703 2176; x_wconf 83' lang='grc' dir='ltr'>παῖδας</span> <span class='ocrx_word' id='word_1_199' title='bbox 721 2121 984 2189; x_wconf 85' lang='grc' dir='ltr'>ὑβριστάς,</span> <span class='ocrx_word' id='word_1_200' title='bbox 997 2120 1111 2175; x_wconf 83' lang='grc' dir='ltr'>τοὺς</span> <span class='ocrx_word' id='word_1_201' title='bbox 1130 2120 1265 2172; x_wconf 84' lang='grc' dir='ltr'>ἄλλα</span> <span class='ocrx_word' id='word_1_202' title='bbox 1283 2142 1335 2173; x_wconf 87' lang='grc' dir='ltr'>τε</span> <span class='ocrx_word' id='word_1_203' title='bbox 1355 2123 1679 2188; x_wconf 81' lang='grc' dir='ltr'>μηχανᾶσθαι</span> <span class='ocrx_word' id='word_1_204' title='bbox 1698 2120 1883 2186; x_wconf 86' lang='grc' dir='ltr'>ἀνδρω-</span> 
     </span>
     <span class='ocr_line' id='line_1_26' title="bbox 219 2203 1887 2273; baseline 0 -17"><span class='ocrx_word' id='word_1_205' title='bbox 219 2203 394 2259; x_wconf 90' lang='grc' dir='ltr'>θέντας</span> <span class='ocrx_word' id='word_1_206' title='bbox 442 2208 662 2273; x_wconf 83' lang='grc' dir='ltr'>περισσὰ</span> <span class='ocrx_word' id='word_1_207' title='bbox 715 2206 795 2258; x_wconf 84' lang='grc' dir='ltr'>καὶ</span> <span class='ocrx_word' id='word_1_208' title='bbox 845 2205 904 2271; x_wconf 79' lang='grc' dir='ltr'>δὴ</span> <span class='ocrx_word' id='word_1_209' title='bbox 955 2205 1034 2258; x_wconf 90' lang='grc' dir='ltr'>καὶ</span> <span class='ocrx_word' id='word_1_210' title='bbox 1080 2206 1439 2273; x_wconf 84' lang='grc' dir='ltr'>ἀποκληρῶσαι</span> <span class='ocrx_word' id='word_1_211' title='bbox 1490 2203 1640 2258; x_wconf 89' lang='grc' dir='ltr'>πέντε</span> <span class='ocrx_word' id='word_1_212' title='bbox 1691 2207 1887 2257; x_wconf 83' lang='grc' dir='ltr'>ἑωυτῶν</span> 
     </span>
     <span class='ocr_line' id='line_1_27' title="bbox 148 2288 1888 2357; baseline 0.001 -17"><span class='ocrx_word' id='word_1_213' title='bbox 148 2312 194 2353; x_wconf 83' lang='lat'>25</span> <span class='ocrx_word' id='word_1_214' title='bbox 220 2289 499 2356; x_wconf 81' lang='grc' dir='ltr'>ὀψομένους</span> <span class='ocrx_word' id='word_1_215' title='bbox 530 2293 592 2343; x_wconf 80' lang='grc' dir='ltr'>τὰ</span> <span class='ocrx_word' id='word_1_216' title='bbox 623 2291 780 2357; x_wconf 83' lang='grc' dir='ltr'>ἔρημα</span> <span class='ocrx_word' id='word_1_217' title='bbox 810 2293 898 2356; x_wconf 86' lang='grc' dir='ltr'>τῆς</span> <span class='ocrx_word' id='word_1_218' title='bbox 920 2290 1131 2356; x_wconf 87' lang='grc' dir='ltr'>Λιβύης,</span> <span class='ocrx_word' id='word_1_219' title='bbox 1159 2289 1238 2341; x_wconf 88' lang='grc' dir='ltr'>καὶ</span> <span class='ocrx_word' id='word_1_220' title='bbox 1269 2291 1316 2342; x_wconf 86' lang='grc' dir='ltr'>εἴ</span> <span class='ocrx_word' id='word_1_221' title='bbox 1341 2311 1390 2341; x_wconf 94' lang='grc' dir='ltr'>τι</span> <span class='ocrx_word' id='word_1_222' title='bbox 1421 2288 1578 2342; x_wconf 89' lang='grc' dir='ltr'>πλέον</span> <span class='ocrx_word' id='word_1_223' title='bbox 1608 2291 1761 2342; x_wconf 85' lang='grc' dir='ltr'>ἴδοιεν</span> <span class='ocrx_word' id='word_1_224' title='bbox 1790 2293 1888 2341; x_wconf 84' lang='grc' dir='ltr'>τῶν</span> 
     </span>
     <span class='ocr_line' id='line_1_28' title="bbox 222 2372 1888 2442; baseline -0.001 -17"><span class='ocrx_word' id='word_1_225' title='bbox 222 2375 284 2425; x_wconf 79' lang='grc' dir='ltr'>τὰ</span> <span class='ocrx_word' id='word_1_226' title='bbox 312 2375 596 2442; x_wconf 91' lang='grc' dir='ltr'>μακρότατα</span> <span class='ocrx_word' id='word_1_227' title='bbox 628 2374 884 2441; x_wconf 87' lang='grc' dir='ltr'>ἰδομένων.</span> <span class='ocrx_word' id='word_1_228' title='bbox 951 2378 1040 2440; x_wconf 86' lang='grc' dir='ltr'>τῆς</span> <span class='ocrx_word' id='word_1_229' title='bbox 1072 2376 1167 2441; x_wconf 82' lang='grc' dir='ltr'>γὰρ</span> <span class='ocrx_word' id='word_1_230' title='bbox 1198 2374 1394 2440; x_wconf 90' lang='grc' dir='ltr'>Λιβύης</span> <span class='ocrx_word' id='word_1_231' title='bbox 1423 2376 1486 2426; x_wconf 83' lang='grc' dir='ltr'>τὰ</span> <span class='ocrx_word' id='word_1_232' title='bbox 1522 2376 1614 2439; x_wconf 80' lang='grc' dir='ltr'>μὲν</span> <span class='ocrx_word' id='word_1_233' title='bbox 1647 2375 1769 2425; x_wconf 80' lang='grc' dir='ltr'>κατὰ</span> <span class='ocrx_word' id='word_1_234' title='bbox 1798 2372 1888 2438; x_wconf 77' lang='grc' dir='ltr'>τὴν</span> 
     </span>
     <span class='ocr_line' id='line_1_29' title="bbox 219 2457 1888 2527; baseline 0.001 -17"><span class='ocrx_word' id='word_1_235' title='bbox 219 2459 431 2526; x_wconf 86' lang='grc' dir='ltr'>βορηίην</span> <span class='ocrx_word' id='word_1_236' title='bbox 453 2458 724 2512; x_wconf 87' lang='grc' dir='ltr'>θάλασσαν</span> <span class='ocrx_word' id='word_1_237' title='bbox 754 2459 837 2512; x_wconf 87' lang='grc' dir='ltr'>ἀπ’</span> <span class='ocrx_word' id='word_1_238' title='bbox 861 2458 1116 2527; x_wconf 87' lang='grc' dir='ltr'>Αἰγύπτου</span> <span class='ocrx_word' id='word_1_239' title='bbox 1139 2457 1406 2526; x_wconf 82' lang='grc' dir='ltr'>ἀρξάμενοι</span> <span class='ocrx_word' id='word_1_240' title='bbox 1435 2457 1585 2526; x_wconf 90' lang='grc' dir='ltr'>μέχρι</span> <span class='ocrx_word' id='word_1_241' title='bbox 1615 2458 1888 2511; x_wconf 87' lang='grc' dir='ltr'>Σολόεντος</span> 
     </span>
    </p>
   </div>
   <div class='ocr_carea' id='block_1_12' title="bbox 1924 2395 1950 2436">
    <p class='ocr_par' dir='ltr' id='par_1_12' title="bbox 1924 2395 1950 2436">
     <span class='ocr_line' id='line_1_30' title="bbox 1924 2395 1950 2436; baseline 0 -21"><span class='ocrx_word' id='word_1_242' title='bbox 1924 2395 1950 2436; x_wconf 69' lang='lat'>4</span> 
     </span>
    </p>
   </div>
   <div class='ocr_carea' id='block_1_13' title="bbox 219 2540 2098 2616">
    <p class='ocr_par' dir='ltr' id='par_1_13' title="bbox 219 2540 2098 2616">
     <span class='ocr_line' id='line_1_31' title="bbox 219 2540 2098 2616; baseline 0.001 -19"><span class='ocrx_word' id='word_1_243' title='bbox 219 2540 387 2609; x_wconf 79' lang='grc' dir='ltr'>ἄκρης,</span> <span class='ocrx_word' id='word_1_244' title='bbox 411 2541 441 2609; x_wconf 83' lang='grc' dir='ltr'>ἢ</span> <span class='ocrx_word' id='word_1_245' title='bbox 465 2550 673 2616; x_wconf 77' lang='grc' dir='ltr'>τελευτᾷ</span> <span class='ocrx_word' id='word_1_246' title='bbox 695 2547 782 2610; x_wconf 88' lang='grc' dir='ltr'>τῆς</span> <span class='ocrx_word' id='word_1_247' title='bbox 807 2545 1018 2610; x_wconf 88' lang='grc' dir='ltr'>Λιβύης,</span> <span class='ocrx_word' id='word_1_248' title='bbox 1045 2541 1484 2611; x_wconf 64' lang='grc' dir='ltr'>παρήκουσ-ι-παρὰ</span> <span class='ocrx_word' id='word_1_249' title='bbox 1507 2545 1685 2594; x_wconf 82' lang='grc' dir='ltr'>πᾶσαν</span> <span class='ocrx_word' id='word_1_250' title='bbox 1701 2542 1888 2607; x_wconf 91' lang='grc' dir='ltr'>Λίβυες</span> <span class='ocrx_word' id='word_1_251' title='bbox 1903 2550 2098 2598; x_wconf 46' lang='grc' dir='ltr'>(ιτνννιυιή1</span> 
     </span>
    </p>
   </div>
   <div class='ocr_carea' id='block_1_14' title="bbox 219 2678 1886 3062">
    <p class='ocr_par' dir='ltr' id='par_1_14' title="bbox 219 2678 1886 3062">
     <span class='ocr_line' id='line_1_32' title="bbox 280 2678 1885 2733; baseline -0.001 -10"><span class='ocrx_word' id='word_1_252' title='bbox 280 2695 294 2720; x_wconf 90' lang='lat'>1</span> <span class='ocrx_word' id='word_1_253' title='bbox 320 2683 488 2724; x_wconf 81' lang='grc' dir='ltr'>ἑωυτοὺς</span> <span class='ocrx_word' id='word_1_254' title='bbox 504 2682 543 2722; x_wconf 89' lang='grc' dir='ltr'>Α</span> <span class='ocrx_word' id='word_1_255' title='bbox 558 2683 592 2722; x_wconf 90' lang='grc' dir='ltr'><em>Β</em></span> <span class='ocrx_word' id='word_1_256' title='bbox 606 2684 641 2723; x_wconf 94' lang='lat' dir='ltr'>C</span> <span class='ocrx_word' id='word_1_257' title='bbox 658 2683 696 2722; x_wconf 89' lang='lat' dir='ltr'>R</span> <span class='ocrx_word' id='word_1_258' title='bbox 712 2684 794 2724; x_wconf 88' lang='lat' dir='ltr'>SV</span> <span class='ocrx_word' id='word_1_259' title='bbox 905 2696 928 2721; x_wconf 79' lang='lat'>2</span> <span class='ocrx_word' id='word_1_260' title='bbox 944 2696 983 2733; x_wconf 85' lang='lat'>-3</span> <span class='ocrx_word' id='word_1_261' title='bbox 1016 2685 1036 2723; x_wconf 82' lang='grc' dir='ltr'><em>ὁ</em></span> <span class='ocrx_word' id='word_1_262' title='bbox 1054 2712 1064 2722; x_wconf 91' lang='grc'>.</span> <span class='ocrx_word' id='word_1_263' title='bbox 1083 2712 1093 2721; x_wconf 92' lang='grc'>.</span> <span class='ocrx_word' id='word_1_264' title='bbox 1111 2712 1120 2721; x_wconf 92' lang='grc'>.</span> <span class='ocrx_word' id='word_1_265' title='bbox 1142 2683 1340 2723; x_wconf 83' lang='grc' dir='ltr'>Αἰθιόπων</span> <span class='ocrx_word' id='word_1_266' title='bbox 1354 2694 1434 2721; x_wconf 86' lang='lat' dir='ltr'>om.</span> <span class='ocrx_word' id='word_1_267' title='bbox 1459 2681 1496 2718; x_wconf 88' lang='lat' dir='ltr'>R</span> <span class='ocrx_word' id='word_1_268' title='bbox 1514 2681 1543 2719; x_wconf 89' lang='lat' dir='ltr'>S</span> <span class='ocrx_word' id='word_1_269' title='bbox 1557 2680 1595 2719; x_wconf 92' lang='lat' dir='ltr'>V</span> <span class='ocrx_word' id='word_1_270' title='bbox 1693 2693 1714 2727; x_wconf 89' lang='lat'>7</span> <span class='ocrx_word' id='word_1_271' title='bbox 1736 2678 1885 2721; x_wconf 84' lang='grc' dir='ltr'>τεσσά-</span> 
     </span>
     <span class='ocr_line' id='line_1_33' title="bbox 219 2734 1886 2790; baseline -0.002 -12"><span class='ocrx_word' id='word_1_272' title='bbox 219 2754 295 2789; x_wconf 83' lang='grc' dir='ltr'>ρων</span> <span class='ocrx_word' id='word_1_273' title='bbox 317 2738 350 2775; x_wconf 86' lang='lat' dir='ltr'>C</span> <span class='ocrx_word' id='word_1_274' title='bbox 460 2740 706 2789; x_wconf 72' lang='grc' dir='ltr'>’γινώσκεται</span> <span class='ocrx_word' id='word_1_275' title='bbox 727 2740 749 2779; x_wconf 70' lang='grc' dir='ltr'><strong><em>ὃ</em></strong></span> <span class='ocrx_word' id='word_1_276' title='bbox 769 2740 1014 2790; x_wconf 79' lang='grc' dir='ltr'>γινώσκεται</span> <span class='ocrx_word' id='word_1_277' title='bbox 1036 2740 1056 2777; x_wconf 83' lang='grc' dir='ltr'><strong><em>ὁ</em></strong></span> <span class='ocrx_word' id='word_1_278' title='bbox 1080 2736 1118 2775; x_wconf 86' lang='lat' dir='ltr'><strong>R</strong></span> <span class='ocrx_word' id='word_1_279' title='bbox 1143 2736 1227 2785; x_wconf 78' lang='lat' dir='ltr'>(bis</span> <span class='ocrx_word' id='word_1_280' title='bbox 1247 2737 1379 2788; x_wconf 51' lang='grc' dir='ltr'>γῆν.)</span> <span class='ocrx_word' id='word_1_281' title='bbox 1407 2737 1437 2774; x_wconf 73' lang='lat' dir='ltr'>S</span> <span class='ocrx_word' id='word_1_282' title='bbox 1451 2735 1488 2772; x_wconf 95' lang='lat' dir='ltr'>V</span> <span class='ocrx_word' id='word_1_283' title='bbox 1642 2734 1667 2772; x_wconf 87' lang='grc'><strong>8</strong></span> <span class='ocrx_word' id='word_1_284' title='bbox 1697 2738 1886 2776; x_wconf 74' lang='grc' dir='ltr'>τοσοῦτοι</span> 
     </span>
     <span class='ocr_line' id='line_1_34' title="bbox 224 2789 1886 2841; baseline -0.002 -11"><span class='ocrx_word' id='word_1_285' title='bbox 224 2790 381 2832; x_wconf 81' lang='lat' dir='ltr'><strong>Reiske</strong></span> <span class='ocrx_word' id='word_1_286' title='bbox 400 2807 408 2831; x_wconf 90' lang='lat'><strong>:</strong></span> <span class='ocrx_word' id='word_1_287' title='bbox 437 2793 621 2834; x_wconf 85' lang='grc' dir='ltr'>τοσούτω</span> <span class='ocrx_word' id='word_1_288' title='bbox 644 2793 682 2831; x_wconf 86' lang='lat' dir='ltr'>R</span> <span class='ocrx_word' id='word_1_289' title='bbox 700 2795 729 2832; x_wconf 71' lang='lat' dir='ltr'>S</span> <span class='ocrx_word' id='word_1_290' title='bbox 745 2795 782 2832; x_wconf 96' lang='lat' dir='ltr'>V</span> <span class='ocrx_word' id='word_1_291' title='bbox 802 2808 810 2832; x_wconf 91' lang='lat'>:</span> <span class='ocrx_word' id='word_1_292' title='bbox 842 2792 950 2833; x_wconf 76' lang='grc' dir='ltr'>οὗτοι</span> <span class='ocrx_word' id='word_1_293' title='bbox 973 2792 1012 2831; x_wconf 88' lang='grc' dir='ltr'>Α</span> <span class='ocrx_word' id='word_1_294' title='bbox 1030 2791 1064 2831; x_wconf 92' lang='grc' dir='ltr'>Β</span> <span class='ocrx_word' id='word_1_295' title='bbox 1080 2792 1113 2830; x_wconf 88' lang='lat' dir='ltr'>C</span> <span class='ocrx_word' id='word_1_296' title='bbox 1131 2791 1164 2829; x_wconf 90' lang='lat' dir='ltr'>P</span> <span class='ocrx_word' id='word_1_297' title='bbox 1336 2802 1349 2828; x_wconf 88' lang='lat'>1</span> <span class='ocrx_word' id='word_1_298' title='bbox 1364 2803 1379 2829; x_wconf 86' lang='lat'><em>1</em></span> <span class='ocrx_word' id='word_1_299' title='bbox 1415 2791 1601 2841; x_wconf 78' lang='grc' dir='ltr'>ἑσπερίης</span> <span class='ocrx_word' id='word_1_300' title='bbox 1625 2790 1657 2827; x_wconf 84' lang='lat' dir='ltr'>C</span> <span class='ocrx_word' id='word_1_301' title='bbox 1770 2789 1886 2837; x_wconf 78' lang='grc' dir='ltr'>ἡλίου</span> 
     </span>
     <span class='ocr_line' id='line_1_35' title="bbox 220 2843 1885 2906; baseline -0.002 -21"><span class='ocrx_word' id='word_1_302' title='bbox 220 2860 301 2886; x_wconf 80' lang='lat' dir='ltr'>om.</span> <span class='ocrx_word' id='word_1_303' title='bbox 327 2846 462 2906; x_wconf 64' lang='lat' dir='ltr'>Rsy</span> <span class='ocrx_word' id='word_1_304' title='bbox 632 2862 681 2898; x_wconf 88' lang='lat'>13</span> <span class='ocrx_word' id='word_1_305' title='bbox 710 2849 828 2894; x_wconf 60' lang='lat' dir='ltr'>niae]</span> <span class='ocrx_word' id='word_1_306' title='bbox 851 2849 905 2889; x_wconf 77' lang='grc' dir='ltr'>τὰ</span> <span class='ocrx_word' id='word_1_307' title='bbox 924 2848 962 2886; x_wconf 87' lang='grc' dir='ltr'>Α</span> <span class='ocrx_word' id='word_1_308' title='bbox 979 2848 1011 2886; x_wconf 83' lang='grc' dir='ltr'>Β</span> <span class='ocrx_word' id='word_1_309' title='bbox 1029 2847 1062 2886; x_wconf 88' lang='lat' dir='ltr'>C</span> <span class='ocrx_word' id='word_1_310' title='bbox 1236 2859 1280 2896; x_wconf 84' lang='lat'>14</span> <span class='ocrx_word' id='word_1_311' title='bbox 1314 2863 1359 2886; x_wconf 73' lang='grc' dir='ltr'>τε</span> <span class='ocrx_word' id='word_1_312' title='bbox 1384 2859 1466 2884; x_wconf 84' lang='lat' dir='ltr'>om.</span> <span class='ocrx_word' id='word_1_313' title='bbox 1491 2846 1524 2883; x_wconf 94' lang='lat' dir='ltr'>C</span> <span class='ocrx_word' id='word_1_314' title='bbox 1690 2855 1737 2893; x_wconf 90' lang='lat'>15</span> <span class='ocrx_word' id='word_1_315' title='bbox 1767 2845 1821 2885; x_wconf 77' lang='grc' dir='ltr'>εἷς</span> <span class='ocrx_word' id='word_1_316' title='bbox 1847 2843 1885 2882; x_wconf 82' lang='lat' dir='ltr'>R</span> 
     </span>
     <span class='ocr_line' id='line_1_36' title="bbox 221 2897 1884 2955; baseline -0.002 -14"><span class='ocrx_word' id='word_1_317' title='bbox 221 2901 368 2953; x_wconf 81' lang='grc' dir='ltr'>λόγους</span> <span class='ocrx_word' id='word_1_318' title='bbox 388 2903 475 2955; x_wconf 78' lang='grc' dir='ltr'>περὶ</span> <span class='ocrx_word' id='word_1_319' title='bbox 497 2909 569 2944; x_wconf 81' lang='grc' dir='ltr'>τοῦ</span> <span class='ocrx_word' id='word_1_320' title='bbox 590 2906 738 2945; x_wconf 84' lang='grc' dir='ltr'>Νείλου</span> <span class='ocrx_word' id='word_1_321' title='bbox 759 2905 796 2943; x_wconf 92' lang='grc' dir='ltr'>Α</span> <span class='ocrx_word' id='word_1_322' title='bbox 813 2904 847 2943; x_wconf 88' lang='grc' dir='ltr'><strong>Β</strong></span> <span class='ocrx_word' id='word_1_323' title='bbox 866 2904 900 2941; x_wconf 89' lang='lat' dir='ltr'>C</span> <span class='ocrx_word' id='word_1_324' title='bbox 1090 2902 1139 2941; x_wconf 88' lang='lat'>18</span> <span class='ocrx_word' id='word_1_325' title='bbox 1170 2901 1311 2951; x_wconf 82' lang='grc' dir='ltr'>-μόνας</span> <span class='ocrx_word' id='word_1_326' title='bbox 1336 2900 1373 2938; x_wconf 88' lang='lat' dir='ltr'><strong>R</strong></span> <span class='ocrx_word' id='word_1_327' title='bbox 1568 2913 1615 2948; x_wconf 87' lang='lat'>19</span> <span class='ocrx_word' id='word_1_328' title='bbox 1647 2898 1697 2939; x_wconf 81' lang='grc' dir='ltr'>ἕω</span> <span class='ocrx_word' id='word_1_329' title='bbox 1717 2897 1754 2936; x_wconf 81' lang='grc' dir='ltr'>Α</span> <span class='ocrx_word' id='word_1_330' title='bbox 1772 2898 1806 2936; x_wconf 88' lang='grc' dir='ltr'>Β</span> <span class='ocrx_word' id='word_1_331' title='bbox 1825 2899 1859 2936; x_wconf 89' lang='lat' dir='ltr'>C</span> <span class='ocrx_word' id='word_1_332' title='bbox 1876 2913 1884 2938; x_wconf 74' lang='grc' dir='ltr'><em>τ</em></span> 
     </span>
     <span class='ocr_line' id='line_1_37' title="bbox 221 2953 1885 3010; baseline -0.004 -13"><span class='ocrx_word' id='word_1_333' title='bbox 221 2972 245 3003; x_wconf 93' lang='grc' dir='ltr'>η</span> <span class='ocrx_word' id='word_1_334' title='bbox 267 2956 348 2994; x_wconf 78' lang='lat' dir='ltr'>SV</span> <span class='ocrx_word' id='word_1_335' title='bbox 487 2971 533 2996; x_wconf 78' lang='lat'>21</span> <span class='ocrx_word' id='word_1_336' title='bbox 570 2962 682 3010; x_wconf 82' lang='grc' dir='ltr'>ἐρωτ.</span> <span class='ocrx_word' id='word_1_337' title='bbox 709 2959 747 2997; x_wconf 88' lang='grc' dir='ltr'><strong>Λ</strong></span> <span class='ocrx_word' id='word_1_338' title='bbox 764 2958 821 2998; x_wconf 82' lang='grc' dir='ltr'>Β;</span> <span class='ocrx_word' id='word_1_339' title='bbox 853 2962 971 3009; x_wconf 83' lang='grc' dir='ltr'>ἠρωτ.</span> <span class='ocrx_word' id='word_1_340' title='bbox 996 2958 1030 2995; x_wconf 91' lang='lat' dir='ltr'>C</span> <span class='ocrx_word' id='word_1_341' title='bbox 1170 2969 1220 3004; x_wconf 78' lang='lat'>²4</span> <span class='ocrx_word' id='word_1_342' title='bbox 1251 2956 1321 2994; x_wconf 77' lang='lat' dir='ltr'>alt.</span> <span class='ocrx_word' id='word_1_343' title='bbox 1347 2956 1410 2996; x_wconf 83' lang='grc' dir='ltr'>καὶ</span> <span class='ocrx_word' id='word_1_344' title='bbox 1433 2968 1516 2993; x_wconf 82' lang='lat' dir='ltr'>om.</span> <span class='ocrx_word' id='word_1_345' title='bbox 1543 2954 1576 2991; x_wconf 90' lang='lat' dir='ltr'>C</span> <span class='ocrx_word' id='word_1_346' title='bbox 1689 2956 1824 2994; x_wconf 81' lang='grc' dir='ltr'>ωυτῶν</span> <span class='ocrx_word' id='word_1_347' title='bbox 1846 2953 1885 2991; x_wconf 83' lang='lat' dir='ltr'><strong>R</strong></span> 
     </span>
     <span class='ocr_line' id='line_1_38' title="bbox 220 3012 750 3062; baseline 0.008 -14"><span class='ocrx_word' id='word_1_348' title='bbox 220 3012 273 3049; x_wconf 81' lang='lat'>26</span> <span class='ocrx_word' id='word_1_349' title='bbox 301 3023 362 3062; x_wconf 78' lang='lat' dir='ltr'>pr.</span> <span class='ocrx_word' id='word_1_350' title='bbox 387 3013 439 3054; x_wconf 86' lang='grc' dir='ltr'>τὰ</span> <span class='ocrx_word' id='word_1_351' title='bbox 459 3026 539 3053; x_wconf 88' lang='lat' dir='ltr'>om.</span> <span class='ocrx_word' id='word_1_352' title='bbox 564 3013 598 3052; x_wconf 88' lang='lat' dir='ltr'>P</span> <span class='ocrx_word' id='word_1_353' title='bbox 614 3013 650 3051; x_wconf 87' lang='lat' dir='ltr'><strong>R</strong></span> <span class='ocrx_word' id='word_1_354' title='bbox 668 3013 750 3053; x_wconf 82' lang='lat' dir='ltr'>SV</span> 
     </span>
    </p>
   </div>
  </div>
 </body>
</html>
