2098 3320
788 172 1167 221 ιΣΤοΡιΩΝ
1228 172 1270 220 Α
1894 178 1927 224 1.
1953 178 2023 238 98

185 307 323 360 ταῖοί
348 304 448 360 εἰσι
478 306 505 357 ὁ
533 307 624 372 μὲν
647 262 1130 374 xmffifze'm,
1172 306 1198 356 ὁ
1229 307 1281 357 δὲ
1321 306 1856 374 κατακεχρυσωμένους

187 392 320 462 ἔχων
348 391 463 445 τοὺς
493 394 869 459 προμαχεῶνας.
958 394 1110 442 ταῦτα
1149 394 1240 455 μὲν
1283 389 1340 454 δὴ
1374 391 1400 441 ὁ
1434 391 1652 455 Δηιόκης
1693 394 1855 462 ἑωυτῷ
1894 406 1968 456 99

185 498 239 530 τε
281 476 469 544 ἐτείχεε
510 476 590 527 καὶ
630 474 742 542 περὶ
782 476 843 525 τὰ
884 477 1067 526 ἑωυτοῦ
1104 475 1249 534 οἰκία,
1284 473 1371 525 τὸν
1413 476 1463 526 δὲ
1507 473 1666 527 ἄλλον
1703 478 1857 542 δῆμον

187 559 333 627 πέριξ
358 560 555 613 ἐκέλευε
585 558 641 611 τὸ
670 564 838 628 τεῖχος
869 558 1065 611 οἰκέειν.
1115 558 1543 624 οἰκοδομηθέντων
1576 562 1627 611 δὲ
1659 559 1857 612 πάντων

138 664 160 705 5
188 646 377 711 κόσμον
407 645 552 696 τόνδε
574 644 792 708 Δηιόκης
825 644 1015 710 πρῶτός
1049 645 1159 695 ἐστι
1190 644 1216 694 ὁ
1251 642 1709 709 καταστησάμενος,
1734 644 1858 710 μήτε

185 729 378 782 ἐσιέναι
408 731 542 796 παρὰ
572 727 801 795 βασιλέα
830 727 1032 793 μηδένα,
1068 727 1130 780 δι’
1164 727 1397 795 ἀγγέλων
1434 730 1485 780 δὲ
1526 727 1689 780 πάντα
1732 733 1855 797 χρᾶ-

186 817 325 875 σθαι,
361 814 576 881 ὁρᾶσθαί
610 834 664 866 τε
705 811 933 879 βασιλέα
974 812 1070 865 ὑπὸ
1112 813 1340 878 μηδενός,
1375 813 1497 880 πρός
1540 834 1594 865 τε
1637 814 1859 869 τούτοισι

185 898 259 951 ἔτι
289 901 443 966 γελᾶν
479 919 533 951 τε
577 899 657 950 καὶ
696 897 867 950 πτύειν
909 898 1079 963 ἄιε-ζον
1119 899 1200 949 καὶ
1248 897 1408 949 ἅπασι
1453 896 1579 949 εἶναι
1613 899 1760 949 τοῦτό
1800 920 1860 966 γε
1886 899 2098 941 WQW

185 984 416 1052 αἰσχρόν.
484 987 637 1035 ταῦτα
660 985 712 1034 δὲ
732 983 844 1049 περὶ
865 981 1047 1034 ἑωυτὸν
1071 981 1312 1047 ἐσέμνυνε
1333 986 1486 1034 τῶνδε
1512 983 1712 1042 εἵνεκεν,
1735 984 1860 1037 ὅκως
1893 954 2098 1037 ξω

83 1085 163 1144 ’19
185 1066 246 1121 ἂν
276 1068 343 1133 μὴ
376 1069 588 1135 ὁρῶντες
620 1070 666 1119 οἱ
706 1066 954 1132 ὁμήλικες,
989 1067 1158 1119 ἐόντες
1190 1066 1468 1134 σύντροφοί
1494 1088 1547 1118 τε
1579 1068 1748 1137 ἐκείνῳ
1781 1068 1860 1120 καὶ

0 1136 342 1251 minin?
392 1152 449 1204 οὐ
499 1150 844 1220 φλαυροτέρης
892 1151 1004 1203 οὐδὲ
1060 1153 1109 1204 ἐς
1163 1152 1499 1217 ἀνδραγαθίην
1551 1152 1856 1216 λειπόμενοι,

184 1238 452 1290 λυπεοίατο
486 1237 566 1288 καὶ
596 1235 989 1302 ἐπιβουλεύοιεν,
1026 1235 1142 1287 ἀλλ’
1176 1236 1390 1301 ἑτεροῖός
1415 1241 1512 1302 σφι
1543 1235 1703 1287 δοκέοι
1735 1236 1860 1288 εἶναι

184 1321 251 1388 μὴ
276 1322 446 1389 ὁρῶσι.
525 1322 688 1373 ἐπείτε
722 1323 947 1373 δὲταῦτα
971 1321 1277 1385 διεκόσμησε
1304 1319 1383 1370 καὶ
1416 1318 1647 1386 ἐκράτυνε
1679 1319 1859 1373 ἑωυτὸν
1897 1333 1992 1369 100

185 1407 245 1478 τῇ
276 1407 540 1475 τυραννίδι,
576 1405 639 1471 ἧν
668 1404 724 1457 τὸ
749 1394 937 1457 δίκαιον
965 1403 1249 1471 φυλάσσων
1273 1404 1514 1472 χαλεπός.
1582 1405 1661 1456 καὶ
1691 1403 1778 1458 τάς
1808 1395 1860 1457 τε

116 1507 161 1549 ¹5
187 1491 324 1546 δίκας
355 1490 638 1559 γράφοντες
669 1489 771 1542 ἔσω
797 1489 911 1556 παρ’
933 1491 1122 1541 ἐκεῖνον
1156 1488 1526 1554 ἐσπέμπεσκον,
1562 1490 1641 1540 καὶ
1673 1490 1858 1543 ἐκεῖνος

187 1575 448 1643 διακρίνων
487 1577 575 1629 τὰς
616 1573 962 1642 ἐσφερομένας
999 1572 1331 1639 ἐκπέμπεσκε.
1405 1577 1557 1625 ταῦτα
1596 1576 1687 1638 μὲν
1737 1576 1858 1625 κατὰ
1894 1593 1920 1625 2

186 1661 274 1713 τὰς
305 1661 442 1714 δίκας
477 1660 655 1718 ἐποίεε,
682 1658 797 1711 τάδε
822 1661 875 1711 δὲ
906 1657 1040 1710 ἄλλα
1062 1656 1394 1723 ἐκεκοσμέατό
1423 1660 1484 1709 οἱ·
1532 1659 1578 1710 εἴ
1605 1678 1715 1710 τινα
1737 1679 1854 1710 πυν-

188 1742 388 1797 θάνοιτο
418 1745 700 1811 ὑβρίζοντα,
749 1747 924 1795 τοῦτον
964 1743 1090 1796 ὅκως
1135 1740 1534 1809 μεταπέμψαιτο,
1581 1741 1682 1792 κατ’
1714 1741 1857 1807 ἀξίην

1858 1804 1986 1872 sym>
2074 1864 2076 1866 ·

116 1929 166 1958 20
185 1910 330 1985 ῄκοοι,
358 1911 490 1977 ἦσαν
521 1914 615 1965 ἀνὰ
634 1910 944 1975 ,πᾶσαντὴν
980 1911 1148 1979 χώρην
1189 1914 1276 1973 τῆς
1307 1909 1446 1977 ἦρχε.
1518 1911 1735 1975 Δηιόκης
1765 1910 1856 1975 μέν
1897 1921 1980 1958 101
2070 1933 2072 1935 >

190 2018 278 2049 νυν
307 1997 365 2049 τὸ
398 1996 624 2062 Μηδικὸν
655 1996 797 2051 ἔθνος
837 1995 1155 2063 συνέστρεψε
1185 1999 1367 2060 μοῦνον
1399 1995 1477 2047 καὶ
1515 1995 1687 2046 τούτου
1720 1993 1851 2061 ἦρξε.

190 2080 302 2133 ἔστι
333 2084 385 2133 δὲ
419 2080 608 2146 Μήδων
638 2079 823 2133 τοσάδε
854 2079 1019 2148 γε’-νεα,
1057 2084 1260 2140 Βοῦσαι,
1284 2079 1650 2145 Παρητακηνοί,
1675 2079 1855 2146 Στρού-
1878 2080 2031 2122 ΝΜ·

190 2187 355 2234 χατες,
384 2165 695 2232 ῚἈριζαντοί,
738 2165 951 2223 Βούδιοι,
1000 2162 1188 2231 Μάγοι.
1277 2163 1427 2230 γένεα
1456 2165 1548 2229 μὲν
1579 2162 1636 2227 δὴ
1669 2162 1857 2227 Μήδων

191 2249 303 2301 ἐστὶ
343 2243 542 2302 τοσάδε.
634 2250 858 2314 Δηιόκεω
904 2251 957 2322 δὲ
993 2252 1109 2302 παῖς
1150 2249 1337 2315 γίνεται
1370 2248 1642 2315 Φραόρτης,
1682 2246 1735 2300 ὃς
1776 2269 1854 2299 τε-
1896 2263 1989 2301 102

117 2349 163 2392 25
189 2332 525 2399 λευτήσαντος
559 2334 800 2399 Δηιόκεω,
838 2333 1247 2399 βασιλεύσαντος
1285 2333 1396 2399 τρία
1434 2333 1512 2384 καὶ
1553 2330 1859 2396 πεντήκοντα

189 1827 401 1881 ἑκάστου
431 1827 727 1894 ἀδικήματος
764 1829 992 1886 ἐδικαίευ,
1022 1828 1106 1878 καί
1132 1829 1177 1878 οἱ
1210 1825 1521 1892 κατά-ο-κοποί
1546 1847 1600 1878 τε
1632 1826 1710 1878 καὶ
1742 1848 1854 1888 κατ,-

190 2418 319 2479 ἔτεα,
353 2417 655 2486 παρεδέξατο
692 2417 782 2483 τὴν
820 2416 995 2486 ἀρχήν.
1075 2415 1475 2484 παραδεξάμενος
1517 2419 1569 2469 δὲ
1611 2416 1698 2468 οὐκ
1737 2418 1854 2469 ἀπε-

244 2558 271 2596 6
301 2557 465 2600 εἰσιέναι
488 2557 525 2597 Α
542 2558 576 2596 Β
689 2555 882 2610 χρέεσθαι
906 2556 939 2596 L
1089 2568 1110 2605 7
1142 2568 1200 2606 pr.
1225 2555 1291 2607 τεῖ
1316 2554 1359 2596 δὲ
1384 2555 1421 2593 R
1439 2555 1522 2595 SV
1664 2556 1689 2593 8
1721 2555 1858 2596 ἀντίον

190 2612 333 2654 πτύειν
379 2613 417 2652 Α
433 2613 467 2651 Β
486 2614 519 2652 C
536 2613 568 2651 P
587 2626 596 2650 τ
644 2612 784 2653 πτύειν
823 2613 886 2653 καὶ
927 2611 1050 2652 ἅπασι
1091 2612 1190 2652 εἶναι
1224 2611 1361 2652 ἀντίον
1398 2609 1547 2651 τούτου
1582 2609 1855 2649 Herwerden

190 2681 218 2718 9
247 2667 381 2718 ἐσέμν.
406 2672 533 2709 τῶνδε
555 2667 650 2718 dm]
671 2667 875 2708 ποιέονται
899 2666 938 2704 R
955 2666 1036 2705 SV
1230 2678 1279 2704 10
1308 2667 1357 2706 ἂν
1377 2678 1458 2705 om.
1486 2665 1523 2702 R
1542 2666 1571 2704 S
1586 2666 1623 2704 V
1762 2664 1855 2705 σύν-

191 2731 332 2775 τροφοι
355 2754 362 2762 .
386 2753 396 2762 .
423 2755 430 2762 .
453 2722 704 2773 λειπόμενοι]
755 2723 820 2763 καὶ
869 2720 1086 2772 σύντροφοι
1136 2720 1279 2772 ἀγαθοί
1322 2737 1368 2760 τε
1409 2721 1473 2760 καὶ
1517 2721 1678 2771 ἄλκιμοι
1719 2718 1757 2757 R
1775 2719 1856 2759 SV

196 2776 239 2815 ἸΙ
273 2786 395 2829 φαυλ.
424 2778 457 2816 C
683 2789 730 2815 12
762 2774 881 2817 ἀλλ’.
904 2806 913 2815 .
932 2806 941 2815 .
961 2775 1064 2829 ἦρχε
1087 2776 1178 2822 (2ο)
1202 2788 1282 2813 om.
1310 2774 1349 2811 R
1367 2775 1449 2813 SV
1673 2786 1721 2823 15
1752 2776 1855 2815 εἰσε-

191 2832 314 2881 πέμπ.
346 2834 379 2870 C
397 2832 429 2870 P
652 2845 698 2881 17
729 2831 825 2872 τάδε
846 2830 891 2871 δὲ
913 2831 1027 2870 Eltz:
1059 2832 1112 2871 τὰ
1140 2829 1183 2870 δὲ
1209 2830 1256 2878 δὴ
1286 2829 1319 2867 L
1546 2842 1594 2880 19
1625 2830 1798 2871 ἐδικαίου
1818 2829 1856 2868 Α

192 2898 244 2924 22
274 2890 420 2928 Βοῦσαι
439 2887 472 2925 Β
492 2887 640 2936 Steph.
658 2887 759 2937 Byz.
782 2899 861 2925 5.ν.
884 2900 894 2925 :
924 2884 1125 2926 ΒουσαῖΑ
1140 2885 1173 2923 C
1190 2884 1222 2922 P
1240 2898 1248 2922 :
1281 2884 1430 2925 Βουσαί
1448 2883 1484 2921 R
1502 2884 1532 2923 S
1547 2884 1585 2921 V
1724 2891 1855 2938 Παρη-

191 2942 432 2990 κοντακηνοί
453 2942 482 2980 S
497 2941 534 2980 V
699 2954 752 2991 23
782 2940 957 2982 Βούδειοι
979 2940 1127 2989 Steph.
1155 2952 1188 2979 S.
1198 2952 1234 2978 v.
1352 2939 1402 2987 δὴ
1422 2951 1505 2978 om.
1530 2939 1564 2978 C
1677 2952 1724 2989 24
1759 2939 1855 2980 τάδε

195 2994 232 3032 R
249 2996 279 3034 S
293 2994 330 3034 V
441 2995 504 3048 δὲ]
527 2995 602 3047 μὲν
623 2996 662 3034 R
677 2995 714 3034 V
879 3006 931 3044 25
963 2994 1142 3043 Δηιόκεω
1163 2999 1303 3041 βασιλ.
1326 3005 1410 3034 om.
1431 2993 1461 3032 S
1476 2992 1515 3032 V
1680 2996 1733 3032 26
1760 2995 1854 3035 ἀπε-

191 3053 323 3103 χρῆτο
346 3050 375 3090 S
388 3048 426 3088 V
