<?xml version="1.0" encoding="UTF-8"?>
<!DOCTYPE html PUBLIC "-//W3C//DTD XHTML 1.0 Transitional//EN"
    "http://www.w3.org/TR/xhtml1/DTD/xhtml1-transitional.dtd">
<html xmlns="http://www.w3.org/1999/xhtml" xml:lang="en" lang="en">
 <head>
  <title>
</title>
<meta http-equiv="Content-Type" content="text/html;charset=utf-8" />
  <meta name='ocr-system' content='tesseract 3.04.00' />
  <meta name='ocr-capabilities' content='ocr_page ocr_carea ocr_par ocr_line ocrx_word'/>
</head>
<body>
  <div class='ocr_page' id='page_1' title='image "./herodotihistoria01herouoft_0217.png"; bbox 0 0 2098 3320; ppageno 0'>
   <div class='ocr_carea' id='block_1_1' title="bbox 816 74 2098 146">
    <p class='ocr_par' dir='ltr' id='par_1_1' title="bbox 816 74 2098 146">
     <span class='ocr_line' id='line_1_1' title="bbox 816 74 2098 146; baseline 0.005 -19"><span class='ocrx_word' id='word_1_1' title='bbox 816 80 1195 129; x_wconf 80' lang='grc' dir='ltr'>ΙΣΤΟΡΙΩΝ</span> <span class='ocrx_word' id='word_1_2' title='bbox 1252 74 1292 127; x_wconf 91' lang='grc' dir='ltr'>Β</span> <span class='ocrx_word' id='word_1_3' title='bbox 1575 104 1603 116; x_wconf 55' lang='grc' dir='ltr'>ν</span> <span class='ocrx_word' id='word_1_4' title='bbox 1920 85 2098 146; x_wconf 87' lang='lat'>11.141</span> 
     </span>
    </p>
   </div>
   <div class='ocr_carea' id='block_1_2' title="bbox 135 209 2098 2393">
    <p class='ocr_par' dir='ltr' id='par_1_2' title="bbox 163 209 2098 801">
     <span class='ocr_line' id='line_1_2' title="bbox 211 209 1878 278; baseline 0 -16"><span class='ocrx_word' id='word_1_5' title='bbox 211 210 294 263; x_wconf 80' lang='grc' dir='ltr'>οἷα</span> <span class='ocrx_word' id='word_1_6' title='bbox 333 209 604 263; x_wconf 80' lang='grc' dir='ltr'>κινδυνεύει</span> <span class='ocrx_word' id='word_1_7' title='bbox 643 212 836 262; x_wconf 88' lang='grc' dir='ltr'>παθεῖν·</span> <span class='ocrx_word' id='word_1_8' title='bbox 889 210 1269 278; x_wconf 86' lang='grc' dir='ltr'>ὀλοφυρόμενον</span> <span class='ocrx_word' id='word_1_9' title='bbox 1308 210 1354 262; x_wconf 82' lang='grc' dir='ltr'>δ’</span> <span class='ocrx_word' id='word_1_10' title='bbox 1386 209 1481 276; x_wconf 85' lang='grc' dir='ltr'>ἄρα</span> <span class='ocrx_word' id='word_1_11' title='bbox 1519 231 1604 274; x_wconf 88' lang='grc' dir='ltr'>μιν</span> <span class='ocrx_word' id='word_1_12' title='bbox 1647 211 1878 262; x_wconf 82' lang='grc' dir='ltr'>ἐπελθεῖν</span> 
     </span>
     <span class='ocr_line' id='line_1_3' title="bbox 208 291 1878 366; baseline 0 -19"><span class='ocrx_word' id='word_1_13' title='bbox 208 294 367 347; x_wconf 82' lang='grc' dir='ltr'>ὕπνον</span> <span class='ocrx_word' id='word_1_14' title='bbox 398 295 484 347; x_wconf 91' lang='grc' dir='ltr'>καί</span> <span class='ocrx_word' id='word_1_15' title='bbox 507 295 554 346; x_wconf 79' lang='grc' dir='ltr'>οἱ</span> <span class='ocrx_word' id='word_1_16' title='bbox 584 291 724 359; x_wconf 79' lang='grc' dir='ltr'>δόξαι</span> <span class='ocrx_word' id='word_1_17' title='bbox 755 295 808 346; x_wconf 89' lang='grc' dir='ltr'>ἐν</span> <span class='ocrx_word' id='word_1_18' title='bbox 838 295 897 366; x_wconf 79' lang='grc' dir='ltr'>τῇ</span> <span class='ocrx_word' id='word_1_19' title='bbox 924 296 1017 361; x_wconf 82' lang='grc' dir='ltr'>ὄψι</span> <span class='ocrx_word' id='word_1_20' title='bbox 1049 293 1337 353; x_wconf 74' lang='grc' dir='ltr'>ἐπιστάνταΙ</span> <span class='ocrx_word' id='word_1_21' title='bbox 1356 294 1442 346; x_wconf 86' lang='grc' dir='ltr'>τὸν</span> <span class='ocrx_word' id='word_1_22' title='bbox 1468 293 1581 346; x_wconf 90' lang='grc' dir='ltr'>θεὸν</span> <span class='ocrx_word' id='word_1_23' title='bbox 1613 295 1878 362; x_wconf 87' lang='grc' dir='ltr'>θαρσύνειν</span> 
     </span>
     <span class='ocr_line' id='line_1_4' title="bbox 211 378 1877 448; baseline -0.001 -16"><span class='ocrx_word' id='word_1_24' title='bbox 211 378 277 432; x_wconf 85' lang='grc' dir='ltr'>ὦς</span> <span class='ocrx_word' id='word_1_25' title='bbox 316 379 458 431; x_wconf 78' lang='grc' dir='ltr'>οὐδὲν</span> <span class='ocrx_word' id='word_1_26' title='bbox 498 380 728 431; x_wconf 88' lang='grc' dir='ltr'>πείσεται</span> <span class='ocrx_word' id='word_1_27' title='bbox 764 378 913 448; x_wconf 86' lang='grc' dir='ltr'>ἄχαρι</span> <span class='ocrx_word' id='word_1_28' title='bbox 950 378 1192 443; x_wconf 79' lang='grc' dir='ltr'>ἀντιάζων</span> <span class='ocrx_word' id='word_1_29' title='bbox 1229 378 1316 431; x_wconf 89' lang='grc' dir='ltr'>τὸν</span> <span class='ocrx_word' id='word_1_30' title='bbox 1347 378 1602 447; x_wconf 85' lang='grc' dir='ltr'>Ἀραβίων</span> <span class='ocrx_word' id='word_1_31' title='bbox 1644 379 1877 446; x_wconf 91' lang='grc' dir='ltr'>στρατόν·</span> 
     </span>
     <span class='ocr_line' id='line_1_5' title="bbox 211 461 1941 531; baseline 0.001 -16"><span class='ocrx_word' id='word_1_32' title='bbox 211 462 358 517; x_wconf 82' lang='grc' dir='ltr'>αὐτὸς</span> <span class='ocrx_word' id='word_1_33' title='bbox 387 461 483 531; x_wconf 86' lang='grc' dir='ltr'>γάρ</span> <span class='ocrx_word' id='word_1_34' title='bbox 513 465 559 515; x_wconf 82' lang='grc' dir='ltr'>οἱ</span> <span class='ocrx_word' id='word_1_35' title='bbox 590 462 811 530; x_wconf 79' lang='grc' dir='ltr'>πέμψειν</span> <span class='ocrx_word' id='word_1_36' title='bbox 841 463 1099 530; x_wconf 87' lang='grc' dir='ltr'>τιμωρούς.</span> <span class='ocrx_word' id='word_1_37' title='bbox 1188 463 1411 516; x_wconf 92' lang='grc' dir='ltr'>τούτοισι</span> <span class='ocrx_word' id='word_1_38' title='bbox 1449 461 1507 528; x_wconf 87' lang='grc' dir='ltr'>δή</span> <span class='ocrx_word' id='word_1_39' title='bbox 1543 485 1628 530; x_wconf 93' lang='grc' dir='ltr'>μιν</span> <span class='ocrx_word' id='word_1_40' title='bbox 1667 465 1880 516; x_wconf 92' lang='grc' dir='ltr'>πίσυνον</span> <span class='ocrx_word' id='word_1_41' title='bbox 1913 485 1941 528; x_wconf 89' lang='grc'>4</span> 
     </span>
     <span class='ocr_line' id='line_1_6' title="bbox 163 543 1880 616; baseline 0.002 -18"><span class='ocrx_word' id='word_1_42' title='bbox 163 571 185 612; x_wconf 87' lang='lat'><strong>5</strong></span> <span class='ocrx_word' id='word_1_43' title='bbox 209 543 362 614; x_wconf 88' lang='grc' dir='ltr'>[τοῖσι</span> <span class='ocrx_word' id='word_1_44' title='bbox 386 543 679 614; x_wconf 81' lang='grc' dir='ltr'>ἐνυπνίοισι]</span> <span class='ocrx_word' id='word_1_45' title='bbox 702 548 1068 615; x_wconf 81' lang='grc' dir='ltr'>παραλαβόντα</span> <span class='ocrx_word' id='word_1_46' title='bbox 1093 549 1380 616; x_wconf 85' lang='grc' dir='ltr'>Αἰγυπτίων</span> <span class='ocrx_word' id='word_1_47' title='bbox 1403 548 1516 601; x_wconf 82' lang='grc' dir='ltr'>τοὺς</span> <span class='ocrx_word' id='word_1_48' title='bbox 1539 547 1880 614; x_wconf 83' lang='grc' dir='ltr'>βουλομένους</span> 
     </span>
     <span class='ocr_line' id='line_1_7' title="bbox 210 630 1881 705; baseline 0 -20"><span class='ocrx_word' id='word_1_49' title='bbox 210 634 256 685; x_wconf 80' lang='grc' dir='ltr'>οἱ</span> <span class='ocrx_word' id='word_1_50' title='bbox 288 632 499 685; x_wconf 82' lang='grc' dir='ltr'>ἕπεσθαι</span> <span class='ocrx_word' id='word_1_51' title='bbox 531 632 1061 699; x_wconf 81' lang='grc' dir='ltr'>στρατοπεδεύσασθαι</span> <span class='ocrx_word' id='word_1_52' title='bbox 1090 634 1142 685; x_wconf 93' lang='grc' dir='ltr'>ἐν</span> <span class='ocrx_word' id='word_1_53' title='bbox 1169 634 1443 703; x_wconf 81' lang='grc' dir='ltr'>Πηλουσίῳ</span> <span class='ocrx_word' id='word_1_54' title='bbox 1468 630 1636 705; x_wconf 83' lang='grc' dir='ltr'>(ταύτῃ</span> <span class='ocrx_word' id='word_1_55' title='bbox 1659 632 1755 701; x_wconf 89' lang='grc' dir='ltr'>γάρ</span> <span class='ocrx_word' id='word_1_56' title='bbox 1781 634 1881 685; x_wconf 85' lang='grc' dir='ltr'>εἰσι</span> 
     </span>
     <span class='ocr_line' id='line_1_8' title="bbox 211 715 2098 801; baseline 0.001 -33"><span class='ocrx_word' id='word_1_57' title='bbox 211 719 260 769; x_wconf 83' lang='grc' dir='ltr'>αἱ</span> <span class='ocrx_word' id='word_1_58' title='bbox 285 716 541 782; x_wconf 85' lang='grc' dir='ltr'>ἐσβολαί)·</span> <span class='ocrx_word' id='word_1_59' title='bbox 589 716 802 770; x_wconf 80' lang='grc' dir='ltr'>ἔπεσθαι</span> <span class='ocrx_word' id='word_1_60' title='bbox 825 715 880 768; x_wconf 89' lang='grc' dir='ltr'>δέ</span> <span class='ocrx_word' id='word_1_61' title='bbox 906 719 952 769; x_wconf 79' lang='grc' dir='ltr'>οἱ</span> <span class='ocrx_word' id='word_1_62' title='bbox 975 722 1073 769; x_wconf 84' lang='grc' dir='ltr'>τῶν</span> <span class='ocrx_word' id='word_1_63' title='bbox 1095 718 1328 785; x_wconf 83' lang='grc' dir='ltr'>μαχίμων</span> <span class='ocrx_word' id='word_1_64' title='bbox 1351 719 1443 783; x_wconf 76' lang='grc' dir='ltr'>μὲν</span> <span class='ocrx_word' id='word_1_65' title='bbox 1468 715 1645 769; x_wconf 83' lang='grc' dir='ltr'>οὐδένα</span> <span class='ocrx_word' id='word_1_66' title='bbox 1669 719 1860 785; x_wconf 83' lang='grc' dir='ltr'>ἀνδρῶν</span> <span class='ocrx_word' id='word_1_67' title='bbox 2059 766 2098 801; x_wconf 52' lang='grc' dir='ltr'>Ε</span> 
     </span>
    </p>

    <p class='ocr_par' dir='ltr' id='par_1_3' title="bbox 210 774 2075 955">
     <span class='ocr_line' id='line_1_9' title="bbox 212 774 2075 875; baseline 0.001 -24"><span class='ocrx_word' id='word_1_68' title='bbox 212 799 462 866; x_wconf 86' lang='grc' dir='ltr'>καπήλους</span> <span class='ocrx_word' id='word_1_69' title='bbox 514 803 566 854; x_wconf 84' lang='grc' dir='ltr'>δὲ</span> <span class='ocrx_word' id='word_1_70' title='bbox 612 802 690 854; x_wconf 88' lang='grc' dir='ltr'>καὶ</span> <span class='ocrx_word' id='word_1_71' title='bbox 743 801 1080 870; x_wconf 82' lang='grc' dir='ltr'>χειρώνακτας</span> <span class='ocrx_word' id='word_1_72' title='bbox 1128 803 1207 854; x_wconf 90' lang='grc' dir='ltr'>καὶ</span> <span class='ocrx_word' id='word_1_73' title='bbox 1261 802 1525 872; x_wconf 59' lang='grc' dir='ltr'>ἀγοραίους</span> <span class='ocrx_word' id='word_1_74' title='bbox 1575 803 1878 868; x_wconf 85' lang='grc' dir='ltr'>ἀνθρώπους.</span> <span class='ocrx_word' id='word_1_75' title='bbox 1902 774 2075 875; x_wconf 48' lang='grc' dir='ltr'><em>ὦ</em></span> 
     </span>
     <span class='ocr_line' id='line_1_10' title="bbox 210 882 1936 955; baseline 0.002 -18"><span class='ocrx_word' id='word_1_76' title='bbox 210 887 419 938; x_wconf 83' lang='grc' dir='ltr'>ἐνθαῦτα</span> <span class='ocrx_word' id='word_1_77' title='bbox 450 885 798 951; x_wconf 84' lang='grc' dir='ltr'>ἀπικομένοισι</span> <span class='ocrx_word' id='word_1_78' title='bbox 829 891 962 938; x_wconf 92' lang='grc' dir='ltr'>τοῖσι</span> <span class='ocrx_word' id='word_1_79' title='bbox 989 887 1263 938; x_wconf 82' lang='grc' dir='ltr'>ἐναντίοισι</span> <span class='ocrx_word' id='word_1_80' title='bbox 1295 882 1525 953; x_wconf 84' lang='grc' dir='ltr'>[αὐτοῖσι]</span> <span class='ocrx_word' id='word_1_81' title='bbox 1555 886 1881 955; x_wconf 81' lang='grc' dir='ltr'>ἐπιχυθέντας</span> <span class='ocrx_word' id='word_1_82' title='bbox 1916 908 1936 954; x_wconf 86' lang='grc'><em>5</em></span> 
     </span>
    </p>

    <p class='ocr_par' dir='ltr' id='par_1_4' title="bbox 138 969 1940 1379">
     <span class='ocr_line' id='line_1_11' title="bbox 138 969 1881 1038; baseline 0.002 -16"><span class='ocrx_word' id='word_1_83' title='bbox 138 994 186 1022; x_wconf 88' lang='grc' dir='ltr'>ιο</span> <span class='ocrx_word' id='word_1_84' title='bbox 209 969 384 1024; x_wconf 86' lang='grc' dir='ltr'>νυκτὸς</span> <span class='ocrx_word' id='word_1_85' title='bbox 412 974 504 1036; x_wconf 83' lang='grc' dir='ltr'>μῦς</span> <span class='ocrx_word' id='word_1_86' title='bbox 541 971 831 1038; x_wconf 86' lang='grc' dir='ltr'>ἀρουραίους</span> <span class='ocrx_word' id='word_1_87' title='bbox 867 972 990 1021; x_wconf 83' lang='grc' dir='ltr'>κατὰ</span> <span class='ocrx_word' id='word_1_88' title='bbox 1025 973 1118 1036; x_wconf 81' lang='grc' dir='ltr'>μὲν</span> <span class='ocrx_word' id='word_1_89' title='bbox 1160 975 1344 1038; x_wconf 84' lang='grc' dir='ltr'>φαγεῖν</span> <span class='ocrx_word' id='word_1_90' title='bbox 1384 970 1496 1024; x_wconf 82' lang='grc' dir='ltr'>τοὺς</span> <span class='ocrx_word' id='word_1_91' title='bbox 1532 976 1881 1038; x_wconf 83' lang='grc' dir='ltr'>φαρετρεῶνας</span> 
     </span>
     <span class='ocr_line' id='line_1_12' title="bbox 209 1053 1876 1124; baseline 0.001 -18"><span class='ocrx_word' id='word_1_92' title='bbox 209 1053 384 1115; x_wconf 83' lang='grc' dir='ltr'>αὐτῶν,</span> <span class='ocrx_word' id='word_1_93' title='bbox 420 1057 543 1106; x_wconf 80' lang='grc' dir='ltr'>κατὰ</span> <span class='ocrx_word' id='word_1_94' title='bbox 583 1057 636 1107; x_wconf 81' lang='grc' dir='ltr'>δὲ</span> <span class='ocrx_word' id='word_1_95' title='bbox 677 1057 738 1107; x_wconf 80' lang='grc' dir='ltr'>τὰ</span> <span class='ocrx_word' id='word_1_96' title='bbox 775 1053 912 1120; x_wconf 80' lang='grc' dir='ltr'>τόξα,</span> <span class='ocrx_word' id='word_1_97' title='bbox 955 1054 1079 1122; x_wconf 86' lang='grc' dir='ltr'>πρὸς</span> <span class='ocrx_word' id='word_1_98' title='bbox 1116 1058 1169 1108; x_wconf 81' lang='grc' dir='ltr'>δὲ</span> <span class='ocrx_word' id='word_1_99' title='bbox 1204 1060 1302 1107; x_wconf 83' lang='grc' dir='ltr'>τῶν</span> <span class='ocrx_word' id='word_1_100' title='bbox 1342 1056 1570 1108; x_wconf 89' lang='grc' dir='ltr'>ἀσπίδων</span> <span class='ocrx_word' id='word_1_101' title='bbox 1606 1057 1664 1106; x_wconf 81' lang='grc' dir='ltr'>τὰ</span> <span class='ocrx_word' id='word_1_102' title='bbox 1700 1058 1876 1124; x_wconf 84' lang='grc' dir='ltr'>ὄχανα,</span> 
     </span>
     <span class='ocr_line' id='line_1_13' title="bbox 210 1135 1882 1212; baseline 0.001 -22"><span class='ocrx_word' id='word_1_103' title='bbox 210 1139 344 1191; x_wconf 83' lang='grc' dir='ltr'>ὥστε</span> <span class='ocrx_word' id='word_1_104' title='bbox 393 1141 452 1211; x_wconf 80' lang='grc' dir='ltr'>τῇ</span> <span class='ocrx_word' id='word_1_105' title='bbox 504 1140 741 1212; x_wconf 84' lang='grc' dir='ltr'>ὑστεραίῃ</span> <span class='ocrx_word' id='word_1_106' title='bbox 797 1140 1088 1207; x_wconf 91' lang='grc' dir='ltr'>φευγόντων</span> <span class='ocrx_word' id='word_1_107' title='bbox 1142 1137 1318 1207; x_wconf 90' lang='grc' dir='ltr'>σφέων</span> <span class='ocrx_word' id='word_1_108' title='bbox 1363 1145 1561 1207; x_wconf 82' lang='grc' dir='ltr'>γυμνῶν</span> <span class='ocrx_word' id='word_1_109' title='bbox 1611 1135 1882 1207; x_wconf 91' lang='grc' dir='ltr'>[ἀνόπλων]</span> 
     </span>
     <span class='ocr_line' id='line_1_14' title="bbox 208 1224 1940 1294; baseline 0 -18"><span class='ocrx_word' id='word_1_110' title='bbox 208 1228 386 1276; x_wconf 88' lang='grc' dir='ltr'>πεσεῖν</span> <span class='ocrx_word' id='word_1_111' title='bbox 425 1225 662 1278; x_wconf 90' lang='grc' dir='ltr'>πολλούς.</span> <span class='ocrx_word' id='word_1_112' title='bbox 753 1224 830 1276; x_wconf 88' lang='grc' dir='ltr'>καὶ</span> <span class='ocrx_word' id='word_1_113' title='bbox 869 1228 956 1277; x_wconf 81' lang='grc' dir='ltr'>νῦν</span> <span class='ocrx_word' id='word_1_114' title='bbox 990 1225 1133 1277; x_wconf 76' lang='grc' dir='ltr'>οὗτος</span> <span class='ocrx_word' id='word_1_115' title='bbox 1165 1225 1191 1275; x_wconf 87' lang='grc' dir='ltr'>ὁ</span> <span class='ocrx_word' id='word_1_116' title='bbox 1221 1225 1468 1290; x_wconf 88' lang='grc' dir='ltr'>βασιλεὺς</span> <span class='ocrx_word' id='word_1_117' title='bbox 1499 1225 1680 1290; x_wconf 82' lang='grc' dir='ltr'>ἕστηκε</span> <span class='ocrx_word' id='word_1_118' title='bbox 1719 1226 1773 1277; x_wconf 93' lang='grc' dir='ltr'>ἐν</span> <span class='ocrx_word' id='word_1_119' title='bbox 1809 1229 1876 1294; x_wconf 78' lang='grc' dir='ltr'>τῷ</span> <span class='ocrx_word' id='word_1_120' title='bbox 1912 1233 1940 1276; x_wconf 91' lang='grc'>6</span> 
     </span>
     <span class='ocr_line' id='line_1_15' title="bbox 210 1307 1875 1379; baseline 0.001 -19"><span class='ocrx_word' id='word_1_121' title='bbox 210 1309 296 1379; x_wconf 79' lang='grc' dir='ltr'>ῑρῷ</span> <span class='ocrx_word' id='word_1_122' title='bbox 345 1313 433 1360; x_wconf 80' lang='grc' dir='ltr'>τοῦ</span> <span class='ocrx_word' id='word_1_123' title='bbox 483 1307 773 1377; x_wconf 85' lang='grc' dir='ltr'>Ἱ-Ιφαίστου</span> <span class='ocrx_word' id='word_1_124' title='bbox 831 1310 1039 1368; x_wconf 91' lang='grc' dir='ltr'>λίθινος,</span> <span class='ocrx_word' id='word_1_125' title='bbox 1097 1309 1229 1377; x_wconf 84' lang='grc' dir='ltr'>ἔχων</span> <span class='ocrx_word' id='word_1_126' title='bbox 1284 1309 1364 1361; x_wconf 87' lang='grc' dir='ltr'>ἐπὶ</span> <span class='ocrx_word' id='word_1_127' title='bbox 1414 1312 1502 1374; x_wconf 86' lang='grc' dir='ltr'>τῆς</span> <span class='ocrx_word' id='word_1_128' title='bbox 1551 1309 1717 1378; x_wconf 86' lang='grc' dir='ltr'>χειρὸς</span> <span class='ocrx_word' id='word_1_129' title='bbox 1765 1314 1875 1375; x_wconf 82' lang='grc' dir='ltr'>μῦν,</span> 
     </span>
    </p>

    <p class='ocr_par' dir='ltr' id='par_1_5' title="bbox 136 1389 1872 1461">
     <span class='ocr_line' id='line_1_16' title="bbox 136 1389 1872 1461; baseline 0 -15"><span class='ocrx_word' id='word_1_130' title='bbox 136 1417 184 1459; x_wconf 88' lang='lat'>15</span> <span class='ocrx_word' id='word_1_131' title='bbox 208 1389 376 1461; x_wconf 87' lang='grc' dir='ltr'>λέγων</span> <span class='ocrx_word' id='word_1_132' title='bbox 399 1395 478 1445; x_wconf 81' lang='grc' dir='ltr'>διὰ</span> <span class='ocrx_word' id='word_1_133' title='bbox 502 1392 803 1460; x_wconf 86' lang='grc' dir='ltr'>γραμμάτων</span> <span class='ocrx_word' id='word_1_134' title='bbox 833 1392 967 1445; x_wconf 86' lang='grc' dir='ltr'>τάδε·</span> <span class='ocrx_word' id='word_1_135' title='bbox 1009 1395 1060 1447; x_wconf 87' lang='grc' dir='ltr'>ἐς</span> <span class='ocrx_word' id='word_1_136' title='bbox 1092 1391 1179 1459; x_wconf 86' lang='grc' dir='ltr'>ἐμέ</span> <span class='ocrx_word' id='word_1_137' title='bbox 1209 1415 1282 1447; x_wconf 92' lang='grc' dir='ltr'>τις</span> <span class='ocrx_word' id='word_1_138' title='bbox 1308 1391 1461 1461; x_wconf 90' lang='grc' dir='ltr'>ὁρέων</span> <span class='ocrx_word' id='word_1_139' title='bbox 1486 1393 1702 1460; x_wconf 79' lang='grc' dir='ltr'>εὐσεβὴς</span> <span class='ocrx_word' id='word_1_140' title='bbox 1726 1393 1872 1446; x_wconf 82' lang='grc' dir='ltr'>ἔστω.</span> 
     </span>
    </p>

    <p class='ocr_par' dir='ltr' id='par_1_6' title="bbox 208 1477 2009 1801">
     <span class='ocr_line' id='line_1_17' title="bbox 292 1477 2009 1547; baseline 0.003 -18"><span class='ocrx_word' id='word_1_141' title='bbox 292 1477 381 1532; x_wconf 88' lang='grc' dir='ltr'>Ἐς</span> <span class='ocrx_word' id='word_1_142' title='bbox 423 1481 515 1545; x_wconf 78' lang='grc' dir='ltr'>μὲν</span> <span class='ocrx_word' id='word_1_143' title='bbox 558 1478 770 1531; x_wconf 88' lang='grc' dir='ltr'>τοσόνδε</span> <span class='ocrx_word' id='word_1_144' title='bbox 810 1482 897 1530; x_wconf 79' lang='grc' dir='ltr'>τοῦ</span> <span class='ocrx_word' id='word_1_145' title='bbox 937 1478 1095 1546; x_wconf 87' lang='grc' dir='ltr'>λόγου</span> <span class='ocrx_word' id='word_1_146' title='bbox 1138 1478 1407 1545; x_wconf 85' lang='grc' dir='ltr'>Αἰγύπτιοί</span> <span class='ocrx_word' id='word_1_147' title='bbox 1446 1500 1500 1531; x_wconf 90' lang='grc' dir='ltr'>τε</span> <span class='ocrx_word' id='word_1_148' title='bbox 1544 1480 1624 1531; x_wconf 89' lang='grc' dir='ltr'>καὶ</span> <span class='ocrx_word' id='word_1_149' title='bbox 1664 1481 1710 1531; x_wconf 82' lang='grc' dir='ltr'>οἱ</span> <span class='ocrx_word' id='word_1_150' title='bbox 1753 1479 1879 1547; x_wconf 82' lang='grc' dir='ltr'>ἱρέες</span> <span class='ocrx_word' id='word_1_151' title='bbox 1915 1497 2009 1545; x_wconf 86' lang='lat'>142</span> 
     </span>
     <span class='ocr_line' id='line_1_18' title="bbox 209 1562 1878 1630; baseline 0 -15"><span class='ocrx_word' id='word_1_152' title='bbox 209 1563 404 1630; x_wconf 85' lang='grc' dir='ltr'>ἔλεγον,</span> <span class='ocrx_word' id='word_1_153' title='bbox 453 1564 828 1617; x_wconf 87' lang='grc' dir='ltr'>ἀποδεικνύντες</span> <span class='ocrx_word' id='word_1_154' title='bbox 877 1562 976 1616; x_wconf 85' lang='grc' dir='ltr'>ἀπὸ</span> <span class='ocrx_word' id='word_1_155' title='bbox 1023 1567 1111 1614; x_wconf 83' lang='grc' dir='ltr'>τοῦ</span> <span class='ocrx_word' id='word_1_156' title='bbox 1157 1564 1351 1630; x_wconf 84' lang='grc' dir='ltr'>πρώτου</span> <span class='ocrx_word' id='word_1_157' title='bbox 1396 1563 1644 1629; x_wconf 87' lang='grc' dir='ltr'>βασιλέος</span> <span class='ocrx_word' id='word_1_158' title='bbox 1692 1566 1742 1617; x_wconf 92' lang='grc' dir='ltr'>ἐς</span> <span class='ocrx_word' id='word_1_159' title='bbox 1793 1569 1878 1616; x_wconf 87' lang='grc' dir='ltr'>τοῦ</span> 
     </span>
     <span class='ocr_line' id='line_1_19' title="bbox 208 1646 1878 1716; baseline -0.001 -16"><span class='ocrx_word' id='word_1_160' title='bbox 208 1646 497 1715; x_wconf 59' lang='grc' dir='ltr'>εΗφαίστου</span> <span class='ocrx_word' id='word_1_161' title='bbox 541 1647 628 1700; x_wconf 85' lang='grc' dir='ltr'>τὸν</span> <span class='ocrx_word' id='word_1_162' title='bbox 675 1647 781 1716; x_wconf 79' lang='grc' dir='ltr'>ἱρέα</span> <span class='ocrx_word' id='word_1_163' title='bbox 822 1652 996 1700; x_wconf 81' lang='grc' dir='ltr'>τοῦτον</span> <span class='ocrx_word' id='word_1_164' title='bbox 1037 1647 1123 1700; x_wconf 86' lang='grc' dir='ltr'>τὸν</span> <span class='ocrx_word' id='word_1_165' title='bbox 1163 1653 1452 1700; x_wconf 92' lang='grc' dir='ltr'>τελευταῖον</span> <span class='ocrx_word' id='word_1_166' title='bbox 1493 1649 1878 1715; x_wconf 90' lang='grc' dir='ltr'>βασιλεύσαντα</span> 
     </span>
     <span class='ocr_line' id='line_1_20' title="bbox 208 1731 1877 1801; baseline 0.002 -17"><span class='ocrx_word' id='word_1_167' title='bbox 208 1732 326 1798; x_wconf 90' lang='grc' dir='ltr'>μίαν</span> <span class='ocrx_word' id='word_1_168' title='bbox 356 1755 410 1785; x_wconf 93' lang='grc' dir='ltr'>τε</span> <span class='ocrx_word' id='word_1_169' title='bbox 443 1733 521 1784; x_wconf 89' lang='grc' dir='ltr'>καὶ</span> <span class='ocrx_word' id='word_1_170' title='bbox 544 1731 916 1801; x_wconf 87' lang='grc' dir='ltr'>τεσσεράκοντα</span> <span class='ocrx_word' id='word_1_171' title='bbox 957 1734 1036 1785; x_wconf 90' lang='grc' dir='ltr'>καὶ</span> <span class='ocrx_word' id='word_1_172' title='bbox 1066 1734 1353 1800; x_wconf 85' lang='grc' dir='ltr'>τριηκοσίας</span> <span class='ocrx_word' id='word_1_173' title='bbox 1391 1733 1663 1799; x_wconf 84' lang='grc' dir='ltr'>ἀνθρώπων</span> <span class='ocrx_word' id='word_1_174' title='bbox 1701 1735 1877 1801; x_wconf 81' lang='grc' dir='ltr'>γενεᾶς</span> 
     </span>
    </p>

    <p class='ocr_par' dir='ltr' id='par_1_7' title="bbox 135 1816 1941 2229">
     <span class='ocr_line' id='line_1_21' title="bbox 135 1816 1879 1890; baseline 0.002 -22"><span class='ocrx_word' id='word_1_175' title='bbox 135 1840 187 1868; x_wconf 81' lang='lat'>20</span> <span class='ocrx_word' id='word_1_176' title='bbox 209 1816 480 1884; x_wconf 90' lang='grc' dir='ltr'>γενομένας</span> <span class='ocrx_word' id='word_1_177' title='bbox 512 1817 592 1869; x_wconf 87' lang='grc' dir='ltr'>καὶ</span> <span class='ocrx_word' id='word_1_178' title='bbox 615 1820 669 1869; x_wconf 89' lang='grc' dir='ltr'>ἐν</span> <span class='ocrx_word' id='word_1_179' title='bbox 698 1818 910 1890; x_wconf 87' lang='grc' dir='ltr'>ταύτῃσι</span> <span class='ocrx_word' id='word_1_180' title='bbox 942 1816 1203 1886; x_wconf 89' lang='grc' dir='ltr'>ἀρχιερέας</span> <span class='ocrx_word' id='word_1_181' title='bbox 1229 1817 1307 1869; x_wconf 85' lang='grc' dir='ltr'>καὶ</span> <span class='ocrx_word' id='word_1_182' title='bbox 1336 1817 1587 1883; x_wconf 89' lang='grc' dir='ltr'>βασιλέας</span> <span class='ocrx_word' id='word_1_183' title='bbox 1618 1817 1879 1883; x_wconf 81' lang='grc' dir='ltr'>ἑκατέρους</span> 
     </span>
     <span class='ocr_line' id='line_1_22' title="bbox 208 1900 1941 1969; baseline 0.002 -17"><span class='ocrx_word' id='word_1_184' title='bbox 208 1900 477 1956; x_wconf 89' lang='grc' dir='ltr'>τοσούτους</span> <span class='ocrx_word' id='word_1_185' title='bbox 499 1900 812 1969; x_wconf 88' lang='grc' dir='ltr'>γενομένους.</span> <span class='ocrx_word' id='word_1_186' title='bbox 889 1903 1048 1954; x_wconf 91' lang='grc' dir='ltr'>καίτοι</span> <span class='ocrx_word' id='word_1_187' title='bbox 1071 1902 1353 1969; x_wconf 93' lang='grc' dir='ltr'>τριηκόσιαι</span> <span class='ocrx_word' id='word_1_188' title='bbox 1380 1905 1471 1967; x_wconf 81' lang='grc' dir='ltr'>μὲν</span> <span class='ocrx_word' id='word_1_189' title='bbox 1495 1903 1687 1969; x_wconf 84' lang='grc' dir='ltr'>ἀνδρῶν</span> <span class='ocrx_word' id='word_1_190' title='bbox 1710 1903 1878 1969; x_wconf 87' lang='grc' dir='ltr'>γενεαὶ</span> <span class='ocrx_word' id='word_1_191' title='bbox 1914 1923 1941 1955; x_wconf 87' lang='lat'><strong>2</strong></span> 
     </span>
     <span class='ocr_line' id='line_1_23' title="bbox 210 1984 1879 2056; baseline 0.001 -19"><span class='ocrx_word' id='word_1_192' title='bbox 210 1984 440 2038; x_wconf 83' lang='grc' dir='ltr'>δυνέαται</span> <span class='ocrx_word' id='word_1_193' title='bbox 470 1986 618 2054; x_wconf 89' lang='grc' dir='ltr'>μύρια</span> <span class='ocrx_word' id='word_1_194' title='bbox 648 1985 778 2038; x_wconf 79' lang='grc' dir='ltr'>ἔτεα·</span> <span class='ocrx_word' id='word_1_195' title='bbox 823 1987 991 2053; x_wconf 91' lang='grc' dir='ltr'>γενεαὶ</span> <span class='ocrx_word' id='word_1_196' title='bbox 1028 1988 1124 2053; x_wconf 81' lang='grc' dir='ltr'>γὰρ</span> <span class='ocrx_word' id='word_1_197' title='bbox 1154 1990 1284 2056; x_wconf 89' lang='grc' dir='ltr'>τρεῖς</span> <span class='ocrx_word' id='word_1_198' title='bbox 1325 1988 1515 2053; x_wconf 84' lang='grc' dir='ltr'>ἀνδρῶν</span> <span class='ocrx_word' id='word_1_199' title='bbox 1553 1986 1729 2039; x_wconf 84' lang='grc' dir='ltr'>ἑκατὸν</span> <span class='ocrx_word' id='word_1_200' title='bbox 1764 1986 1879 2039; x_wconf 86' lang='grc' dir='ltr'>ἔτεόι</span> 
     </span>
     <span class='ocr_line' id='line_1_24' title="bbox 210 2069 1875 2139; baseline 0 -16"><span class='ocrx_word' id='word_1_201' title='bbox 210 2071 339 2123; x_wconf 86' lang='grc' dir='ltr'>ἐστι.</span> <span class='ocrx_word' id='word_1_202' title='bbox 412 2073 526 2137; x_wconf 87' lang='grc' dir='ltr'>μιῆς</span> <span class='ocrx_word' id='word_1_203' title='bbox 550 2073 603 2123; x_wconf 83' lang='grc' dir='ltr'>δὲ</span> <span class='ocrx_word' id='word_1_204' title='bbox 627 2071 707 2123; x_wconf 84' lang='grc' dir='ltr'>καὶ</span> <span class='ocrx_word' id='word_1_205' title='bbox 730 2069 1106 2138; x_wconf 87' lang='grc' dir='ltr'>τεσσεράκοντα</span> <span class='ocrx_word' id='word_1_206' title='bbox 1131 2071 1203 2123; x_wconf 86' lang='grc' dir='ltr'>ἔτι</span> <span class='ocrx_word' id='word_1_207' title='bbox 1225 2075 1323 2123; x_wconf 86' lang='grc' dir='ltr'>τῶν</span> <span class='ocrx_word' id='word_1_208' title='bbox 1350 2072 1623 2124; x_wconf 91' lang='grc' dir='ltr'>ἐπιλοίπων</span> <span class='ocrx_word' id='word_1_209' title='bbox 1645 2070 1875 2139; x_wconf 89' lang='grc' dir='ltr'>γενεέων,</span> 
     </span>
     <span class='ocr_line' id='line_1_25' title="bbox 210 2154 1875 2229; baseline 0.002 -24"><span class='ocrx_word' id='word_1_210' title='bbox 210 2154 262 2206; x_wconf 76' lang='grc' dir='ltr'>αἳ</span> <span class='ocrx_word' id='word_1_211' title='bbox 300 2156 496 2220; x_wconf 87' lang='grc' dir='ltr'>ἐπῆσαν</span> <span class='ocrx_word' id='word_1_212' title='bbox 536 2163 657 2229; x_wconf 82' lang='grc' dir='ltr'>τῇσι</span> <span class='ocrx_word' id='word_1_213' title='bbox 694 2157 1029 2227; x_wconf 87' lang='grc' dir='ltr'>τριηκοσίῃσι,</span> <span class='ocrx_word' id='word_1_214' title='bbox 1065 2154 1175 2207; x_wconf 88' lang='grc' dir='ltr'>ἐστὶ</span> <span class='ocrx_word' id='word_1_215' title='bbox 1215 2154 1585 2222; x_wconf 87' lang='grc' dir='ltr'>τεσσεράκοντα</span> <span class='ocrx_word' id='word_1_216' title='bbox 1622 2157 1701 2208; x_wconf 91' lang='grc' dir='ltr'>καὶ</span> <span class='ocrx_word' id='word_1_217' title='bbox 1739 2178 1875 2224; x_wconf 91' lang='grc' dir='ltr'>τριη-</span> 
     </span>
    </p>

    <p class='ocr_par' dir='ltr' id='par_1_8' title="bbox 136 2239 1939 2393">
     <span class='ocr_line' id='line_1_26' title="bbox 136 2239 1939 2309; baseline 0.001 -19"><span class='ocrx_word' id='word_1_218' title='bbox 136 2261 184 2302; x_wconf 83' lang='lat'>25</span> <span class='ocrx_word' id='word_1_219' title='bbox 213 2239 361 2291; x_wconf 91' lang='grc' dir='ltr'>κόσια</span> <span class='ocrx_word' id='word_1_220' title='bbox 407 2240 487 2292; x_wconf 87' lang='grc' dir='ltr'>καὶ</span> <span class='ocrx_word' id='word_1_221' title='bbox 533 2241 677 2309; x_wconf 89' lang='grc' dir='ltr'>χίλια</span> <span class='ocrx_word' id='word_1_222' title='bbox 724 2241 852 2293; x_wconf 83' lang='grc' dir='ltr'>ἔτεα.</span> <span class='ocrx_word' id='word_1_223' title='bbox 942 2242 1097 2294; x_wconf 83' lang='grc' dir='ltr'>οὕτως</span> <span class='ocrx_word' id='word_1_224' title='bbox 1146 2241 1200 2292; x_wconf 91' lang='grc' dir='ltr'>ἐν</span> <span class='ocrx_word' id='word_1_225' title='bbox 1245 2240 1470 2307; x_wconf 91' lang='grc' dir='ltr'>μυρίοισί</span> <span class='ocrx_word' id='word_1_226' title='bbox 1512 2261 1565 2292; x_wconf 92' lang='grc' dir='ltr'>τε</span> <span class='ocrx_word' id='word_1_227' title='bbox 1613 2239 1750 2293; x_wconf 85' lang='grc' dir='ltr'>ἔτεσι</span> <span class='ocrx_word' id='word_1_228' title='bbox 1798 2241 1878 2292; x_wconf 83' lang='grc' dir='ltr'>καὶ</span> <span class='ocrx_word' id='word_1_229' title='bbox 1915 2261 1939 2304; x_wconf 91' lang='lat'>3</span> 
     </span>
     <span class='ocr_line' id='line_1_27' title="bbox 210 2324 1879 2393; baseline 0.001 -18"><span class='ocrx_word' id='word_1_230' title='bbox 210 2324 429 2393; x_wconf 87' lang='grc' dir='ltr'>χιλίοισι</span> <span class='ocrx_word' id='word_1_231' title='bbox 461 2326 539 2377; x_wconf 90' lang='grc' dir='ltr'>καὶ</span> <span class='ocrx_word' id='word_1_232' title='bbox 568 2324 692 2392; x_wconf 86' lang='grc' dir='ltr'>πρὸς</span> <span class='ocrx_word' id='word_1_233' title='bbox 722 2325 1061 2392; x_wconf 82' lang='grc' dir='ltr'>τριηκοσίοισί</span> <span class='ocrx_word' id='word_1_234' title='bbox 1097 2346 1152 2377; x_wconf 91' lang='grc' dir='ltr'>τε</span> <span class='ocrx_word' id='word_1_235' title='bbox 1184 2324 1262 2376; x_wconf 89' lang='grc' dir='ltr'>καὶ</span> <span class='ocrx_word' id='word_1_236' title='bbox 1293 2324 1664 2392; x_wconf 84' lang='grc' dir='ltr'>τεσσεράκοντα</span> <span class='ocrx_word' id='word_1_237' title='bbox 1700 2325 1879 2391; x_wconf 88' lang='grc' dir='ltr'>ἔλεγον</span> 
     </span>
    </p>
   </div>
   <div class='ocr_carea' id='block_1_3' title="bbox 211 2462 1883 3012">
    <p class='ocr_par' dir='ltr' id='par_1_9' title="bbox 211 2462 1883 3012">
     <span class='ocr_line' id='line_1_28' title="bbox 269 2462 1882 2517; baseline 0.001 -14"><span class='ocrx_word' id='word_1_238' title='bbox 269 2477 287 2503; x_wconf 95' lang='lat'>1</span> <span class='ocrx_word' id='word_1_239' title='bbox 320 2462 562 2506; x_wconf 85' lang='grc' dir='ltr'>κινδυνεύειν</span> <span class='ocrx_word' id='word_1_240' title='bbox 583 2463 624 2504; x_wconf 89' lang='lat' dir='ltr'>R</span> <span class='ocrx_word' id='word_1_241' title='bbox 639 2464 669 2504; x_wconf 89' lang='lat' dir='ltr'>S</span> <span class='ocrx_word' id='word_1_242' title='bbox 684 2464 721 2503; x_wconf 97' lang='lat' dir='ltr'>V</span> <span class='ocrx_word' id='word_1_243' title='bbox 831 2463 994 2505; x_wconf 87' lang='grc' dir='ltr'>παθέειν</span> <span class='ocrx_word' id='word_1_244' title='bbox 1014 2463 1049 2502; x_wconf 96' lang='lat' dir='ltr'><strong>L</strong></span> <span class='ocrx_word' id='word_1_245' title='bbox 1160 2476 1185 2502; x_wconf 86' lang='lat'><em>2</em></span> <span class='ocrx_word' id='word_1_246' title='bbox 1216 2463 1304 2516; x_wconf 80' lang='grc' dir='ltr'>ὄψει</span> <span class='ocrx_word' id='word_1_247' title='bbox 1325 2464 1359 2503; x_wconf 92' lang='lat' dir='ltr'>C</span> <span class='ocrx_word' id='word_1_248' title='bbox 1375 2464 1408 2502; x_wconf 93' lang='lat' dir='ltr'>P</span> <span class='ocrx_word' id='word_1_249' title='bbox 1423 2463 1462 2502; x_wconf 90' lang='lat' dir='ltr'><strong>R</strong></span> <span class='ocrx_word' id='word_1_250' title='bbox 1478 2464 1508 2503; x_wconf 89' lang='lat' dir='ltr'>S</span> <span class='ocrx_word' id='word_1_251' title='bbox 1522 2463 1559 2502; x_wconf 93' lang='lat' dir='ltr'>V</span> <span class='ocrx_word' id='word_1_252' title='bbox 1671 2463 1882 2517; x_wconf 83' lang='grc' dir='ltr'>θρασύνειν</span> 
     </span>
     <span class='ocr_line' id='line_1_29' title="bbox 213 2517 1881 2572; baseline 0.001 -14"><span class='ocrx_word' id='word_1_253' title='bbox 213 2517 253 2558; x_wconf 90' lang='lat' dir='ltr'><strong>R</strong></span> <span class='ocrx_word' id='word_1_254' title='bbox 267 2518 298 2558; x_wconf 89' lang='lat' dir='ltr'>S</span> <span class='ocrx_word' id='word_1_255' title='bbox 310 2519 350 2558; x_wconf 96' lang='lat' dir='ltr'>V</span> <span class='ocrx_word' id='word_1_256' title='bbox 555 2532 580 2569; x_wconf 91' lang='lat'>4</span> <span class='ocrx_word' id='word_1_257' title='bbox 612 2520 757 2572; x_wconf 77' lang='grc' dir='ltr'>πέμψει</span> <span class='ocrx_word' id='word_1_258' title='bbox 777 2518 816 2558; x_wconf 93' lang='grc' dir='ltr'>Α</span> <span class='ocrx_word' id='word_1_259' title='bbox 830 2519 865 2558; x_wconf 89' lang='grc' dir='ltr'>Β</span> <span class='ocrx_word' id='word_1_260' title='bbox 882 2519 915 2558; x_wconf 91' lang='lat' dir='ltr'>C</span> <span class='ocrx_word' id='word_1_261' title='bbox 932 2519 965 2557; x_wconf 93' lang='lat' dir='ltr'>P</span> <span class='ocrx_word' id='word_1_262' title='bbox 1177 2530 1202 2569; x_wconf 89' lang='lat'>5</span> <span class='ocrx_word' id='word_1_263' title='bbox 1231 2522 1340 2560; x_wconf 84' lang='grc' dir='ltr'>τοῖσι</span> <span class='ocrx_word' id='word_1_264' title='bbox 1363 2519 1581 2559; x_wconf 86' lang='grc' dir='ltr'>ἐνυπνίοισι</span> <span class='ocrx_word' id='word_1_265' title='bbox 1605 2519 1881 2571; x_wconf 81' lang='grc' dir='ltr'>(Αἰγυπτίοισι</span> 
     </span>
     <span class='ocr_line' id='line_1_30' title="bbox 214 2573 1880 2626; baseline 0.001 -13"><span class='ocrx_word' id='word_1_266' title='bbox 214 2573 254 2613; x_wconf 93' lang='lat' dir='ltr'>R</span> <span class='ocrx_word' id='word_1_267' title='bbox 269 2574 369 2623; x_wconf 81' lang='lat' dir='ltr'>SV)</span> <span class='ocrx_word' id='word_1_268' title='bbox 392 2573 476 2615; x_wconf 88' lang='lat' dir='ltr'><strong>del.</strong></span> <span class='ocrx_word' id='word_1_269' title='bbox 498 2574 711 2625; x_wconf 89' lang='lat' dir='ltr'>Gomperz</span> <span class='ocrx_word' id='word_1_270' title='bbox 822 2573 1082 2626; x_wconf 79' lang='grc' dir='ltr'>Αἰγυπτίοισι</span> <span class='ocrx_word' id='word_1_271' title='bbox 1105 2574 1139 2614; x_wconf 93' lang='lat' dir='ltr'>C</span> <span class='ocrx_word' id='word_1_272' title='bbox 1264 2586 1285 2623; x_wconf 93' lang='lat'><strong>7</strong></span> <span class='ocrx_word' id='word_1_273' title='bbox 1316 2573 1390 2623; x_wconf 84' lang='grc' dir='ltr'>μὲν</span> <span class='ocrx_word' id='word_1_274' title='bbox 1410 2586 1491 2614; x_wconf 88' lang='lat' dir='ltr'>om.</span> <span class='ocrx_word' id='word_1_275' title='bbox 1518 2573 1557 2612; x_wconf 84' lang='lat' dir='ltr'><strong>R</strong></span> <span class='ocrx_word' id='word_1_276' title='bbox 1682 2576 1708 2613; x_wconf 92' lang='lat'>8</span> <span class='ocrx_word' id='word_1_277' title='bbox 1737 2590 1880 2626; x_wconf 85' lang='grc' dir='ltr'>χειρω-</span> 
     </span>
     <span class='ocr_line' id='line_1_31' title="bbox 211 2627 1881 2682; baseline -0.001 -12"><span class='ocrx_word' id='word_1_278' title='bbox 211 2628 360 2671; x_wconf 78' lang='grc' dir='ltr'>νάκτας</span> <span class='ocrx_word' id='word_1_279' title='bbox 390 2628 506 2668; x_wconf 87' lang='lat' dir='ltr'>PR:</span> <span class='ocrx_word' id='word_1_280' title='bbox 536 2646 800 2682; x_wconf 83' lang='grc' dir='ltr'>χειρονακτας</span> <span class='ocrx_word' id='word_1_281' title='bbox 831 2629 913 2668; x_wconf 89' lang='lat' dir='ltr'>SV</span> <span class='ocrx_word' id='word_1_282' title='bbox 1071 2628 1259 2682; x_wconf 81' lang='grc' dir='ltr'>ἀγορέους</span> <span class='ocrx_word' id='word_1_283' title='bbox 1287 2628 1326 2667; x_wconf 92' lang='lat' dir='ltr'><strong>R</strong></span> <span class='ocrx_word' id='word_1_284' title='bbox 1546 2642 1574 2679; x_wconf 92' lang='lat'><strong>9</strong></span> <span class='ocrx_word' id='word_1_285' title='bbox 1603 2627 1881 2679; x_wconf 85' lang='grc' dir='ltr'>ἀπικομένοισι</span> 
     </span>
     <span class='ocr_line' id='line_1_32' title="bbox 214 2682 1883 2736; baseline -0.001 -14"><span class='ocrx_word' id='word_1_286' title='bbox 214 2683 450 2723; x_wconf 85' lang='lat' dir='ltr'>Schaeser:</span> <span class='ocrx_word' id='word_1_287' title='bbox 480 2684 741 2732; x_wconf 83' lang='grc' dir='ltr'>ἀπικομένους</span> <span class='ocrx_word' id='word_1_288' title='bbox 763 2684 798 2723; x_wconf 89' lang='lat' dir='ltr'>L</span> <span class='ocrx_word' id='word_1_289' title='bbox 910 2686 1068 2725; x_wconf 83' lang='grc' dir='ltr'>αὐτοῖσι</span> <span class='ocrx_word' id='word_1_290' title='bbox 1088 2696 1170 2723; x_wconf 86' lang='lat' dir='ltr'>om.</span> <span class='ocrx_word' id='word_1_291' title='bbox 1195 2683 1236 2722; x_wconf 90' lang='lat' dir='ltr'><strong>R</strong></span> <span class='ocrx_word' id='word_1_292' title='bbox 1401 2696 1452 2722; x_wconf 93' lang='lat'>10</span> <span class='ocrx_word' id='word_1_293' title='bbox 1482 2683 1723 2736; x_wconf 82' lang='grc' dir='ltr'>ὰρουριαίους</span> <span class='ocrx_word' id='word_1_294' title='bbox 1747 2683 1784 2721; x_wconf 90' lang='lat' dir='ltr'><strong>R</strong></span> <span class='ocrx_word' id='word_1_295' title='bbox 1801 2682 1830 2721; x_wconf 89' lang='lat' dir='ltr'>S</span> <span class='ocrx_word' id='word_1_296' title='bbox 1845 2683 1883 2720; x_wconf 92' lang='lat' dir='ltr'>V</span> 
     </span>
     <span class='ocr_line' id='line_1_33' title="bbox 212 2737 1883 2794; baseline -0.001 -15"><span class='ocrx_word' id='word_1_297' title='bbox 212 2738 381 2790; x_wconf 80' lang='grc' dir='ltr'>φαγέειν</span> <span class='ocrx_word' id='word_1_298' title='bbox 404 2739 437 2778; x_wconf 94' lang='lat' dir='ltr'><strong>L</strong></span> <span class='ocrx_word' id='word_1_299' title='bbox 605 2753 650 2778; x_wconf 91' lang='lat'>11</span> <span class='ocrx_word' id='word_1_300' title='bbox 682 2740 779 2794; x_wconf 75' lang='grc' dir='ltr'>πρὸς</span> <span class='ocrx_word' id='word_1_301' title='bbox 799 2738 845 2780; x_wconf 86' lang='grc' dir='ltr'>δέ</span> <span class='ocrx_word' id='word_1_302' title='bbox 862 2755 912 2791; x_wconf 78' lang='grc' dir='ltr'>γε</span> <span class='ocrx_word' id='word_1_303' title='bbox 935 2739 1128 2778; x_wconf 84' lang='lat' dir='ltr'><strong>Eustath.</strong></span> <span class='ocrx_word' id='word_1_304' title='bbox 1152 2738 1198 2777; x_wconf 91' lang='lat' dir='ltr'>Il.</span> <span class='ocrx_word' id='word_1_305' title='bbox 1221 2750 1273 2788; x_wconf 84' lang='lat'>35</span> <span class='ocrx_word' id='word_1_306' title='bbox 1457 2751 1504 2776; x_wconf 82' lang='lat'>12</span> <span class='ocrx_word' id='word_1_307' title='bbox 1536 2739 1673 2779; x_wconf 80' lang='grc' dir='ltr'>ὅπλων</span> <span class='ocrx_word' id='word_1_308' title='bbox 1696 2738 1728 2776; x_wconf 91' lang='grc' dir='ltr'>Ρ</span> <span class='ocrx_word' id='word_1_309' title='bbox 1745 2738 1783 2776; x_wconf 91' lang='lat' dir='ltr'><strong>R</strong></span> <span class='ocrx_word' id='word_1_310' title='bbox 1799 2737 1883 2777; x_wconf 89' lang='lat' dir='ltr'>SV</span> 
     </span>
     <span class='ocr_line' id='line_1_34' title="bbox 214 2791 1878 2844; baseline 0 -12"><span class='ocrx_word' id='word_1_311' title='bbox 214 2791 331 2833; x_wconf 84' lang='lat' dir='ltr'>Eust.</span> <span class='ocrx_word' id='word_1_312' title='bbox 354 2807 364 2832; x_wconf 73' lang='lat' dir='ltr'><em>z</em></span> <span class='ocrx_word' id='word_1_313' title='bbox 393 2793 475 2833; x_wconf 85' lang='lat' dir='ltr'><strong>del.</strong></span> <span class='ocrx_word' id='word_1_314' title='bbox 502 2793 625 2833; x_wconf 85' lang='lat' dir='ltr'>Stein</span> <span class='ocrx_word' id='word_1_315' title='bbox 786 2807 832 2844; x_wconf 88' lang='lat'>13</span> <span class='ocrx_word' id='word_1_316' title='bbox 863 2794 1026 2834; x_wconf 86' lang='grc' dir='ltr'>πεσέειν</span> <span class='ocrx_word' id='word_1_317' title='bbox 1047 2794 1081 2832; x_wconf 93' lang='lat' dir='ltr'><strong>L</strong></span> <span class='ocrx_word' id='word_1_318' title='bbox 1195 2796 1237 2834; x_wconf 79' lang='grc' dir='ltr'>ἐν</span> <span class='ocrx_word' id='word_1_319' title='bbox 1257 2806 1337 2832; x_wconf 90' lang='lat' dir='ltr'>om.</span> <span class='ocrx_word' id='word_1_320' title='bbox 1366 2793 1405 2831; x_wconf 92' lang='lat' dir='ltr'><strong>R</strong></span> <span class='ocrx_word' id='word_1_321' title='bbox 1423 2792 1505 2831; x_wconf 88' lang='lat' dir='ltr'>SV</span> <span class='ocrx_word' id='word_1_322' title='bbox 1661 2793 1711 2831; x_wconf 90' lang='lat'>16</span> <span class='ocrx_word' id='word_1_323' title='bbox 1740 2795 1775 2833; x_wconf 84' lang='grc' dir='ltr'>οἱ</span> <span class='ocrx_word' id='word_1_324' title='bbox 1795 2806 1878 2832; x_wconf 90' lang='lat' dir='ltr'>om.</span> 
     </span>
     <span class='ocr_line' id='line_1_35' title="bbox 214 2847 1881 2902; baseline -0.001 -16"><span class='ocrx_word' id='word_1_325' title='bbox 214 2848 296 2887; x_wconf 90' lang='lat' dir='ltr'>SV</span> <span class='ocrx_word' id='word_1_326' title='bbox 465 2862 513 2898; x_wconf 88' lang='lat'>19</span> <span class='ocrx_word' id='word_1_327' title='bbox 541 2865 707 2902; x_wconf 81' lang='grc' dir='ltr'>τεσσαρ.</span> <span class='ocrx_word' id='word_1_328' title='bbox 735 2849 775 2888; x_wconf 87' lang='lat' dir='ltr'><strong>R</strong></span> <span class='ocrx_word' id='word_1_329' title='bbox 792 2849 822 2888; x_wconf 91' lang='lat' dir='ltr'>S</span> <span class='ocrx_word' id='word_1_330' title='bbox 836 2849 871 2886; x_wconf 97' lang='lat' dir='ltr'>V</span> <span class='ocrx_word' id='word_1_331' title='bbox 894 2849 956 2897; x_wconf 49' lang='lat' dir='ltr'>git.</span> <span class='ocrx_word' id='word_1_332' title='bbox 983 2861 1049 2898; x_wconf 85' lang='lat'>23,</span> <span class='ocrx_word' id='word_1_333' title='bbox 1072 2860 1135 2898; x_wconf 84' lang='grc'>24,</span> <span class='ocrx_word' id='word_1_334' title='bbox 1160 2849 1233 2892; x_wconf 58' lang='grc'>26)</span> <span class='ocrx_word' id='word_1_335' title='bbox 1345 2850 1488 2900; x_wconf 78' lang='grc' dir='ltr'>γενεὰς</span> <span class='ocrx_word' id='word_1_336' title='bbox 1510 2848 1723 2897; x_wconf 83' lang='grc' dir='ltr'>ἀνθρώπων</span> <span class='ocrx_word' id='word_1_337' title='bbox 1741 2847 1780 2885; x_wconf 90' lang='grc' dir='ltr'>Α</span> <span class='ocrx_word' id='word_1_338' title='bbox 1795 2847 1830 2885; x_wconf 93' lang='grc' dir='ltr'>Β</span> <span class='ocrx_word' id='word_1_339' title='bbox 1848 2847 1881 2886; x_wconf 91' lang='lat' dir='ltr'>C</span> 
     </span>
     <span class='ocr_line' id='line_1_36' title="bbox 213 2901 1882 2956; baseline -0.001 -15"><span class='ocrx_word' id='word_1_340' title='bbox 213 2915 267 2942; x_wconf 86' lang='lat'>20</span> <span class='ocrx_word' id='word_1_341' title='bbox 297 2901 483 2956; x_wconf 83' lang='grc' dir='ltr'>ἆρχιρέας</span> <span class='ocrx_word' id='word_1_342' title='bbox 505 2903 539 2942; x_wconf 91' lang='grc' dir='ltr'>Ρ</span> <span class='ocrx_word' id='word_1_343' title='bbox 553 2903 642 2943; x_wconf 89' lang='lat' dir='ltr'>RV</span> <span class='ocrx_word' id='word_1_344' title='bbox 819 2917 866 2942; x_wconf 84' lang='lat'>21</span> <span class='ocrx_word' id='word_1_345' title='bbox 901 2903 1053 2954; x_wconf 82' lang='grc' dir='ltr'>καίτοι]</span> <span class='ocrx_word' id='word_1_346' title='bbox 1076 2904 1139 2943; x_wconf 82' lang='grc' dir='ltr'>καὶ</span> <span class='ocrx_word' id='word_1_347' title='bbox 1164 2903 1202 2940; x_wconf 91' lang='lat' dir='ltr'><strong>R</strong></span> <span class='ocrx_word' id='word_1_348' title='bbox 1218 2902 1247 2941; x_wconf 89' lang='lat' dir='ltr'>S</span> <span class='ocrx_word' id='word_1_349' title='bbox 1262 2901 1300 2941; x_wconf 95' lang='lat' dir='ltr'>V</span> <span class='ocrx_word' id='word_1_350' title='bbox 1316 2929 1332 2943; x_wconf 74' lang='lat'>.</span> <span class='ocrx_word' id='word_1_351' title='bbox 1408 2904 1545 2955; x_wconf 73' lang='grc' dir='ltr'>’γενεαὶ</span> <span class='ocrx_word' id='word_1_352' title='bbox 1572 2903 1723 2956; x_wconf 80' lang='grc' dir='ltr'>ἀνδρῶν</span> <span class='ocrx_word' id='word_1_353' title='bbox 1746 2902 1785 2940; x_wconf 90' lang='lat' dir='ltr'><strong>R</strong></span> <span class='ocrx_word' id='word_1_354' title='bbox 1800 2902 1830 2941; x_wconf 90' lang='lat' dir='ltr'>S</span> <span class='ocrx_word' id='word_1_355' title='bbox 1844 2903 1882 2941; x_wconf 96' lang='lat' dir='ltr'>V</span> 
     </span>
     <span class='ocr_line' id='line_1_37' title="bbox 214 2957 1880 3012; baseline 0 -16"><span class='ocrx_word' id='word_1_356' title='bbox 214 2969 266 3008; x_wconf 89' lang='grc'>23</span> <span class='ocrx_word' id='word_1_357' title='bbox 297 2957 377 3009; x_wconf 85' lang='grc' dir='ltr'>ἔτι]</span> <span class='ocrx_word' id='word_1_358' title='bbox 406 2960 468 2999; x_wconf 79' lang='grc' dir='ltr'>ἐπὶ</span> <span class='ocrx_word' id='word_1_359' title='bbox 489 2957 528 2997; x_wconf 90' lang='grc' dir='ltr'>Α</span> <span class='ocrx_word' id='word_1_360' title='bbox 543 2958 577 2997; x_wconf 92' lang='grc' dir='ltr'>Β</span> <span class='ocrx_word' id='word_1_361' title='bbox 593 2959 626 2997; x_wconf 93' lang='lat' dir='ltr'>C</span> <span class='ocrx_word' id='word_1_362' title='bbox 738 2959 791 2997; x_wconf 88' lang='grc'>26</span> <span class='ocrx_word' id='word_1_363' title='bbox 820 2959 915 3012; x_wconf 78' lang='grc' dir='ltr'>πρὸς</span> <span class='ocrx_word' id='word_1_364' title='bbox 936 2971 1016 2997; x_wconf 90' lang='lat' dir='ltr'>om.</span> <span class='ocrx_word' id='word_1_365' title='bbox 1038 2957 1078 2996; x_wconf 94' lang='lat' dir='ltr'><strong>A</strong></span> <span class='ocrx_word' id='word_1_366' title='bbox 1094 2957 1128 2996; x_wconf 92' lang='lat' dir='ltr'>B</span> <span class='ocrx_word' id='word_1_367' title='bbox 1146 2957 1179 2996; x_wconf 93' lang='lat' dir='ltr'>C</span> <span class='ocrx_word' id='word_1_368' title='bbox 1196 2957 1229 2995; x_wconf 92' lang='lat' dir='ltr'>P</span> <span class='ocrx_word' id='word_1_369' title='bbox 1315 2957 1539 3010; x_wconf 84' lang='grc' dir='ltr'>τριηκοσίυι</span> <span class='ocrx_word' id='word_1_370' title='bbox 1558 2957 1596 2996; x_wconf 91' lang='lat' dir='ltr'><strong>R</strong></span> <span class='ocrx_word' id='word_1_371' title='bbox 1680 2974 1729 2998; x_wconf 82' lang='grc' dir='ltr'>τε</span> <span class='ocrx_word' id='word_1_372' title='bbox 1746 2970 1826 2996; x_wconf 92' lang='lat' dir='ltr'>om.</span> <span class='ocrx_word' id='word_1_373' title='bbox 1846 2957 1880 2996; x_wconf 92' lang='lat' dir='ltr'>C</span> 
     </span>
    </p>
   </div>
  </div>
 </body>
</html>
