2098 3320
157 668 179 709 5

131 1094 180 1123 10

129 1938 178 1965 20

130 2358 177 2399 ²5

804 182 1183 234 ΙΣΤΟΡΙΩΝ
1246 185 1288 234 Α
1720 140 1727 151 κ
1912 191 2059 254 I.1o4

207 316 362 381 βῆναι
390 314 442 370 ἐς
478 313 568 381 τὴν
600 312 847 381 Μηδικήν,
881 314 998 368 ἀλλ’
1038 315 1091 368 ἓν
1130 315 1187 369 τὸ
1223 317 1303 369 διὰ
1337 314 1495 383 μέσου
1531 317 1673 373 ἔθνος
1712 317 1872 371 αὐτῶν

208 400 336 460 ἐστι,
391 398 685 468 Σάσπειρες,
728 404 871 453 τοῦτο
917 402 971 453 δὲ
1016 399 1499 468 παραμειβομένοισι
1544 401 1668 455 εἶναι
1714 404 1768 455 ἐν
1812 411 1871 477 τῇ

209 486 423 557 Μηδικῇ.
484 483 541 536 οὗ
562 483 733 551 μέντοι
763 485 814 536 οἵ
840 505 899 552 γε
924 485 1106 538 Σκύθαι
1136 485 1288 559 ταύτῃ
1315 485 1588 552 ἐσέβαλον,
1616 488 1749 540 ἀλλὰ
1779 487 1870 553 τὴν
1910 511 1935 542 2

208 568 627 637 κατύπερθεὸδὸν
667 574 842 639 πολλῷ
883 569 1188 638 μακροτέρην
1230 572 1602 638 ἐκτραπόμενοι,
1641 574 1694 624 ἐν
1734 571 1871 646 δεξιῇ

206 654 410 722 ἔχοντες
450 653 506 706 τὸ
543 652 833 706 Καυκάσιον
874 657 1002 722 ὄρος.
1070 657 1280 708 ἐνθαῦτα
1321 658 1366 707 οἱ
1402 659 1494 721 μὲν
1537 660 1701 720 Μῆδοι
1741 679 1865 723 συμ-

204 738 455 803 βαλόντες
484 742 618 790 τοῖσι
643 739 864 811 Σκύθῃσι
897 740 976 791 καὶ
1007 739 1319 794 ἑσσωθέντες
1349 748 1409 813 τῇ
1432 740 1569 813 μάχῃ
1594 745 1680 805 τῆς
1711 743 1869 809 ἀρχῆς

205 823 566 888 κατελύθησαν,
616 825 663 875 οἱ
712 825 764 875 δὲ
811 824 996 876 Σκύθαι
1048 823 1138 888 τὴν
1184 824 1364 889 Ἀσίην
1412 829 1583 877 πᾶσαν
1629 825 1866 894 ἐπέσχον.

204 908 432 960 ἐνθεῦτεν
456 910 508 960 δὲ
539 906 692 973 ἤισαν
723 907 800 960 ἐπ’
828 909 1099 975 Αἴγυπτον.
1178 909 1256 961 καὶ
1281 910 1444 961 ἐπείτε
1477 909 1707 976 ἐγένοντο
1731 912 1785 962 ἐν
1809 919 1869 984 τῇ
1907 923 2001 974 105

206 992 526 1064 Παλαιστίνῃ
564 994 732 1064 Συρίῃ,
765 991 1092 1062 Ψαμμήτιχός
1133 999 1296 1060 σφεας
1333 995 1586 1061 Αἰγύπτου
1622 994 1869 1059 βασιλεὺς

205 1075 445 1130 ἀντιάσας
483 1077 690 1144 δώροισί
720 1099 775 1130 τε
820 1077 899 1128 καὶ
942 1083 1117 1150 λιτῇσι
1160 1077 1428 1144 ἀποτρέπει
1468 1078 1524 1129 τὸ
1569 1078 1867 1146 προσωτέρω

202 1160 268 1226 μὴ
300 1161 616 1228 πορεύεσθαι.
705 1164 752 1214 οἱ
784 1164 836 1214 δὲ
867 1164 1031 1214 ἐπείτε
1063 1160 1434 1230 ἀναχωρέοντες
1459 1164 1621 1215 ὀπίσω
1644 1164 1868 1230 ἐγίνοντο
1905 1182 1930 1214 2

203 1247 290 1309 τῆς
338 1247 516 1312 Συρίης
565 1247 619 1298 ἐν
667 1244 959 1299 Ἀσκάλωνι
1007 1247 1141 1306 πόλι,
1197 1251 1294 1298 τῶν
1353 1248 1581 1299 πλεόνων
1639 1247 1869 1300 Σκυθέων
1909 1300 1917 1306 ,
2073 1302 2098 1338 d

203 1328 614 1396 παρεξελθόντων
651 1330 868 1400 ἄσιν-ἔων
905 1331 1071 1398 ὀλίγοι
1111 1333 1244 1384 τινὲς
1280 1330 1441 1383 αὐτῶν
1477 1306 2061 1399 ὑπολειφθέντεςωκααὶῗῖ

204 1414 464 1479 ἐσύλησαν
494 1417 582 1479 τῆς
612 1414 843 1482 οὐρανίης
874 1414 1175 1482 Ἀφροδίτης
1211 1415 1267 1467 τὸ
1300 1416 1419 1483 ἱρόν.
1499 1416 1610 1468 ἔστι
1641 1418 1693 1468 δὲ
1725 1421 1867 1468 τοῦτο
1905 1437 1930 1480 3

155 1517 175 1554 5
202 1497 260 1549 τὸ
283 1499 404 1566 ἱρόν,
439 1498 504 1553 ὡς
534 1500 632 1567 ἐγὼ
663 1500 1031 1565 πυνθανόμενος
1063 1501 1290 1567 εὑρίσκω,
1313 1499 1513 1553 πάντων
1537 1501 1868 1568 ἀρχᾶιότατον

205 1582 335 1649 ἱρῶν,
371 1584 469 1635 ὅσα
506 1584 685 1648 ταύτης
734 1586 822 1648 τῆς
869 1587 999 1635 θεοῦ·
1048 1585 1126 1636 καὶ
1174 1587 1269 1651 γὰρ
1321 1583 1391 1635 τὸ
1426 1587 1479 1636 ἐν
1529 1585 1709 1655 Κύπρῳ
1764 1588 1867 1651 ἱρὸν

204 1668 432 1720 ἐνθεῦτεν
473 1666 690 1735 ἐγένετο,
746 1668 811 1722 ὡς
858 1668 995 1720 αὐτοὶ
1050 1668 1260 1735 Κύπριοι
1305 1668 1531 1735 λέγουσι,
1586 1670 1663 1720 καὶ
1710 1668 1768 1720 τὸ
1815 1671 1869 1721 ἐν

204 1749 479 1818 Κυθήροισι
510 1751 739 1805 Φοίνικές
771 1754 872 1804 εἰσι
913 1755 958 1804 οἱ
991 1752 1308 1820 ἱδρυσάμενοι
1348 1755 1402 1804 ἐκ
1437 1754 1615 1818 ταύτης
1656 1757 1742 1818 τῆς
1772 1758 1865 1805 Συ-

202 1836 308 1901 ρίης
351 1836 533 1890 ἐόντες.
597 1841 731 1888 τοῖσι
776 1839 829 1889 δὲ
864 1841 963 1889 τῶν
1006 1836 1233 1889 Σκυθέων
1274 1836 1536 1902 συλήσασι
1575 1836 1630 1888 τὸ
1672 1837 1777 1904 ἱρὸν
1809 1837 1868 1889 τὸ
1902 1857 1928 1898 4

203 1921 257 1971 ἐν
301 1919 590 1972 Ἀσκάλωνι
636 1922 714 1973 καὶ
759 1924 891 1973 τοῖσι
936 1922 1121 1973 τούτων
1167 1921 1262 1974 αἰεὶ
1310 1922 1562 1989 ἐκγόνοισι
1608 1921 1868 1989 ἐνέσκηψε

202 2004 232 2069 ἡ
278 2003 389 2057 θεὸς
435 2003 621 2070 θήλεαν
654 2009 865 2057 νοῦσον·
918 2006 1051 2058 ὥστε
1092 2005 1193 2071 ἅμα
1235 2005 1450 2073 λέγουσί
1489 2028 1543 2057 τε
1593 2009 1638 2058 οῖ
1684 2007 1867 2058 Σκύθαι

203 2089 283 2140 διὰ
333 2090 481 2140 τοῦτό
527 2095 691 2156 σφεας
741 2089 954 2149 νοσέειν,
1005 2090 1085 2142 καὶ
1135 2092 1255 2157 ὁρᾶν
1306 2090 1419 2166 παρ’
1472 2093 1703 2142 ἑωυτοῖσι
1751 2084 2098 2172 τοὺςὲξκωα

203 2172 586 2243 ἀπικνεομένους
630 2176 682 2228 ἐς
721 2173 812 2243 τῂν
856 2174 1099 2250 Σκυθικῂν
1139 2175 1307 2250 χώρην
1351 2175 1415 2227 ὡς
1460 2174 1713 2227 διακέαται
1754 2175 1867 2229 τοὺς
1885 2142 2098 2306 ⁰:²3⁸:

205 2256 443 2309 καλέουσι
477 2257 682 2324 ἐνάρεας
713 2260 760 2310 οἱ
791 2258 990 2310 Σκύθαι.
1072 2259 1152 2311 ἐπὶ
1181 2258 1274 2324 μέν
1305 2281 1392 2312 νυν
1422 2260 1550 2311 ὀκτὼ
1588 2260 1667 2311 καὶ
1708 2261 1868 2311 ε’ίκοσι
1905 2270 1962 2306 10

203 2341 317 2393 ἔτεα
347 2340 503 2410 ἦρχον
533 2346 619 2407 τῆς
650 2341 828 2407 Ἀσίης
860 2345 907 2395 οἱ
940 2343 1136 2402 Σκύθαι,
1168 2343 1245 2395 καὶ
1275 2346 1336 2395 τὰ
1367 2343 1530 2395 πάντα
1561 2351 1659 2411 σφι
1689 2344 1786 2395 ὑπό
1814 2364 1867 2395 τε

0 2426 375 2492 ΙΙι-νιινιωῦβριος
413 2425 494 2478 καὶ
528 2427 793 2498 ὀλιγωρίης
830 2426 1086 2479 ἀνάστατα
1122 2426 1197 2492 ἧν.
1267 2427 1420 2496 χωρὶς
1454 2431 1546 2492 μὲν
1577 2430 1672 2494 γὰρ
1709 2428 1868 2494 φόρον
1890 2439 2079 2476 Μωυυ

203 2509 463 2578 ἔπρησσον
494 2510 608 2577 παρ’
641 2510 865 2563 ἑκάστων
900 2511 957 2563 τὸ
994 2511 1254 2564 ἑκάστοισι
1293 2512 1598 2577 ἐπέβαλλον,
1632 2512 1784 2579 χωρὶς
1815 2514 1869 2564 δὲ
1890 2518 2098 2566 &md

202 2598 290 2645 τοῦ
319 2595 479 2662 φόρου
502 2595 724 2662 ἥρπαζον
744 2597 1152 2663 περιελαύνοντες
1175 2597 1319 2647 τοῦτο
1339 2597 1367 2646 ὅ
1385 2617 1431 2668 τι
1456 2597 1620 2663 ἔχοιεν
1646 2596 1866 2647 ἕκαστοι.

205 2677 283 2730 καὶ
312 2678 500 2731 τούτων
529 2682 622 2745 μὲν
652 2679 765 2733 τοὺς
796 2684 1012 2733 πλεῦνας
1050 2679 1310 2745 Κυαξάρης
1343 2700 1398 2731 τε
1439 2681 1519 2732 καὶ
1561 2682 1729 2744 Μῆδοι
1766 2677 1867 2744 ξει-
1903 2703 1926 2733 2

257 2827 282 2865 5
312 2814 355 2857 δὲ
378 2816 548 2869 ἔχοντες
568 2818 602 2856 C
742 2818 768 2855 8
797 2817 903 2866 ἦσαν
923 2818 956 2856 C
974 2818 1007 2856 P
1150 2830 1165 2855 Ι
1180 2831 1193 2856 t
1229 2817 1420 2868 ἐγένοντο
1443 2818 1475 2856 C
1494 2817 1526 2855 P
1663 2829 1710 2866 13
1740 2816 1868 2870 τινὲς]

202 2887 243 2910 τι
271 2871 297 2920 ἢ
328 2872 362 2910 C
611 2884 659 2910 21
694 2873 719 2922 ἡ
752 2873 854 2923 Pap.
888 2873 1057 2922 Oxyrh.
1096 2874 1144 2910 18
1173 2879 1215 2911 et
1248 2872 1431 2922 Longin.
1458 2873 1510 2911 de
1540 2872 1646 2911 subl.
1669 2873 1749 2910 28:
1788 2876 1809 2913 ὁ
1836 2872 1870 2911 L

205 2925 371 2974 θήλειαν
391 2925 425 2965 C
444 2925 478 2964 P
697 2941 750 2966 22
783 2930 917 2968 νοσεῖν
941 2927 973 2965 Ρ
1112 2931 1207 2979 ὃρᾶν
1227 2927 1398 2980 πάρεστι
1417 2931 1525 2967 τοῖσι
1548 2926 1869 2976 ἀπικνεομένοισι

204 2977 358 3030 Pingel
495 2994 546 3029 24
578 2980 738 3034 ἐναρέας
761 2982 793 3020 L
943 2983 997 3020 26
1026 2981 1150 3033 φόρον
1174 2982 1359 3021 Reiske:
1390 2981 1523 3035 φόρων
1546 2982 1577 3020 Ι.
1716 2994 1767 3031 27
1797 2983 1870 3023 τὸν

206 3033 367 3074 Reiske
481 3035 688 3083 ἐπέβαλον
709 3037 743 3076 C
771 3050 779 3075 :
810 3036 1039 3083 ἐπιβάλλον
1062 3036 1231 3075 Dobree
