2098 3320
73 105 163 153 111.
187 117 269 167 157

239 263 265 294 2

179 1511 266 1572 158

171 2276 265 2326 Ι59

944 108 1370 157 ΗΡΟΔΟΤΟὙ

311 239 476 288 ἐδέετο
524 235 715 304 σφέων·
779 236 943 290 ἐδέετο
992 240 1046 290 δὲ
1095 242 1343 305 στρατιῆς.
1433 241 1459 290 6
1505 242 1558 293 δὲ
1603 241 1765 292 ἐπείτε
1812 239 1971 293 αὐτῶν

311 325 456 372 τοῦτο
504 320 780 387 παρέλαβε,
833 323 998 374 ε’ποίεε
1045 322 1107 375 τά
1153 344 1245 390 περ
1291 329 1358 393 τῷ
1407 325 1601 393 Δαρείῳ
1647 322 1968 389 συνεθήκατο·

315 402 576 472 ἐξαγαγὼν
612 406 707 472 γὰρ
742 414 802 479 τῇ
839 404 1016 479 δεκάτῃ
1057 406 1212 479 ἡμέρῃ
1252 406 1343 472 τὴν
1384 407 1620 476 στρατιὴν
1659 413 1755 460 τῶν
1800 412 1969 474 Βαβυ-

311 491 506 541 λωνίων
547 491 626 542 καὶ
669 490 1052 556 κυκλωσάμενος
1082 492 1195 546 τοὺς
1231 493 1426 560 χιλίους
1464 492 1578 547 τοὺς
1612 492 1834 560 πρώτους
1866 495 1970 546 ἐνε-

311 574 509 625 τείλατο
562 576 757 645 Δαρείῳ
808 574 969 641 τάξαι,
1021 576 1223 631 τούτους
1277 578 1628 644 κατεφόνευσε.
1730 578 1972 642 μαθόντες
1994 599 2018 641 5

311 656 363 710 δέ
407 678 492 722 μιν
537 660 582 710 οἱ
628 660 943 724 Βαβυλώνιοι
988 666 1126 713 τοῖσι
1170 661 1316 713 ἔπεσι
1359 664 1421 713 τὰ
1464 661 1586 729 ἔργα
1628 662 1970 729 παρεχόμενον

311 742 471 806 ὅμοια,
527 740 695 812 πάγχυ
755 743 1047 812 περιχαρέες
1110 746 1276 799 ἐόντες
1334 750 1432 798 πᾶν
1491 745 1549 810 δὴ
1602 746 1790 811 ἕτοιμοι
1840 744 1970 811 ἦσαν

310 825 614 892 ὑπηρετέειν.
703 829 729 877 6
763 831 815 881 δὲ
853 830 1096 881 διαλιπὼν
1136 829 1320 896 ἡμέρας
1355 832 1442 884 τὰς
1480 828 1804 897 συγκειμένας
1835 831 1971 883 αῧτις

311 910 667 977 ἐπιλεξάμενος
711 918 809 964 τῶν
859 915 1200 979 Βαβυλωνίων
1249 913 1462 982 ἐξήγαγε
1508 914 1587 966 καὶ
1636 914 1972 982 κατεφόνευσε

309 1000 407 1047 τῶν
439 997 654 1062 Δαρείου
685 997 1028 1064 στρατιωτέων
1058 998 1171 1052 τοὺς
1204 1000 1502 1067 δισχιλίους.
1592 999 1778 1052 ἰδόντες
1809 1001 1861 1051 δὲ
1892 998 1972 1050 καὶ

308 1084 451 1131 τοῦτο
495 1080 551 1132 τὸ
596 1081 742 1148 ἔργον
782 1084 828 1134 οἳ
874 1083 1193 1147 Βαβυλώνιοι
1239 1082 1422 1137 πάντες
1463 1079 1702 1150 Ζώπυρον
1737 1081 1876 1150 εἶχον
1917 1084 1972 1135 ἐν

309 1164 528 1230 στόμασι
567 1164 831 1220 αἰνέοντες.
922 1167 947 1216 ὁ
987 1170 1041 1219 δὲ
1076 1167 1209 1221 αὖτις
1250 1168 1494 1219 διαλιπὼν
1525 1168 1612 1220 τὰς
1643 1165 1970 1234 συγκειμένας

306 1247 490 1315 ἡμέρας
521 1247 735 1317 ἐξήγαγε
766 1252 816 1304 ἐς
846 1250 902 1302 τὸ
926 1251 1282 1319 προειρημένον
1309 1253 1388 1304 καὶ
1421 1249 1803 1316 κυκλωσάμενος
1827 1271 1967 1304 κατε-

307 1333 527 1399 φόνευσε
546 1334 657 1387 τοὺς
676 1337 1118 1403 τετρακισχιλίους.
1183 1336 1247 1390 ὡς
1267 1339 1320 1389 δὲ
1345 1336 1423 1388 καὶ
1443 1340 1588 1388 τοῦτο
1610 1333 1967 1404 κατεργάσατο,

306 1416 471 1470 πάντα
505 1417 562 1483 δὴ
602 1417 662 1483 ἦν
698 1420 752 1471 ἐν
788 1424 923 1472 τοῖσι
962 1422 1339 1485 Βαβυλωνίοισι
1379 1421 1631 1488 Ζώπυρος,
1671 1421 1750 1472 καὶ
1786 1441 1966 1486 στρατ-

306 1500 464 1571 άρχης
482 1523 538 1554 τε
561 1503 703 1557 οὗτός
723 1510 822 1571 σφι
847 1505 926 1556 καὶ
946 1503 1260 1573 τειχοφύλαξ
1283 1503 1594 1558 ἀπεδέδεκτο.
1668 1503 1971 1572 προσβολὴν

304 1588 358 1638 δὲ
391 1587 603 1653 Δαρείου
630 1590 752 1640 κατὰ
781 1590 842 1639 τὰ
874 1589 1175 1655 συγκείμενα
1206 1587 1496 1655 ποιευμένου
1525 1585 1673 1656 πέριξ
1697 1592 1754 1639 τὸ
1783 1592 1965 1656 τεῖχος,

304 1672 515 1723 ἐνθαῦτα
546 1671 603 1735 δὴ
635 1670 797 1724 πάντα
824 1671 912 1725 τὸν
942 1673 1092 1725 δόλον
1128 1675 1154 1724 6
1195 1674 1430 1741 Ζώπυρος
1466 1671 1715 1740 ἐξέφαινε.
1804 1674 1850 1724 οἱ
1877 1674 1970 1738 μὲν

303 1756 411 1821 γὰρ·
448 1756 762 1821 Βαβυλώνιοι
809 1756 1088 1822 ἀναβάντες
1139 1758 1219 1810 ἐπὶ
1269 1763 1325 1809 τό
1377 1763 1544 1826 τεῖχος
1591 1757 1835 1822 ἠμύνοντο
1877 1755 1969 1820 τὴν

306 1840 520 1905 Δαρείου
557 1840 795 1907 στρατιὴν
834 1841 1286 1908 προσβάλλουσαν,
1333 1843 1358 1892 6
1404 1845 1457 1894 δὲ
1503 1841 1740 1907 Ζώπυρος
1783 1839 1870 1894 τάς
1900 1849 1970 1892 ’τε

305 1924 524 1978 Κισσίας
555 1925 633 1976 καὶ
671 1926 887 1990 Βηλίδας
927 1925 1231 1991 καλεομένας
1271 1926 1431 1979 πύλας
1470 1924 1786 1978 ἀναπετάσας
1818 1926 1970 1990 ἐσῆκε

302 2007 416 2062 τοὺς
458 2007 662 2075 Πέρσας
703 2011 754 2063 ἐς
794 2009 849 2061 τὸ
894 2014 1076 2078 τεῖχος.
1165 2015 1263 2063 τῶν
1310 2013 1363 2062 δὲ
1406 2011 1746 2076 Βαβυλωνίων
1788 2009 1834 2061 οἳ
1877 2010 1968 2074 μὲν

304 2091 435 2144 εἶδον
466 2093 523 2145 τὸ
554 2092 775 2158 ποιηθέν,
798 2094 935 2146 ὀὗτοι
964 2097 1056 2159 μὲν
1083 2094 1300 2162 ἔφευγον
1334 2096 1385 2148 ἐς
1416 2099 1501 2146 τοῦ
1534 2094 1656 2147 Διὸς
1685 2097 1771 2145 τοῦ
1802 2091 1968 2157 Βήλου

303 2175 359 2228 τὸ
392 2177 512 2244 ἱρόν,
547 2178 592 2229 οἳ
623 2180 676 2230 δὲ
707 2178 792 2230 οὐκ
827 2178 973 2239 εἶδον,
1011 2179 1187 2244 ἔμενον
1219 2181 1273 2231 ἐν
1301 2187 1362 2252 τῇ
1388 2181 1569 2231 ἑωυτοῦ
1598 2175 1709 2240 τάξι
1740 2177 1964 2236 ἕκαστος,

302 2262 354 2315 ἐς
385 2259 412 2312 ὃ
444 2260 501 2325 δὴ
534 2262 613 2314 καὶ
644 2262 778 2314 οὗτοι
810 2262 994 2328 ἔμαθον
1027 2262 1394 2330 προδεδομένοι.
1481 2262 1730 2328 Βαβυλὼν
1758 2259 1851 2326 μέν
1880 2281 1967 2313 νυν

304 2347 429 2396 οὕτω
467 2345 522 2396 τὸ
560 2346 787 2413 δεύτερον
814 2346 1012 2413 αἱρέθη,
1052 2352 1264 2414 Δαρεῖος
1302 2350 1355 2399 δὲ
1394 2347 1555 2399 ε’πείτε
1597 2343 1839 2412 ἐκράτησε
1868 2349 1967 2397 τῶν

306 2430 662 2494 Βαβυλωνίων,
696 2435 839 2482 τοῦτο
869 2430 960 2496 μέν
1005 2438 1179 2498 σφεων
1216 2430 1274 2482 τὸ
1310 2436 1476 2499 τεῖχος
1511 2433 1730 2496 περιεῖλε
1761 2429 1841 2480 καὶ
1879 2430 1967 2483 τὰς

304 2514 465 2567 πύλας
497 2513 663 2568 πάσας
701 2513 969 2567 ἀπέσπασε
1001 2513 1075 2578 (τὸ
1113 2517 1208 2581 γὰρ
1249 2515 1490 2582 πρότερον
1522 2514 1650 2566 ἑλὼν
1682 2516 1841 2580 Κῦρος
1876 2511 1967 2576 τὴν

307 2601 592 2662 Βαβυλῶνα
629 2599 836 2662 ἐποίησε
871 2599 1058 2650 τούτων
1101 2597 1391 2665 οὐδέτερον),
1425 2602 1567 2649 τοῦτο
1606 2600 1658 2649 δὲ
1696 2597 1722 2647 6
1756 2601 1966 2662 Δαρεῖος

361 2747 386 2784 5
416 2734 530 2788 τάξαι
546 2748 626 2775 om.
649 2735 688 2773 R
704 2736 784 2774 SV
893 2749 920 2784 9
952 2736 1126 2788 ἐξήγαγε
1143 2765 1152 2774 .
1174 2766 1182 2774 .
1201 2767 1210 2775 .
1232 2737 1480 2783 Βαβυλώνιοι
1499 2748 1580 2775 om.
1603 2734 1642 2772 R
1758 2746 1802 2773 11
1835 2732 1968 2775 πάντα

309 2790 347 2827 R
365 2791 395 2830 S
408 2790 445 2828 V
595 2803 645 2829 12
675 2789 851 2841 στόματι
867 2791 901 2829 C
1053 2804 1101 2838 14
1132 2789 1388 2843 κατέργαστο
1407 2790 1447 2828 Α
1461 2789 1497 2827 Β
1513 2790 1546 2827 C
1561 2789 1594 2828 P
1744 2799 1792 2837 15
1823 2789 1867 2828 ἐν
1881 2787 1962 2827 del.

308 2845 445 2884 Cobet
557 2844 830 2898 στρατιάρχης
850 2844 889 2882 Α
905 2845 939 2882 Β
955 2845 987 2882 C
1158 2846 1207 2882 16
1236 2843 1456 2885 ἀπεδέκετο
1487 2843 1525 2880 R
1541 2843 1571 2882 S
1584 2844 1621 2880 V
1788 2854 1840 2892 19
1865 2840 1964 2893 ’γὰρἹ

305 2902 384 2952 γὰρ
405 2901 454 2948 δὴ
476 2900 506 2938 S
618 2911 667 2937 21
699 2898 785 2949 καὶ]
809 2900 874 2939 καὶ
894 2899 968 2940 τὰς
993 2898 1028 2935 R
1047 2899 1076 2937 S
1090 2899 1128 2936 V
1244 2911 1296 2947 23
1324 2902 1408 2939 ἴδον
1432 2899 1470 2936 R
1581 2897 1655 2948 μὲν
1677 2909 1760 2936 om.
1779 2895 1819 2933 A
1833 2895 1866 2934 B
1882 2894 1915 2933 C
1932 2894 1966 2932 P

307 2966 359 3003 24
390 2953 498 3006 τάξει
522 2951 753 2991 CPRSV

1999 1019 2048 1048 10

1998 1439 2045 1481 ¹5

1995 1865 2045 1893 20

1994 2281 2041 2322 25
