2098 3320
838 138 1215 186 ΙΣΤΟΡΙΩΝ
1279 139 1317 186 Β
1954 142 2018 195 ΙΙ.
2040 155 2098 205 57

245 266 504 323 πελειάδες
544 267 598 320 δέ
636 289 722 333 μοι
757 266 989 320 δοκέουσι
1034 271 1276 334 κληθῆναι
1314 263 1440 335 ’πρὸς
1483 270 1795 321 Δωδωναίων
1833 270 1912 323 ἐπὶ
1948 285 2012 336 57

243 356 387 404 τοῦδε
431 355 481 404 αἱ
525 357 768 419 γυναῖκες,
807 353 934 405 διότι
977 352 1233 421 βάρβαροι
1279 352 1426 418 ἦσαν,
1471 354 1672 406 ἐδόκεον
1716 353 1771 406 δέ
1816 362 1915 421 σφι

245 437 425 502 ὁμοίως
460 438 625 503 ὄρνισι
661 438 992 505 φθέγγεσθαι.
1081 439 1207 503 μετὰ
1237 439 1291 490 δὲ
1328 438 1515 506 χρόνον
1545 436 1635 502 τὴν
1674 437 1914 490 πελειάδα
1948 459 1972 490 2

244 521 532 593 ἀνθρωπηίῃ
574 527 719 594 φωνῇ
758 519 1065 587 αὐδάξασθαι
1105 520 1336 589 λέγουσι,
1383 523 1548 575 ἐπείτε
1590 521 1775 574 συνετά
1816 529 1914 590 σφι

196 605 367 671 5ηὔδα
410 605 440 670 ἦ
486 603 626 673 γυνή·
673 606 765 660 ἕως
811 608 864 658 δὲ
910 603 1231 674 ἐβαρβάριζε,
1279 608 1474 674 ὄρνιθος
1519 607 1705 674 τρόπον
1748 606 1914 659 ἐδόκεέ

245 696 343 757 σφι
374 689 710 757 φθέγγεσθαι,
745 691 853 743 ἐπεὶ
883 689 977 760 τέῳ
1010 692 1174 761 τρόπῳ
1207 690 1269 743 ἂν
1301 690 1505 744 πελειάς
1537 712 1593 758 γε
1625 691 1912 762 ἀνθρωπηίῃ

245 780 390 847 φωνῇ
422 772 721 841 φθέγξαιτο;
768 774 1012 840 μέλαιναν
1044 778 1098 828 δὲ
1127 774 1365 843 λέγοντες
1399 776 1523 827 εἶναι
1553 775 1642 839 τὴν
1674 774 1944 828 πελειάδα’

245 858 550 924 σημαίνουσι
578 860 655 916 ὅτι
687 860 930 926 Αἰγυπτίη
964 860 992 924 ἡ
1025 858 1146 927 γυνὴ
1180 858 1257 924 ἣν.
1344 859 1373 924 ἡ
1407 862 1459 912 δὲ
1490 861 1701 924 μαντηίη
1727 860 1759 924 ἥ
1780 881 1833 911 τε
1859 862 1911 911 ἐν
1945 880 1970 923 3

246 940 461 1015 Θήβῃσι
518 951 637 1016 τῇσι
690 944 996 1015 Αἰγυπτίῃσι
1047 944 1133 995 καὶ.
1178 945 1234 996 ἐν
1288 943 1511 1016 Δωδώνῃ
1564 942 1911 1010 παραπλήσιαι

174 1047 221 1076 ιο
244 1025 504 1099 ἀλλήλῃσι
550 1027 858 1095 τυγχάνουσι
904 1029 1093 1079 ἐοῦσαι.
1184 1027 1295 1079 ἔστι
1344 1031 1397 1080 δὲ
1447 1029 1524 1080 καὶ
1576 1032 1675 1080 τῶν
1721 1030 1835 1094 ῖρῶν
1879 1028 1908 1092 ἡ

243 1110 452 1176 μαντικὴ
493 1110 578 1164 ἀπ’
619 1111 869 1179 Αἰγύπτου
911 1111 1177 1178 ἀπιγμένη.
1254 1113 1560 1179 πανηγύριας
1601 1114 1653 1163 δὲ
1693 1111 1787 1178 ἄρα
1830 1113 1909 1164 καὶ
1946 1117 2011 1176 58

246 1197 444 1261 πομπᾶς
483 1194 562 1247 καὶ
602 1198 939 1263 προσαγωγὰς
975 1201 1162 1262 πρῶτοι
1197 1196 1473 1264 ἀνθρώπων
1508 1196 1777 1263 Αἰγύπτιοί
1810 1197 1910 1247 εἰσι

245 1281 291 1331 οἱ
336 1278 684 1345 ποιησάμενοι,
737 1280 816 1332 καὶ
863 1282 995 1347 παρὰ
1042 1282 1230 1333 τούτων
1273 1279 1529 1346 ’Έλληνες
1576 1279 1907 1345 μεμαθήκασι.

244 1362 508 1430 τεκμήριον
551 1363 606 1416 δέ
643 1385 728 1429 μοι
772 1364 947 1416 τούτου
991 1365 1123 1418 τόδε·
1169 1367 1219 1417 αἱ
1263 1367 1358 1430 μὲν
1403 1367 1499 1432 γὰρ
1543 1365 1810 1431 φαίνονται
1855 1367 1909 1416 ἐκ

172 1468 218 1509 ¹5
244 1452 438 1500 πολλοῦ
481 1469 565 1500 τευ
609 1449 792 1516 χρόνου
839 1449 1140 1515 ποιεύμεναι,
1188 1451 1238 1502 αἱ
1285 1451 1339 1501 δὲ
1383 1448 1680 1513 Ἑλληνικαὶ
1728 1449 1909 1501 νεωστὶ

244 1530 567 1597 ἐποιήθησαν.
648 1533 1036 1600 πανηγυρίζουσι
1087 1536 1140 1586 δὲ
1193 1533 1456 1600 Αἰγύπτιοι
1505 1532 1591 1584 οὐκ
1642 1531 1779 1597 ἅπαξ
1824 1539 1909 1585 τοῦ
1946 1548 2017 1597 59

245 1617 484 1676 ἐνιαυτοῦ,
517 1617 822 1684 πανηγύριας
851 1620 905 1670 δὲ
937 1617 1145 1686 συχνάς,
1171 1617 1395 1683 μάλιστα
1423 1618 1627 1690 μὲνκαὶ
1659 1618 1904 1684 προθυμό-

242 1721 367 1753 τατα
399 1702 450 1755 ἐς
481 1702 772 1767 Βούβαστιν
804 1702 954 1754 πόλιν
977 1710 1038 1774 τῇ
1060 1701 1328 1770 Ἀρτέμιδι,
1355 1702 1559 1770 δεύτερα
1590 1704 1639 1755 ἐς
1672 1701 1910 1768 Βούσιριν

243 1786 394 1838 πόλιν
417 1787 475 1858 τῇ
494 1784 613 1838 Ἴσι·
662 1787 716 1837 ἐν
739 1787 890 1858 ταύτῃ
914 1788 1009 1854 γὰρ
1033 1786 1092 1851 δὴ
1116 1788 1174 1859 τῇ
1201 1787 1322 1839 πόλι
1345 1788 1454 1839 ἐστὶ
1484 1785 1726 1854 μέγιστον
1751 1784 1908 1839 Ἴσιος
1942 1808 1966 1839 2

171 1889 220 1920 20
243 1870 365 1937 ἱρόν,
399 1871 588 1937 ἵδρυται
628 1873 681 1923 δὲ
719 1870 748 1935 ἡ
789 1871 938 1924 πόλις
977 1871 1097 1935 αὕτη
1144 1874 1230 1935 τῆς
1274 1871 1527 1938 Αἰγύπτου
1570 1872 1624 1922 ἐν
1663 1869 1802 1940 μέσῳ
1840 1876 1906 1940 τῷ

245 1948 431 2013 Δέλτα,
458 1953 588 2009 Ἶσις
613 1954 668 2008 δέ
693 1957 803 2007 ἐστι
828 1957 951 2007 κατὰ
975 1955 1064 2019 τὴν
1087 1953 1352 2019 Ἑλλήνων
1377 1960 1624 2022 γλῶσσαν
1651 1953 1905 2021 Δημήτηρ.

242 2041 382 2104 τρίτα
411 2038 452 2090 δ’
485 2041 537 2093 ἐς
568 2039 689 2092 Σάϊν
719 2040 870 2092 πόλιν
899 2041 957 2111 τῇ
990 2039 1230 2112 Ἀθηναίῃ
1260 2040 1663 2107 πανηγυρίζουσι,
1698 2039 1906 2106 τέταρτα
1943 2059 1967 2102 3

243 2126 296 2175 δὲ
327 2124 378 2176 ἐς
408 2122 592 2175 (Ηλίου
623 2124 771 2176 πόλιν
802 2128 868 2193 τῷ
898 2123 1077 2194 Ἡλίῳ,
1112 2123 1312 2190 πέμπτα
1343 2127 1394 2176 δὲ
1428 2125 1478 2178 ἐς
1510 2127 1724 2175 Βουτοῦν
1755 2124 1904 2175 πόλιν

242 2207 300 2279 τῇ
328 2210 498 2275 Λητοῖ,
526 2208 642 2271 ἕκτα
672 2210 726 2260 δὲ
752 2210 801 2262 ἐς
828 2207 1097 2275 Πάπρημιν
1128 2209 1278 2261 πόλιν
1302 2213 1367 2277 τῷ
1393 2206 1551 2274 Ἀρεῖ.
1629 2209 1679 2261 ἐς
1702 2206 1793 2272 μέν
1818 2228 1906 2259 νυν
1942 2210 2016 2258 60

172 2310 218 2353 25
245 2291 534 2356 Βούβαστιν
558 2293 708 2344 πόλιν
735 2294 886 2344 ἐπεὰν
913 2293 1223 2358 κομίζωνται,
1246 2297 1444 2345 ποιεῦσι
1464 2291 1648 2344 τοιάδε·
1694 2289 1910 2344 πλέουσί

242 2395 296 2428 τε
316 2377 411 2443 γὰρ
432 2376 491 2440 δὴ
515 2375 617 2441 ἅμα
639 2375 812 2443 ἄνδρες
834 2375 1033 2444 γυναιξὶ
1059 2378 1136 2429 καὶ
1162 2378 1355 2429 πολλόν
1377 2397 1424 2428 τι
1448 2379 1639 2440 πλῆθος
1664 2375 1907 2442 ἑκατέρων

243 2460 297 2512 ἐν
322 2459 509 2533 ἑκάστῃ
533 2460 670 2528 βάρι·
718 2462 767 2512 αἱ
790 2459 882 2526 μέν
905 2482 1037 2514 τινες
1062 2466 1159 2514 τῶν
1185 2465 1431 2528 γυναικῶν
1457 2460 1672 2527 κρόζαλα
1697 2460 1907 2528 ἔχουσαι
1938 2463 2098 2506 rant.

297 2611 322 2638 2
353 2597 489 2641 ἐδόκεε
510 2598 544 2638 Ρ
694 2610 719 2648 5
751 2600 848 2639 αὔδα
871 2599 904 2637 C
1061 2600 1088 2636 6
1117 2600 1165 2639 ἂν
1184 2611 1266 2638 om.
1294 2598 1331 2637 A
1348 2598 1382 2637 Β
1400 2599 1433 2637 C
1544 2613 1593 2649 γε
1615 2610 1697 2637 om.
1723 2597 1755 2635 P
1772 2597 1809 2635 R
1826 2596 1907 2636 SV

245 2664 266 2702 7
298 2653 495 2707 φθέγξετο
515 2653 689 2705 μέλεναν
713 2653 750 2691 R
908 2665 958 2692 10
986 2652 1100 2706 ἱρέων
1119 2652 1159 2692 Α
1175 2653 1209 2692 Β
1226 2654 1259 2691 C
1411 2663 1455 2691 11
1490 2651 1702 2704 ἇπηγμένη
1722 2650 1775 2691 A¹
1794 2651 1830 2689 R
1847 2652 1878 2691 S
1897 2665 1905 2689 :

244 2708 299 2748 ἀπ
312 2719 339 2749 ÷
353 2723 450 2760 ηγμ.
474 2707 513 2746 V
678 2707 831 2760 -γύρεις
851 2706 890 2745 Α
905 2707 939 2747 Β
954 2708 988 2746 C
1211 2720 1257 2758 15
1287 2710 1360 2748 τοῦ
1382 2708 1414 2745 C
1641 2708 1690 2746 16
1719 2708 1796 2758 οὐχ
1815 2705 1854 2744 Α
1870 2706 1905 2745 Β

249 2774 295 2811 17
326 2762 457 2815 -γύρις
475 2761 516 2802 Α
533 2762 568 2801 Β
590 2776 599 2802 :
629 2762 780 2815 -γύρεις
800 2763 834 2802 C
1032 2764 1082 2802 18
1111 2762 1163 2803 τὰ
1184 2764 1224 2804 ἐς
1245 2763 1286 2802 R
1301 2763 1331 2802 S
1344 2762 1382 2800 V
1511 2760 1749 2809 Βούβαστον
1767 2759 1807 2799 Α
1822 2759 1856 2799 Β
1871 2761 1906 2799 C

247 2816 307 2866 git.
331 2829 410 2867 25;
439 2818 506 2868 60,
531 2817 575 2868 8)
708 2818 785 2866 τὴν
803 2816 927 2859 πόλιν
949 2815 1088 2857 RSV
1238 2815 1321 2870 (δὲ)
1341 2818 1381 2858 ἐς
1404 2815 1524 2855 Stcin
1713 2827 1760 2864 19
1787 2814 1906 2855 πόλει

245 2871 278 2909 C
293 2871 324 2910 S
342 2870 418 2924 [V]
641 2885 694 2911 20
722 2874 796 2920 τῆς
818 2883 898 2913 om.
925 2871 965 2910 R
1177 2884 1227 2920 24
1259 2871 1501 2925 Πάμπρημιν
1522 2871 1556 2910 C
1576 2883 1586 2909 t
1615 2873 1826 2922 Πατρῆμιν
1846 2869 1878 2909 S
1897 2883 1906 2907 z

245 2931 399 2979 Πρημιν
422 2926 454 2965 Ρ
470 2925 508 2965 R
528 2938 537 2965 z
567 2927 732 2980 Πρήμην
751 2925 791 2966 V
921 2925 1078 2980 ''Apn[t)
1101 2924 1139 2964 A
1157 2925 1190 2964 Β
1208 2926 1242 2964 C
1444 2936 1497 2975 25
1527 2924 1648 2966 πόλιν
1666 2936 1748 2965 om.
1772 2924 1810 2962 R
1828 2926 1858 2964 S
1871 2923 1907 2963 V

244 2979 341 3022 τάδε
356 2980 397 3034 ,Ρ
