2098 3320
81 53 166 104 lv.
195 41 287 118 156

263 210 288 240 2

266 545 290 587 Ο)

197 1041 283 1091 157

946 58 1378 107 ΗΡΟΔΟΤΟΎ

326 189 612 254 παρεόντων
659 192 837 240 κακῶν.
923 189 957 254 ἡ
996 191 1050 242 δὲ
1095 190 1257 255 Πυθίη
1305 195 1401 256 σφι
1439 188 1630 259 ἔχρησε
1669 189 1990 257 συγκτίζουσι

327 271 498 342 Βάττῳ
533 270 763 340 Κυρήνην
791 275 879 337 τῆς
911 274 1105 339 Λιβύης
1136 273 1340 340 ἄμεινον
1370 272 1591 342 πρήξειν.
1670 273 1989 327 ἀπέστελλον

325 359 450 420 μετὰ
493 362 645 408 ταῦτα
690 357 775 409 τὸν
821 356 1011 410 Βάττον
1058 361 1103 410 οἱ
1151 362 1363 425 Θηραῖοι
1410 358 1495 410 δύο
1539 357 1989 424 πεντηκοντέροισι.

326 441 621 495 πλώσαντες
667 444 719 493 δὲ
765 444 815 495 ἐς
862 442 952 507 τὴν
996 442 1194 508 Λιβύην
1242 443 1393 502 οὗτοι,
1444 442 1500 494 οὗ
1550 445 1644 510 γὰρ
1690 442 1830 511 εἶχον
1873 443 1902 493 ὅ
1943 464 1992 494 τι

326 524 535 577 ποιέωσι
575 525 720 585 ἄλλο,
762 523 925 578 ὀπίσω
965 526 1366 580 ἀπαλλάσσοντο
1408 529 1460 580 ἐς
1497 525 1587 591 τὴν
1625 525 1815 595 Θήρην·
1860 528 1907 578 οἱ
1937 528 1990 578 δὲ
2015 548 2039 588 5

328 613 542 676 Θηραῖοι
563 610 927 677 καταγομένους
942 611 1170 677 ἔβαλλον
1190 612 1270 663 καὶ
1289 611 1374 662 οὐκ
1395 611 1490 663 ἔων
1509 618 1570 685 τῇ
1588 618 1653 684 γῇ
1671 611 1989 679 προσίσχειν,

326 693 440 744 ἀλλ’
477 695 640 746 ὀπίσω
678 694 850 747 πλέειν
892 695 1139 748 ἐκέλευον.
1228 699 1274 748 οἱ
1311 698 1364 747 δὲ
1400 696 1791 763 ἀναγκαζόμενοι
1829 694 1991 747 ὀπίσω

325 777 579 832 ἀπέπλεον
604 779 683 830 καὶ
708 779 913 831 ἔκτισαν
937 784 1097 845 νῆσον
1129 782 1210 833 ἐπὶ
1235 781 1403 852 Λιβύῃ
1437 779 1679 845 κειμένην,
1705 786 1766 852 τῇ
1788 779 1989 844 οὔνομα,

326 862 391 916 ὡς
440 863 519 914 καὶ
570 864 812 931 πρότερον
865 864 1043 931 εἰρέθη,
1093 865 1204 916 ἐστὶ
1251 863 1474 916 Πλατέα.
1561 863 1765 931 λέγεται
1809 866 1862 915 δὲ
1906 864 1991 931 ἴση
2019 877 2088 919 u.

326 947 452 999 εἶναι
482 948 511 1012 ἡ
544 950 699 1012 νῆσος
729 949 789 1020 τῇ
820 953 907 1000 νῦν
941 951 1231 1016 Κυρηναίων
1264 949 1400 1001 πόλι.
2020 967 2070 996 10

409 1032 608 1097 Ταύτην
661 1031 907 1087 οἰκέοντες
959 1033 1044 1085 δύο
1096 1033 1224 1092 ἔτεα,
1281 1033 1423 1085 οὐδὲν
1474 1031 1570 1100 γάρ
1622 1039 1722 1100 σφι
1770 1030 1993 1100 χρηστὸν

327 1115 648 1183 συνεφέρετο,
683 1118 770 1169 ἕνα
801 1119 961 1170 αὐτῶν
995 1119 1353 1171 καταλιπόντες
1383 1119 1428 1169 οἱ
1459 1116 1628 1168 λοιποὶ
1658 1115 1840 1170 πάντες
1869 1113 1989 1168 ἀπέ-

326 1207 483 1253 πλεον
504 1203 554 1255 ἐς
571 1202 822 1269 Δελφούς,
840 1202 1129 1267 ἀπικόμενοι
1148 1205 1202 1254 δὲ
1224 1202 1307 1254 ἐπὶ
1325 1201 1382 1253 τὸ
1401 1200 1708 1270 χρηστήριον
1727 1198 1990 1268 ἐχρέωντο,

328 1284 543 1352 φάμενοι
573 1285 754 1338 οἰκέειν
784 1308 837 1339 τε
869 1286 959 1351 τὴν
992 1287 1188 1352 Λιβύην
1223 1286 1301 1338 καὶ
1332 1285 1474 1338 οὐδὲν
1503 1284 1706 1351 ἄμεινον
1743 1282 1994 1352 πρήσσειν

327 1372 587 1423 οἰκεῦντες.
680 1371 709 1435 ἡ
742 1374 795 1423 δὲ
829 1373 991 1436 Πυθίη
1027 1379 1122 1438 σφι
1153 1370 1275 1438 πρὸς
1306 1368 1460 1422 ταῦτα
1489 1377 1589 1440 χρᾷ
1616 1369 1749 1422 τάδε·
2020 1387 2069 1428 15

453 1478 502 1527 αἰ
533 1475 590 1527 τὺ
622 1478 737 1541 ἐμεῦ
769 1476 966 1541 Λιβύην
997 1476 1320 1543 μηλοτρόφον
1352 1475 1489 1530 οἶδας
1519 1474 1737 1541 ἄμεινον,

452 1560 519 1625 μὴ
552 1560 713 1613 ἐλθὼν
745 1561 996 1620 ἐλθόντος,
1032 1560 1159 1627 ἄγαν
1190 1559 1378 1628 ἄγαμαι
1409 1561 1598 1627 σοφίην
1629 1579 1734 1612 σευ.

329 1665 632 1718 ἀκούσαντες
662 1668 715 1717 δὲ
745 1666 934 1718 τούτων
965 1668 1011 1718 οἱ
1042 1666 1171 1733 ἀμφὶ
1195 1665 1281 1717 τὸν
1306 1665 1498 1717 Βάττον
1529 1663 1784 1717 ἀπέπλεον
1813 1665 1990 1717 ὀπίσω·

328 1749 385 1800 οὐ
419 1751 514 1817 γὰρ
555 1748 614 1814 δή
653 1756 818 1817 σφεας
854 1751 988 1802 ἀπίει
1025 1751 1051 1800 ὁ
1086 1749 1197 1804 θεὸς
1235 1752 1322 1814 τῆς
1357 1750 1600 1814 ἀποικίης,
1633 1749 1749 1816 πρὶν
1786 1747 1844 1813 δὴ
1875 1749 1988 1802 ἀπί-

330 1855 509 1886 κωνται
541 1836 592 1887 ἐς
622 1834 774 1899 αὐτὴν
804 1834 1015 1900 Λιβύην.
1109 1835 1398 1900 ἀπικόμενοι
1434 1836 1486 1886 δὲ
1526 1836 1577 1888 ἐς
1607 1832 1697 1909 τῂν
1727 1836 1885 1899 νῆσον
1915 1832 1995 1885 καὶ
2021 1854 2072 1882 20

329 1919 672 1984 ἀναλαβόντες
712 1923 798 1971 τὸν
835 1918 1011 1971 ἔλιπον
1049 1918 1253 1971 ἔκτισαν
1288 1918 1438 1983 αὐτῆς
1476 1921 1566 1983 τῆς
1600 1917 1794 1982 Λιβύης
1830 1921 1995 1986 χῶρον

328 2003 496 2055 ἀντίον
547 2007 635 2068 τῆς
686 2002 843 2068 νήσου
894 2008 960 2074 τῷ
1014 2004 1198 2069 οὕνομα
1250 2002 1310 2068 ἧν
1348 2002 1554 2071 Ἄζιρις,
1603 2001 1690 2054 τὸν
1739 2001 1892 2054 νάπαι
1941 2022 1997 2053 τε

330 2086 599 2139 κάλλισται
643 2088 719 2139 ἐπ’
760 2089 1021 2156 ἀμφότερα
1059 2089 1389 2155 συγκληίουσι
1431 2087 1510 2139 καὶ
1551 2085 1768 2152 ποταμὸς
1808 2088 1870 2137 τὰ
1913 2087 1995 2138 ἐπὶ

329 2170 510 2239 θάτερα
530 2171 810 2239 παραρρέει.
879 2177 1053 2225 τοῦτον
1078 2174 1240 2225 οἴκεον
1259 2172 1346 2224 τὸν
1360 2158 1534 2240 ’χῶρον
1553 2169 1612 2236 ἓξ
1630 2170 1757 2222 ἔτεα·
1795 2170 1995 2239 ἑβδόμῳ

330 2255 383 2307 δέ
409 2263 574 2324 σφεας
598 2256 698 2308 ἔτεϊ
722 2255 1148 2326 παραιζῃσάμενοι
1171 2258 1359 2322 Λίβυες
1391 2256 1455 2310 ὡς
1488 2258 1538 2309 ἐς
1568 2256 1802 2321 ἀμείνονα
1830 2259 1996 2323 χῶρον
2021 2272 2069 2313 25

389 2408 404 2432 1
440 2392 585 2448 ἔχρῃζε
610 2395 648 2434 R
665 2394 747 2434 SV
900 2418 903 2420 ·
932 2407 957 2433 2
989 2396 1157 2446 ἄμειβον
1179 2394 1218 2432 R
1389 2392 1621 2435 ἆπέστελον
1641 2393 1720 2433 CS
1896 2406 1920 2442 4
1951 2394 1996 2434 οὐ

331 2464 413 2489 om.
437 2450 477 2488 R
589 2452 616 2488 6
647 2450 800 2497 ἔβαλον
825 2449 915 2488 RV
1041 2463 1062 2499 7
1093 2449 1238 2490 πλόειν
1258 2449 1319 2488 C:
1351 2450 1503 2490 πλώειν
1521 2447 1611 2487 rell.
1726 2449 1753 2487 8
1782 2446 1997 2489 ἀπέπλωον

332 2506 361 2544 S
376 2505 412 2543 V
429 2518 438 2542 :
470 2503 661 2546 ἂπέπλων
683 2505 722 2543 R
927 2518 954 2554 9
983 2503 1170 2545 Πλάταια
1191 2503 1230 2542 R
1247 2504 1277 2543 S
1291 2504 1327 2542 V
1524 2515 1574 2542 10
1601 2502 1718 2544 πόλει
1738 2502 1778 2542 Α
1790 2502 1825 2541 Β
1841 2503 1875 2541 C
1889 2502 1923 2541 P
1937 2502 1968 2542 S
1985 2515 1994 2540 ε

331 2563 382 2608 τῆ
404 2559 522 2600 πόλει
546 2559 636 2598 RV
828 2573 876 2598 12
907 2558 1122 2600 ἀπέπλωον
1143 2560 1181 2598 R
1200 2573 1208 2598 τ
1242 2556 1436 2600 ἀπέπλων
1458 2557 1540 2597 SV
1725 2570 1772 2608 13
1804 2555 1996 2611 ἐχρέοντο

334 2615 366 2652 Β
384 2615 415 2652 P
430 2614 469 2652 R
482 2613 521 2652 V
711 2626 757 2663 15
789 2614 988 2656 οἰκέοντες
1008 2613 1049 2652 Α
1063 2614 1097 2652 Β
1114 2614 1147 2651 C
1336 2614 1384 2652 16
1413 2613 1518 2654 ἄστυ
1537 2613 1572 2651 Ρ
1587 2612 1625 2650 R
1641 2612 1670 2662 S
1686 2613 1723 2651 V
1845 2611 1997 2659 Λιβύαν

331 2668 591 2721 μαλοτρόφον
613 2669 750 2710 οἶσθας
771 2670 903 2723 ἄρειον
925 2669 1034 2708 Plut.
1059 2681 1162 2707 mor.
1188 2669 1269 2718 408
1409 2679 1457 2716 17
1490 2666 1678 2710 ἐλθόντες
1700 2667 1733 2706 C
1875 2667 1924 2704 18
1951 2665 1996 2706 δὲ

331 2737 413 2763 om.
440 2723 477 2762 R
495 2723 575 2762 SV
744 2721 983 2764 ἆπέπλῖἷσαν
1013 2721 1091 2761 C1:
1128 2723 1343 2763 ἀπέπλωον
1373 2723 1462 2761 rell.
1693 2735 1741 2770 19
1770 2730 1877 2774 σφεα
1908 2720 1996 2759 RV

332 2780 379 2827 δὴ
400 2791 481 2817 om.
506 2778 544 2816 R
679 2792 734 2817 20
763 2781 887 2827 αὐτὴν
907 2779 983 2827 τὴν
1001 2777 1155 2826 Λιβύην
1177 2779 1210 2816 C
1342 2791 1394 2816 22
1423 2776 1500 2829 τῷ]
1522 2778 1574 2824 τῆ
1597 2776 1635 2815 R
1651 2776 1730 2816 SV
1828 2774 1997 2828 ‘’'Astpts

331 2834 404 2873 τὸν
430 2832 701 2882 Wesseling:
741 2832 957 2887 ἀζάριστον
981 2832 1016 2871 Β
1037 2846 1046 2871 :
1064 2847 1073 2854 ·
1091 2831 1295 2886 ἆζίριστον
1324 2832 1416 2871 rell.
1641 2844 1693 2881 23
1733 2830 1996 2883 συγκλείουσι
2052 2881 2062 2886 ⁸

332 2889 366 2925 C
382 2887 415 2924 P
429 2889 458 2925 S
598 2899 650 2937 25
682 2886 1011 2940 παραφησάμενοι
1033 2890 1124 2938 (aut
1144 2888 1332 2940 παραιφ.)
1354 2886 1528 2935 Madvig
1638 2888 1676 2926 οἱ
1694 2886 1838 2933 Λίβυες
1860 2884 1896 2923 Α
1910 2885 1945 2923 Β
1960 2884 1994 2927 C

332 2944 382 2983 ὡς
403 2955 483 2981 om.
509 2942 541 2980 C
656 2943 817 2993 ἀμείνον
840 2942 879 2979 R
