2098 3320
52 140 200 202 I.156
875 140 1331 190 ΗΡΟΔΟΤΟΥ-

129 274 219 334 156
259 275 475 338 Κροῖσος
506 274 597 337 μὲν
627 271 686 336 δὴ
717 270 872 323 ταῦτά
902 274 948 324 οἱ
979 273 1254 331 ὑπετίθετο,
1282 271 1580 339 αἱρετώτερα
1609 275 1763 324 ταῦτα
1792 272 1919 340 εὑρί-

260 378 395 408 σκων
421 359 631 408 Λυδοῖσι
654 351 684 420 ἢ
709 354 1197 423 ἀνδραποδισθέντας
1227 357 1479 424 πρηθῆναί
1505 362 1684 423 σφεας,
1713 356 1919 409 ἐπιστά-

257 462 404 504 μενος
436 441 511 492 ὅτι
531 436 591 504 ἣν
614 439 680 505 μὴ
715 439 978 508 ἀξιόχρεον
999 440 1259 507 πρόφασιν
1279 441 1530 512 προτείνῃ,
1554 439 1640 491 οὐκ
1660 441 1923 494 ἀναπείσει

257 546 340 589 μιν
388 524 912 590 μεταβουλεύσασθαι,
948 523 1207 591 ἀρρωδέων
1244 527 1298 577 δὲ
1339 524 1406 591 μὴ
1445 524 1523 576 καὶ
1558 525 1770 591 ὕστερόν
1813 547 1924 578 κοτε

259 612 304 661 οἱ
336 610 503 668 Λυδοί,
537 604 597 672 ἢν
628 608 684 660 τὸ
716 608 901 675 παρεὸν
931 608 1298 675 ὑπεκδράμωσι,
1339 607 1652 663 ἀποστάντες
1693 608 1790 661 ἀπὸ
1825 615 1924 662 τῶν
1949 631 1972 671 5

197 714 221 744 2
259 692 500 759 Περσέων
532 693 836 745 ἀπόλωνται.
885 697 1043 761 Κῦρος
1076 696 1127 746 δὲ
1158 694 1331 758 ἡσθεὶς
1355 701 1416 766 τῇ
1439 692 1660 765 ὑποθήκῃ
1681 694 1760 745 καὶ
1785 695 1924 749 ὑπεὶς

257 781 343 842 τῆς
375 778 526 845 ὀργῆς
558 777 656 845 ἔφη
689 780 735 830 οἱ
776 779 1058 830 πείσεσθαι.
1135 776 1354 832 καλέσας
1394 780 1447 829 δὲ
1494 777 1733 845 Μαζάρεα
1771 777 1926 845 ἄνδρα

262 865 451 926 Μῆδον,
485 861 638 913 ταῦτά
668 861 724 914 τέ
756 865 801 914 οἳ
826 863 1106 915 ἐνετείλατο
1137 868 1392 929 προειπεῖν
1413 865 1621 914 Λυδοῖσι
1639 864 1700 914 τὰ
1724 863 1922 929 ὁ-Κροῖ-

259 968 348 1000 σος
368 946 642 1006 ὑπετίθετο,
667 947 746 998 καὶ
770 947 890 1014 πρὸς
916 946 1433 1013 ἐξανδραποδίσασθαι
1453 947 1566 1000 τοὺς
1589 946 1776 1001 ἄλλους
1799 946 1921 999 πάν-

258 1052 344 1085 τας
382 1031 427 1083 οἲ
467 1033 590 1096 μετὰ
625 1035 799 1083 Λυδῶν
845 1033 925 1084 ἐπὶ
977 1030 1155 1098 Σάρδις
1205 1031 1620 1105 ἐστρατεύσαντο,
1674 1030 1822 1084 αὐτὸν
1873 1035 1926 1084 δὲ
1953 1051 2002 1081 10

139 1120 221 1170 157
261 1115 495 1180 Πακτύην
520 1114 717 1169 πάντως
743 1117 898 1179 ζῶντα
917 1117 1124 1183 ἀγαγεῖν
1148 1115 1262 1183 παρ’
1289 1116 1486 1168 ἑωυτόν.
1535 1116 1561 1165 6
1583 1117 1674 1181 μὲν
1693 1115 1751 1180 δὴ
1775 1120 1927 1168 ταῦτα

262 1202 315 1251 ἐκ
347 1202 432 1263 τῆς
469 1200 582 1251 ὁδοῦ
629 1199 975 1267 ἐντειλάμενος
1011 1199 1267 1264 ἀπήλαυνε
1308 1203 1359 1253 ἐς
1409 1199 1532 1264 ἤθεα
1561 1201 1623 1251 τὰ
1664 1190 1922 1267 Περσέων,

261 1284 491 1349 Πακτύης
517 1286 569 1335 δὲ
594 1285 866 1350 πυθόμενος
886 1286 1046 1352 ἀγχοῦ
1072 1285 1197 1337 εῖναι
1220 1284 1435 1351 στρατὸν
1459 1283 1538 1337 ἐπ’
1562 1287 1745 1336 ἑωυτὸν
1770 1285 1922 1343 ἰόντα,

198 1392 222 1423 2
260 1370 430 1422 δείσας
460 1370 626 1437 οἴχετο
659 1369 861 1435 φεύγων
892 1371 942 1422 ἐς
969 1369 1157 1434 Κύμην.
1225 1367 1461 1436 Μαζάρης
1485 1371 1538 1421 δὲ
1559 1370 1585 1419 6
1609 1371 1783 1433 Μῆδος
1808 1368 1922 1421 ἐλά-

260 1474 354 1506 σας
400 1454 479 1504 ἐπὶ
525 1455 612 1506 τὰς
659 1452 836 1519 Σάρδις
881 1457 967 1504 τοῦ
1015 1454 1176 1520 Κύρου
1209 1458 1423 1520 στρατοῦ
1468 1457 1645 1520 μοῖραν
1694 1454 1820 1518 ὅσην
1865 1451 1924 1517 δή
1945 1473 2000 1515 715

243 1558 370 1589 χκοτε
402 1536 548 1606 ἔχων,
584 1537 648 1591 ὡς
685 1537 771 1588 οὐκ
812 1538 920 1606 εὗρε
957 1537 1029 1589 ἔτι
1068 1538 1241 1592 ἐόντας
1280 1537 1393 1591 τοὺς
1429 1537 1559 1604 ἀμφὶ
1599 1537 1835 1602 Πακτύην
1871 1539 1926 1589 ἐν

260 1619 484 1688 Σάρδισι,
518 1626 687 1689 πρῶτα
716 1624 807 1687 μὲν
837 1622 951 1675 τοὺς
980 1622 1169 1676 Λυδοὺς
1198 1621 1453 1689 ἠνάγκασε
1483 1624 1572 1675 τὰς
1593 1621 1755 1687 Κύρου
1786 1623 1922 1673 ἐντο-

259 1707 351 1759 λὰς
375 1705 664 1758 ἐπιτελέειν·
713 1708 767 1758 ἐκ
797 1707 972 1758 τούτου
1003 1709 1055 1758 δὲ
1088 1706 1491 1772 κελευσμοσύνης
1521 1705 1674 1761 Λυδοὶ
1703 1704 1794 1769 τὴν
1830 1709 1920 1757 πᾶ-

200 1813 226 1857 3
262 1812 357 1842 σαν
389 1792 581 1842 δίαιταν
611 1794 697 1855 ’τῆς
731 1791 841 1856 ζόης
877 1790 1177 1857 μετέβαλον.
1244 1789 1481 1857 Μαζάρης
1519 1792 1571 1842 δὲ
1614 1791 1740 1854 μετὰ
1781 1794 1925 1841 τοῦτο
2037 1854 2043 1859 ⁴

259 1874 447 1940 ἔπεμπε
479 1877 529 1928 ἐς
559 1874 648 1938 τὴν
682 1875 853 1941 Κύμην
883 1874 1128 1943 ἀγγέλους
1160 1875 1402 1927 ἐκδιδόναι
1435 1874 1648 1926 κελεύων
1673 1874 1923 1938 Πακτύην.
1953 1891 2004 1920 20
2064 1932 2089 1941 ³

261 1961 307 2010 οἱ
338 1962 389 2010 δὲ
425 1963 633 2024 Κυμαῖοι
665 1960 894 2026 ἔγνωσαν
915 1962 1208 2025 συμβουλῆς
1240 1958 1352 2025 πέρι
1382 1960 1433 2012 ἐς
1464 1957 1578 2010 θεὸν
1608 1958 1808 2025 ἀνοῖσαι
1838 1936 2098 2066 &ww

261 2045 316 2095 ἐν
347 2045 676 2115 Βραγχίδῃσι.
751 2042 811 2107 ἦν
849 2046 943 2111 γὰρ
982 2043 1152 2095 αὐτόθι
1188 2043 1427 2109 μαντήιον
1460 2045 1511 2094 ἐκ
1546 2046 1758 2095 παλαιοῦ
1795 2043 1923 2108 ἱδρυ-

260 2127 426 2191 μένον,
461 2133 526 2197 τῷ
550 2126 722 2181 Ἴωνές
753 2148 806 2179 τε
847 2126 1028 2181 πάντες
1071 2128 1148 2179 καὶ
1181 2126 1386 2180 Αἰολέες
1427 2126 1649 2178 ἐώθεσαν
1684 2127 1918 2194 χρᾶσθαι.

262 2213 287 2262 6
313 2215 365 2264 δὲ
387 2216 550 2279 χῶρος
573 2213 714 2265 οὗτός
746 2214 856 2264 ἐστι
878 2215 964 2276 τῆς
990 2212 1247 2277 Μιλησίης
1270 2213 1392 2277 ὑπὲρ
1418 2211 1684 2277 Πανόρμου
1705 2208 1922 2275 λιμένος.

139 2293 226 2362 158
264 2294 554 2362 πέμψαντες
603 2292 670 2346 ῶν
707 2298 753 2347 οἱ
793 2300 1004 2361 Κυμαῖοι
1042 2298 1092 2348 ἐς
1132 2295 1244 2349 τοὺς
1290 2294 1574 2362 Βραγχίδας
1619 2294 1925 2360 θεοπρόπους
1952 2312 1999 2353 25

264 2379 491 2446 εἰρώτευν
527 2380 638 2445 περὶ
674 2380 905 2444 Πακτύην
937 2380 1101 2432 ὁκοῖόν
1140 2401 1187 2431 τι
1219 2378 1469 2431 ποιέοντες
1500 2381 1660 2430 θεοῖσι
1689 2375 1926 2442 μέλλοιεν

264 2465 563 2531 χαριεῖσθαι·
611 2465 919 2530 ἐπειρωτῶσι
958 2462 1012 2514 δέ
1053 2470 1150 2530 σφι
1185 2467 1338 2514 ταῦτα
1376 2460 1682 2530 χρηστήριον
1723 2460 1924 2527 ἐγένετο

265 2548 506 2598 ἐκδιδόναι
554 2547 790 2612 Πακτύην
832 2547 1081 2619 Πέρσῃσι.
1175 2552 1327 2598 ταῦτα
1367 2549 1420 2598 δὲ
1465 2546 1528 2599 ὡς
1568 2536 1930 2618 ἀπενειχθέντα

201 2653 228 2689 2
264 2629 482 2694 ἤκουσαν
514 2633 559 2682 οἱ
586 2635 809 2695 Κυμαῖοι,
837 2630 1047 2697 ὁρμέατο
1071 2632 1328 2683 ἐκδιδόναι.
1398 2627 1672 2696 ὁρμημένου
1696 2627 1748 2680 δὲ
1772 2627 1924 2698 ταύτῃ

264 2719 349 2765 τοῦ
396 2713 609 2779 πλήθεος
646 2715 987 2781 Ἀριστόδικος
1024 2717 1050 2766 6
1085 2714 1422 2782 ‘Hpatdxeffiew
1467 2712 1591 2779 ἀνὴρ
1630 2717 1727 2763 τῶν
1758 2713 1924 2763 ἀστῶν
1948 2730 2002 2771 30

319 2866 344 2902 3
401 2853 617 2905 ἀξιόχρεων
668 2852 698 2890 P
724 2853 776 2891 B⁶
1053 2865 1074 2901 7
1133 2852 1343 2893 πείσεσθαι
1380 2849 1579 2889 vHerold:
1637 2849 1840 2890 πείθεσθαι
1889 2847 1923 2885 L

269 2920 315 2957 14
348 2907 538 2959 ὥζι)χετο
564 2907 595 2944 L
735 2909 782 2946 16
813 2909 890 2959 οὐχ
912 2907 945 2946 L
1088 2920 1137 2956 19
1168 2905 1267 2957 ζώης
1288 2906 1322 2944 C
1453 2918 1500 2943 21
1536 2906 1691 2946 ἀνοῖσαι
1709 2903 1923 2942 Bredow:

266 2963 413 3003 ἀνῶσαι
438 2962 470 3000 L
636 2975 687 3011 23
719 2963 862 3003 ἐώθασι
884 2963 917 3000 C
1029 2960 1220 3014 χρέεσθαι
1250 2961 1282 2998 L
1448 2973 1501 3009 29
1531 2957 1754 3012 ὁρμημένου
1775 2956 1923 2997 Stein:

266 3015 491 3070 ὁρμωμένου
510 3015 550 3054 Α
565 3016 599 3055 Β
618 3031 625 3055 :
658 3017 906 3069 ὁρμεωμένου
926 3017 959 3055 C
979 3029 987 3054 :
1019 3015 1259 3069 ὀρμεομένου
1282 3015 1313 3053 P
