2098 3320
874 44 881 70 Ι

776 190 1159 243 ΙΣΤΟΡΙΩΝ
1219 193 1263 242 Α
1892 194 2044 261 1.130

188 325 498 392 ἐβασίλευσε
542 324 622 376 καὶ
676 327 895 391 Κροῖσον
937 324 1148 390 ὕστερον
1192 323 1378 375 τούτων
1422 322 1640 391 ἄρξαντα
1669 324 1857 389 ἀδικίης

188 407 582 478 κατεστρέψατο,
606 408 672 463 ὡς
691 408 883 476 εἴρηταί
901 429 985 474 μοι
1007 409 1263 476 πρότερον.
1313 412 1485 461 τοῦτον
1509 411 1562 461 δὲ
1587 430 1854 477 καταστρε-

183 493 411 561 ψάμενος
442 495 566 546 οὕτω
597 492 764 559 πάσης
794 495 881 558 τῆς
911 492 1089 558 Ἀσίης
1120 492 1253 560 ἦρξε.

269 577 474 646 Πέρσας
505 581 558 631 δὲ
589 577 699 630 οῖδα
733 578 934 643 νόμοισι
963 579 1202 630 τοιοισίδε
1233 578 1559 646 χρεωμένους,
1593 577 1858 646 ἀγάλματα
1896 599 1976 647 131

63 666 66 674 Χ
137 684 160 727 5
183 665 275 730 μὲν
300 663 378 715 καὶ
401 662 546 729 νηοὺς
570 663 649 715 καὶ
671 662 874 729 βωμοὺς
897 663 984 715 οὐκ
1007 665 1062 715 ἐν
1087 663 1219 732 νόμῳ
1243 657 1560 729 ποιευμένους
1587 663 1854 729 ἱδρύεσθαι,

186 748 319 800 ἀλλὰ
365 748 444 800 καὶ
487 753 621 800 τοῖσι
666 752 863 800 ποιεῦσι
906 749 1094 815 μωρίην
1142 746 1455 815 ἐπιφέρουσι,
1503 747 1567 801 ὣς
1610 749 1702 813 μὲν
1747 749 1856 813 ἐμοὶ
1876 753 2098 812 ννΐοιῃοψι

184 831 390 893 δοκέειν,
415 833 492 885 ὅτι
522 831 607 885 οὐκ
639 831 1032 900 ἀνθρωποφυέας
1057 833 1297 898 ἐνόμισαν
1321 832 1433 885 τοὺς
1458 832 1598 886 θεοὺς
1621 831 1741 884 κατά
1765 854 1856 898 περ
2041 806 2094 859 Ὗ

184 915 498 983 οἱ”Έλληνες
521 917 663 970 εἶναι.
731 919 777 970 οἱ
800 919 854 969 δὲ
877 918 1133 983 νομίζουσι
1158 917 1244 968 Διὶ
1266 919 1358 983 μὲν
1376 917 1456 969 ἐπὶ
1479 918 1540 967 τὰ
1562 917 1857 984 ὑψηλότατα
1896 940 1922 972 2

182 1008 280 1055 τῶν
304 1002 459 1071 ὀρέων
483 1003 844 1066 ἀναβαίνοντες
870 1004 1046 1056 θυσίας
1069 1002 1243 1070 ἕρδειν,
1271 1001 1359 1054 τὸν
1385 1001 1565 1053 κύκλον
1589 999 1750 1053 πάντα
1771 1006 1857 1053 τοῦ

111 1109 160 1138 10
182 1088 393 1154 οὐρανοῦ
423 1088 524 1140 Δία
556 1085 834 1141 καλέοντες.
918 1088 1090 1140 θύουσι
1121 1089 1174 1138 δὲ
1202 1087 1327 1156 ἡλίῳ
1358 1108 1413 1138 τε
1445 1086 1523 1138 καὶ
1554 1083 1744 1157 σελήνῃ
1778 1086 1856 1138 καὶ

183 1180 247 1246 γῇ
279 1173 358 1225 καὶ
389 1172 503 1239 πυρὶ
534 1172 614 1224 καὶ
636 1173 776 1225 ὕδατι
809 1172 886 1224 καὶ
918 1171 1163 1238 ἀνέμοισι.
1232 1171 1454 1223 τούτοισι
1483 1173 1576 1235 μὲν
1600 1170 1657 1234 δὴ
1682 1170 1856 1222 θύουσι
1897 1191 1922 1234 3

180 1257 413 1323 μούνοισι
452 1258 689 1326 ἀρχῆθεν,
723 1255 1125 1323 ἐπιμεμαθήκασι
1158 1259 1211 1308 δὲ
1251 1255 1328 1307 καὶ
1358 1257 1418 1326 τῇ
1448 1255 1670 1326 Οὐρανίῃ
1703 1255 1852 1314 θύειν,

182 1341 314 1409 παρά
353 1364 408 1395 τε
445 1341 731 1409 Ἀσσυρίων
765 1342 1008 1407 μαθόντες
1050 1341 1127 1392 καὶ
1164 1340 1437 1407 Ἀραβίων.
1527 1338 1761 1391 καλέουσι
1802 1340 1854 1390 δὲ

181 1426 447 1494 Ἀσσύριοι
490 1426 579 1491 τὴν
619 1426 925 1494 Ἀφροδίτην
967 1425 1213 1485 Μύλιττα,
1257 1423 1490 1491 Ἀράβιοι
1533 1425 1585 1475 δὲ
1626 1422 1851 1481 Ἀλιλάτ,

111 1531 157 1572 15
184 1510 382 1579 Πέρσαι
434 1513 487 1563 δὲ
535 1512 749 1577 Μίτραν.
839 1511 985 1575 θυσίη
1031 1511 1082 1561 δὲ
1129 1514 1262 1562 τοῖσι
1307 1507 1543 1580 Πέρσῃσι
1587 1507 1697 1574 περὶ
1741 1507 1853 1560 τοὺς
1892 1528 1978 1575 132

182 1595 465 1663 εἰρημένους
510 1595 651 1649 θεοὺς
695 1596 783 1659 ἥδε
828 1593 1114 1659 κατέστηκε.
1202 1594 1314 1645 οὔτε
1357 1592 1558 1658 βωμοὺς
1603 1596 1853 1644 ποιεῦνται

181 1680 293 1734 οὔτε
324 1685 417 1748 πῦρ
450 1681 743 1733 ἀνακαίουσι
777 1678 1050 1745 μέλλοντες
1081 1679 1232 1731 θύειν·
1279 1678 1336 1730 οὐ
1368 1677 1560 1748 σπονδῇ
1591 1675 1850 1744 χρέωνται,

183 1765 290 1818 οὐκὶ
327 1765 478 1837 αὐλῷ,
519 1765 575 1817 οὐ
613 1763 882 1830 στέμμασι,
915 1763 1021 1815 οὐκὶ
1055 1762 1250 1834 οὐλῇσι.
1339 1766 1437 1813 τῶν
1474 1763 1526 1814 δὲ
1558 1761 1622 1814 ὡς
1659 1758 1852 1830 ἑκάστῳ
1874 1776 2098 1816 tows-ww!

182 1849 317 1902 θύειν
350 1849 488 1922 θέλῃ,
522 1851 573 1905 ἐς
603 1854 770 1922 χῶρον
801 1847 1015 1915 καθαρὸν
1046 1848 1249 1915 ἀγαγὼν
1280 1845 1336 1898 τὸ
1368 1849 1541 1910 κτῆνος
1571 1843 1738 1897 καλέει
1768 1844 1854 1896 τὸν
2006 1830 2098 1876 vm

109 1953 160 1982 20
182 1934 296 1987 θεὸν
317 1933 729 2002 ἐστεφανωμένος
749 1932 835 1985 τὸν
853 1931 1027 1999 τιάραν
1046 1933 1257 2004 μυρσ-ίνῃ
1277 1929 1515 1997 μάλιστα.
1583 1929 1745 1999 ἑωυτῷ
1765 1931 1856 1993 μὲν
1897 1949 1922 1980 2
1945 1933 2098 1998 ung-effi

182 2018 240 2083 δὴ
264 2019 330 2090 τῷ
352 2019 519 2071 θύοντι
552 2020 649 2090 ἰδίῃ
678 2018 842 2088 μούνῳ
866 2017 922 2068 οὔ
947 2019 993 2068 οἱ
1020 2016 1269 2083 ἐγγίνεται
1300 2015 1516 2082 ἀρᾶσθαι
1546 2012 1725 2081 ἀγαθά,
1753 2014 1778 2063 ὁ
1801 2015 1854 2065 δὲ

181 2107 314 2155 τοῖσι
347 2107 471 2156 πᾶσι
497 2102 730 2175 Πέρσῃσι
763 2102 1052 2168 κατεύχεται
1083 2100 1135 2152 εῦ
1158 2101 1387 2167 γίνεσθαι
1419 2099 1498 2152 καὶ
1527 2103 1594 2168 τῷ
1625 2096 1852 2163 βασιλέϊ·

183 2189 236 2239 ἐν
260 2190 355 2255 γὰρ
379 2187 435 2252 δὴ
460 2193 594 2240 τοῖσι
617 2187 776 2240 ἅπασι
800 2185 1035 2258 Πέρσῃσι
1069 2184 1146 2236 καὶ
1177 2184 1322 2238 αὐτὸς
1346 2185 1550 2252 γίνεται.
1626 2183 1777 2234 ἐπεὰν
1800 2183 1852 2233 δὲ

181 2272 508 2338 διαμιστύλας
540 2274 660 2324 κατὰ
690 2270 842 2338 μέρεα
872 2271 929 2322 τὸ
961 2268 1118 2336 ἱρήιον
1144 2268 1315 2341 ἑψήσῃ
1340 2271 1400 2320 τὰ
1433 2267 1563 2335 κρέα,
1589 2265 1852 2319 ὑποπάσας

111 2375 156 2415 25
183 2358 330 2422 ποίην
360 2357 424 2411 ὡς
455 2355 801 2421 ἁπαλωτάτην,
827 2355 1048 2421 μάλιστα
1079 2356 1132 2406 δὲ
1162 2353 1218 2405 τὸ
1248 2354 1543 2421 τρίφυλλον,
1572 2352 1652 2403 ἐπὶ
1675 2350 1852 2414 ταύτης
1878 2355 2041 2400 ώυω.

182 2431 325 2507 ἔθηκε
355 2440 424 2494 ὧν
454 2440 616 2493 πάντα
647 2437 749 2507 (rit)
785 2439 916 2507 κρέα.
1003 2438 1256 2492 διαθέντος
1285 2441 1338 2490 δὲ
1369 2436 1518 2490 αὐτοῦ
1548 2435 1705 2503 μάγος
1730 2434 1851 2500 ἀνὴρ
1891 2454 1916 2497 3

182 2527 468 2593 παρεστεὼς
499 2527 716 2579 ἐπαείδει
747 2525 1019 2592 θεογονίην,
1047 2524 1156 2588 οἵην
1187 2522 1244 2587 δὴ
1277 2523 1456 2574 ἐκεῖνοι
1484 2519 1694 2588 λέγουσι
1726 2518 1851 2571 εἶναι

181 2609 270 2675 τὴν
301 2609 553 2676 ἐπαοιδήν·
601 2609 718 2663 ἄνευ
740 2611 836 2677 γὰρ
859 2608 916 2672 δὴ
947 2607 1108 2675 μάγου
1140 2607 1196 2659 οὔ
1228 2613 1325 2674 σφι
1356 2606 1505 2671 νόμος
1535 2604 1645 2656 ἐστὶ
1675 2604 1850 2663 θυσίας

236 2761 260 2797 4
291 2748 460 2790 τιοΐσίδε
485 2747 522 2786 R
544 2762 551 2787 ε
581 2751 729 2792 τοιοῖσι
752 2747 811 2787 S:
841 2748 979 2786 τοῖσδε
1005 2743 1143 2784 ABC
1365 2754 1390 2792 5
1420 2739 1676 2793 ποιευμένους
1705 2753 1787 2779 orn.
1813 2739 1847 2778 C

183 2815 205 2852 7
237 2802 366 2846 δοκέει
390 2803 524 2843 RSV
637 2802 735 2844 καθά
757 2801 836 2842 SV
1003 2813 1030 2849 9
1060 2799 1197 2840 θυσίας
1224 2811 1305 2839 om.
1331 2797 1412 2837 SV
1584 2809 1634 2835 10
1662 2794 1706 2836 δὲ
1726 2792 1850 2849 (καὶ)

183 2858 306 2897 Stein
495 2871 536 2897 11
574 2857 710 2899 θύουσι
731 2870 813 2896 om.
840 2856 878 2895 R
896 2854 976 2896 SV
1164 2866 1211 2892 12
1243 2856 1447 2905 ἐπιμεμαθ.
1467 2881 1476 2891 .
1493 2880 1502 2891 .
1523 2880 1531 2889 .
1548 2849 1667 2903 αἱρέει
1689 2853 1742 2897 (c,
1772 2862 1847 2899 132

183 2913 276 2959 fin.)
299 2926 380 2954 om.
406 2911 444 2951 R
461 2913 490 2952 S
506 2913 542 2950 V
710 2925 757 2962 14
790 2910 962 2953 Ἀλιλάτ
986 2909 1170 2948 Selden:
1195 2908 1372 2950 Ἀλιττα
1394 2908 1426 2946 L
1589 2906 1638 2943 18
1667 2904 1846 2955 πέμμασι

181 2966 449 3008 Valckenacr
561 2966 732 3008 ἕκαστος
755 2966 926 3005 Bekker
1041 2977 1089 3014 19
1120 2963 1238 3017 ἐθέλῃ
1261 2963 1294 3002 C
1315 2976 1324 3001 τ
1355 2961 1465 3003 θέλει
1488 2960 1521 2999 P
1622 2972 1676 2999 20
1703 2959 1847 3011 τιὴρην

182 3021 434 3072 Wesseling
628 3024 681 3060 26
710 3023 762 3062 τὰ
782 3022 876 3060 add.
898 3019 1165 3059 Valckenaer
1275 3016 1447 3070 κρεάδια.
1475 3014 1612 3057 θέντος
1632 3013 1847 3053 Tournier

183 3088 235 3127 27
266 3077 492 3130 θεογονίην]
517 3079 618 3119 θεοῖς
639 3076 813 3125 Madvig
