2098 3320
825 127 1200 178 ΙΣΤΟΡΙΩΝ
1263 126 1303 178 Β
1939 134 2005 183 11.
2028 124 2098 197 9'6

115 319 118 320 ⁷
312 262 390 313 Τδι
437 263 490 314 δὲ
535 260 593 326 δὴ
638 259 792 314 πλοῖά
838 268 938 330 σφι
982 267 1117 315 τοῖσι
1161 258 1500 330 φορτηγέουσι
1551 262 1660 314 ἐστὶ
1709 263 1763 315 ἐκ
1811 265 1898 328 τῆς
1935 268 2012 329 96

0 351 180 400 οδω
230 344 446 416 ἀκάνθης
491 344 772 412 ποιεύμενα,
817 349 903 411 τῆς
946 346 976 412 ἡ
1016 346 1185 415 μορφὴ
1227 344 1320 413 μέν
1364 348 1475 399 ἐστι
1521 346 1783 413 ὁμοιοτάτη
1830 354 1897 418 τῷ

231 431 490 500 Κυρηναίῳ
538 434 696 500 λωτῷ,
748 435 806 483 τὸ
854 433 908 483 δὲ
960 431 1170 498 δάκρυον
1218 432 1367 497 κόμμι
1419 432 1547 483 ἐστί·
1613 432 1668 483 ἐκ
1718 433 1895 497 ταύτης

230 511 299 568 ὠν
328 535 415 579 της
445 512 659 579 ἀκάνθης
687 513 965 582 κοψάμενοι
996 514 1181 580 ξύλα
1152 537 1278 567 οσον
1301 537 1355 568 τε
1387 514 1601 583 διπηχεα
1627 519 1900 583 πλινθηδὸν
1923 524 2098 571 &luha

183 622 206 664 5
232 602 526 659 συντιθεῖσι,
575 600 968 666 ναυπηγεύμενοι
1011 600 1195 667 τρόπον
1239 600 1448 652 τοιόνδε·
1512 600 1623 666 περὶ
1670 601 1898 668 γόμφους
1931 624 1955 655 2

232 682 443 737 πυκνοὺς
480 683 559 735 καὶ
599 683 814 751 μακροὺς
852 685 1156 751 περιείρουσι
1196 686 1257 736 τὰ
1298 683 1511 752 διπήχεα
1550 683 1693 748 ξύλα·
1746 686 1899 737 ἐπεὰν
1925 690 2010 758 foy.
2034 710 2098 736 m

231 765 286 820 δὲ
314 768 382 838 τῷ
405 768 570 838 τρόπῳ
603 769 758 838 τούτῳ
785 766 1220 836 ναυπηγήσωνται,
1252 769 1369 836 ζυχδι
1403 771 1645 833 ἐπιπολῆς
1676 770 1899 821 τείνουσι
1931 782 2097 828 mlo

0 861 68 909 m
232 851 407 904 αὐτῶν.
469 856 675 920 νομεῦσι
704 855 758 904 δὲ
790 852 933 905 οὐδὲν
956 851 1217 922 χρέωνται·
1258 853 1447 904 ἔσωθεν
1471 855 1524 904 δὲ
1549 854 1637 906 τὰς
1662 855 1897 920 ἁρμονίας

0 949 210 1016 τινας,
233 938 288 988 ἐν
323 934 392 988 ὧν
434 936 730 1006 ἐπάκτωσαν
769 937 827 1008 τῇ
870 938 1071 1006 βύβλῳ.
1160 935 1404 1001 πηδάλιον
1441 939 1494 988 δὲ
1534 936 1589 989 ἓν
1627 942 1894 997 ποιεῦνται,
1931 959 1955 1002 3

158 1040 207 1070 ιο
234 1020 313 1072 καὶ
343 1025 487 1072 τοῦτο
527 1022 607 1072 διὰ
642 1023 729 1085 τῆς
765 1021 965 1087 τρόπιος
1001 1022 1305 1087 διαβιῇκται.
1397 1022 1517 1090 ἱστῷ
1561 1025 1614 1073 δὲ
1651 1022 1895 1091 ἀκανθίνῳ
1919 1034 2088 1083 pom

0 1106 115 1155 ‚na-'⁸0
233 1103 492 1172 χρέωνται,
541 1105 751 1170 ἱστζῳισι
799 1107 852 1157 δὲ
898 1106 1212 1170 βυβλίνοισι.
1301 1110 1451 1156 ταῦτα
1496 1108 1557 1155 τὰ
1605 1111 1756 1157 πλοῖα
1801 1107 1896 1158 ἀνὰ
1935 1117 1938 1120 ”
2082 1094 2089 1100 ’

204 1189 323 1253 ’μὲν
353 1188 441 1241 τὸν
471 1188 692 1255 ποταμὸν
722 1188 780 1241 οὐ
809 1190 1010 1241 δύναται
1047 1188 1236 1248 πλέειν,
1269 1185 1330 1253 ἢν
1365 1189 1430 1254 μὴ
1461 1189 1690 1261 λαμπρὸς
1719 1189 1896 1255 ἄνεμος

0 1274 253 1323 arka-’⁴4'
231 1271 405 1345 επέχῃ,
440 1274 494 1324 ἐκ
530 1276 622 1341 γῆς
658 1275 712 1325 δε
748 1273 1065 1346 παρέλκεται,
1101 1294 1222 1325 κατα
1256 1274 1373 1339 ῥόον
1415 1275 1467 1324 δε
1505 1273 1753 1338 κομίζεται
1783 1276 1894 1325 ὧδε·

0 1369 212 1411 κομιδὴ.
230 1356 342 1409 ἔστι
373 1358 426 1408 ἐκ
456 1358 660 1427 μυρίκης
691 1356 996 1459 πεποιημένη
1030 1357 1166 1432 θύρη,
1203 1356 1570 1425 κατερραμμένη
1601 1357 1708 1424 ῥιπὶ
1740 1357 1891 1408 καλά-
1929 1370 2098 1417 φασι-α

98 1504 102 1508 ἡ
156 1460 203 1502 15
227 1461 350 1506 μων,
377 1440 457 1491 καὶ
488 1441 628 1494 λίθος
660 1439 954 1507 τετρημένος
983 1440 1277 1495 διτάλαντος
1300 1440 1525 1505 μάλιστά
1557 1462 1616 1512 κη
1649 1442 1889 1506 σταθμόν
2063 1437 2091 1465 ³·

228 1523 416 1577 τούτων
445 1523 536 1589 τὴν
567 1546 660 1590 μεν
685 1525 835 1591 θύρην
861 1524 1126 1591 δεδεμένην
1156 1525 1290 1594 κάλῳ
1320 1525 1572 1591 ἔμπροσθε
1603 1529 1689 1576 τοῦ
1719 1527 1897 1576 πλοίου

228 1609 364 1662 ἀπίει
393 1608 739 1676 ἐπιφέρεσθαι,
772 1613 859 1661 τὸν
890 1611 942 1660 δὲ
974 1610 1117 1661 λίθον
1146 1608 1285 1679 ἄλλῳ
1316 1607 1449 1679 κάλῳ
1477 1610 1672 1660 ὄπισθε.
1743 1609 1773 1673 ἡ
1805 1611 1894 1673 μὲν
1927 1628 1947 1673 5

229 1692 287 1757 δὴ
337 1694 455 1760 θύρη
506 1698 594 1745 τοῦ
637 1694 754 1760 ῥόου
803 1694 1132 1758 ἐμπίπτοντος
1175 1693 1354 1761 χωρέει
1398 1692 1590 1761 ταχέως
1636 1694 1715 1744 καὶ
1759 1694 1895 1744 ἕλκει

228 1776 318 1843 τὴν
352 1780 505 1844 βᾶριν
539 1774 700 1842 (τοῦτο
738 1779 832 1845 γὰρ
879 1776 937 1842 δὴ
975 1777 1160 1843 οὔνομά
1199 1780 1309 1830 ἐστι
1346 1783 1479 1829 τοῖσι
1519 1778 1744 1829 πλοίοισι
1780 1778 1891 1828 τού-

155 1883 205 1912 20
228 1858 393 1926 τοισ-ι),
434 1863 460 1913 ὁ
497 1864 549 1914 δὲ
584 1863 725 1916 λίθος
768 1863 949 1914 ὄπισθε
974 1862 1323 1928 ’ἐπελκόμενος
1360 1862 1439 1913 καὶ
1480 1861 1575 1914 ἐὼν
1615 1863 1670 1913 ἐν
1709 1866 1894 1930 βυσσῷ

230 1946 477 1998 κατιθύνει
508 1950 595 1998 τὸν
624 1947 800 1998 πλόον.
894 1945 1005 1998 ἔστι
1033 1945 1089 1999 δέ
1125 1953 1223 2014 σφι
1257 1948 1319 1998 τὰ
1350 1951 1503 1999 πλοῖα
1533 1950 1683 1997 ταῦτα
1713 1944 1895 2010 πλήθεϊ

227 2032 396 2083 πολλὰ
429 2030 509 2082 καὶ
538 2029 650 2097 ἄγει
680 2030 789 2082 ἔνια
818 2032 1016 2084 πολλὰς
1045 2030 1277 2099 χιλιάδας
1307 2029 1582 2083 ταλάντων.

312 2113 500 2168 Ἐπεὰν
530 2117 583 2166 δὲ
615 2113 804 2186 ἐπέλθῃ
835 2115 862 2165 ὁ
893 2118 1079 2169 Νεῖλος
1113 2114 1203 2179 τὴν
1224 2116 1408 2184 χώρην,
1435 2117 1485 2167 αἱ
1516 2115 1689 2169 πόλιες
1718 2119 1894 2180 μοῦναι
1931 2125 2001 2178 97

228 2200 494 2266 φαίνονται
539 2198 886 2267 ὑπερέχουσαι,
920 2199 1143 2265 μάλιστά
1190 2221 1250 2272 κῃ
1293 2198 1533 2266 ἐμφερέες
1574 2207 1692 2272 τῇσι
1733 2201 1786 2250 ἐν
1826 2203 1892 2268 τῷ

154 2306 202 2348 25
227 2285 419 2354 Αἰγαίῳ
459 2284 624 2353 πόντῳ
666 2281 886 2348 νήσοισι.
963 2285 1025 2335 τδι
1064 2286 1155 2349 μὲν
1201 2286 1295 2351 γὰρ
1338 2283 1472 2335 ἄλλα
1513 2286 1599 2348 τῆς
1640 2283 1893 2350 Αἰγύπτου

228 2365 464 2435 πέλαγος
493 2369 700 2435 γίνεται,
741 2370 791 2419 αἱ
835 2370 888 2419 δὲ
933 2369 1106 2421 πόλιες
1152 2373 1329 2434 μοῦναι
1373 2367 1691 2436 ὑπερέχουσι.
1776 2388 1893 2433 πορ-

228 2453 490 2517 θμεύονται
519 2450 603 2512 ὧν,
638 2453 790 2504 ἐπεὰν
819 2456 967 2504 τοῦτο
1000 2451 1218 2524 γένηται,
1253 2451 1416 2504 οὐκέτι
1458 2454 1582 2504 κατὰ
1619 2447 1680 2503 τδι
1713 2449 1893 2519 ῥέεθρα

280 2601 304 2638 5
341 2593 527 2631 τοιοῦτον
561 2589 621 2630 S.
661 2592 891 2632 τοιοῦτονδε
915 2590 954 2629 R
970 2590 1008 2629 V
1269 2589 1427 2631 τούτων
1462 2589 1501 2628 R
1634 2589 1698 2630 ἐπὶ
1733 2591 1892 2637 πολλῆς

227 2643 262 2683 C
279 2645 310 2685 S
324 2644 363 2683 V
474 2645 628 2686 τίνουσι
649 2644 688 2683 Α
703 2644 738 2683 Β
923 2658 950 2695 9
981 2643 1045 2696 ἓν]
1069 2643 1112 2685 εὖ
1136 2642 1171 2682 R
1190 2644 1220 2684 S
1235 2644 1274 2683 V
1463 2657 1512 2684 12
1542 2643 1731 2685 δύνανται
1751 2643 1791 2681 Α
1805 2643 1840 2682 Β
1857 2644 1891 2682 C

231 2711 279 2748 13
309 2699 529 2753 καταρρόον
548 2699 588 2738 Α
603 2700 638 2738 Β
752 2698 982 2751 κομίζονται
1001 2700 1034 2738 C
1177 2711 1225 2748 14
1257 2699 1530 2753 κατερραμένη
1554 2699 1591 2736 R
1607 2698 1669 2736 V:
1701 2714 1892 2751 κατερρα-

225 2754 357 2807 ’γμένη
406 2755 440 2793 C
587 2755 692 2808 ῥίπει
739 2754 780 2793 Α
802 2755 836 2793 Β
861 2755 894 2792 C
918 2754 951 2792 P
1117 2755 1284 2805 καλάμω
1334 2754 1373 2793 R
1397 2755 1426 2793 S
1447 2755 1511 2792 V:
1569 2766 1624 2791 an
1674 2753 1890 2804 spurium?

230 2821 279 2859 15
318 2826 485 2863 τετρημ.
526 2809 586 2849 P:
635 2827 832 2863 τετρημμ.
870 2809 940 2848 R.
987 2826 1170 2862 τετριμμ.
1207 2809 1245 2846 Α
1264 2809 1298 2847 Β
1319 2809 1351 2847 C
1371 2810 1400 2847 S
1418 2809 1476 2859 R?
1493 2808 1580 2857 (ι“);
1631 2825 1815 2860 τετριγμ.
1853 2807 1892 2845 V

227 2868 392 2915 σταθμῶ
413 2865 443 2904 S
459 2864 497 2902 V
685 2867 734 2903 16
764 2864 989 2917 ἔμπροσθεν
1011 2863 1049 2902 R
1069 2863 1104 2900 V
1299 2876 1345 2913 17
1377 2862 1515 2903 ὄπισθε
1520 2880 1540 2904 ν
1564 2862 1600 2901 R
1615 2862 1652 2900 V
1673 2863 1735 2914 (it.
1760 2876 1814 2901 20
1836 2861 1887 2913 L)

226 2929 282 2958 20
309 2918 527 2970 ἑλκόμενος
548 2917 584 2956 Α
602 2918 636 2957 Β
652 2919 685 2957 C
853 2931 905 2968 23
936 2918 1052 2959 πόλις
1077 2918 1191 2956 PR:
1222 2916 1359 2958 πόλεις
1382 2917 1462 2956 SV
1627 2929 1677 2965 25
1707 2918 1786 2970 γὰρ
1805 2930 1887 2956 om.

228 2971 312 3012 SV
477 2975 529 3012 26
559 2972 827 3026 ὑπερέχουσαι
851 2972 889 3011 R
906 2973 935 3011 S
950 2973 986 3010 V
1152 2985 1202 3022 27
1234 2974 1285 3013 τὰ
1305 2984 1386 3011 om.
1411 2971 1449 3010 A
1465 2972 1499 3010 Β
1517 2973 1548 3009 C
