2098 3320
715 130 1092 214 [ΣΤΟΡΙΩΝ
1154 168 1192 215 Γ
1831 168 1920 217 111.
1948 177 2010 230 7⁷

124 298 435 367 ἱστορέοντες
474 298 676 353 τούτους
715 304 850 351 τοῖσι
891 304 1186 368 πυλουροῖσι
1228 300 1465 353 ἀπείλεον
1506 301 1582 352 ὅτι
1628 299 1793 367 σφέας

122 386 360 452 παρῆκαν,
408 384 561 452 ’ἶσχόν
605 405 660 436 τε
706 383 1046 450 βουλομένους
1090 385 1203 438 τοὺς
1250 386 1374 437 ἑπτὰ
1422 386 1472 438 ἐς
1516 384 1572 436 τὸ
1618 385 1792 451 πρόσω

122 467 365 535 παριέναι.
440 471 486 521 οἱ
517 471 569 520 δὲ
601 467 1039 534 διακελευσάμενοι
1074 469 1152 521 καὶ
1184 468 1503 535 σπασάμενοι
1533 471 1594 521 τὰ
1625 470 1789 537 ἐγχει-
1833 491 1856 533 3

119 554 252 622 ρίδια
280 553 481 607 τούτους
509 555 601 618 μὲν
631 553 744 610 τοὺς
777 555 1020 621 ἴσχοντας
1055 553 1202 605 αὐτοῦ
1232 554 1384 626 ταύτῃ
1416 553 1788 621 συγκεντέουσι,

73 661 96 701 5
122 636 260 690 αὐτοὶ
290 639 344 690 δὲ
372 636 523 703 ἤισαν
547 638 708 708 δρόμῳ
744 639 793 691 ἐς
815 636 902 689 τὸν
926 639 1194 705 ἀνδρεῶνα.
1270 640 1315 690 οἱ
1346 641 1399 690 δὲ
1428 637 1582 705 μάγοι
1612 638 1791 706 ἔτυχον
1827 649 1892 712 78

122 722 398 790 ἀμφότεροι
437 726 702 786 τηνικαῦτα
742 722 906 775 ἐόντες
945 718 1037 788 [τε]
1077 722 1178 775 ἔσω
1227 723 1305 775 καὶ
1345 723 1406 773 τὰ
1451 721 1548 775 ἀπὸ
1588 721 1789 790 Πρηξά-

120 827 278 860 σπεος
321 807 567 874 γενόμενα
614 808 669 859 ἐν
713 811 879 879 βουλῇ
923 806 1141 875 ἔχοντες.
1232 806 1341 859 ἐπεὶ
1389 805 1457 859 ῶν
1503 806 1634 859 εἶδον
1678 807 1793 862 τοὺς

122 890 386 959 εὐνούχους
423 889 849 958 τεθορυβημένους
878 912 931 943 τε
971 892 1049 943 καὶ
1086 896 1330 957 βοῶντας,
1365 890 1459 943 ἀνά
1489 913 1543 944 τε
1581 891 1793 959 ἔδραμον

121 973 275 1028 πάλιν
306 975 594 1043 ἀμφότεροι,
630 976 709 1027 καὶ
741 975 805 1029 ὡς
835 975 1019 1040 ἔμαθον
1050 975 1107 1028 τὸ
1137 976 1443 1042 ποιεύμενον,
1478 975 1600 1043 πρὸς
1631 975 1793 1041 ἀλκὴν

49 1080 98 1109 10
121 1059 406 1128 ἐτράποντο.
497 1061 524 1110 6
557 1062 649 1126 μὲν
685 1059 744 1124 δὴ
782 1059 941 1112 αὐτῶν
973 1058 1156 1127 φθάνει
1191 1062 1251 1112 τὰ
1287 1059 1408 1126 τόξα
1445 1061 1789 1126 κατελόμενος,
1832 1084 1857 1115 2

122 1146 148 1195 6
188 1147 242 1197 δὲ
280 1144 402 1211 πρὸς
439 1144 530 1209 τὴν
566 1143 752 1213 αἰχμὴν
792 1143 1048 1212 ἐτράπετο.
1141 1147 1349 1197 ἐνθαῦτα
1389 1145 1445 1210 δὴ
1486 1144 1791 1213 συνέμισγον

121 1227 411 1293 ἀλλήλοισι.
500 1234 568 1300 τῷ
597 1232 688 1294 μὲν
720 1228 777 1294 δὴ
808 1231 868 1280 τὰ
899 1226 1019 1292 τόξα
1054 1230 1364 1296 ἀναλαβόντι
1396 1231 1572 1289 αὐτῶν,
1608 1231 1792 1282 ἐόντων

120 1334 176 1366 τε
206 1315 366 1381 ἀγχοῦ
389 1317 488 1366 τῶν
511 1315 766 1380 πολεμίων
799 1313 876 1365 καὶ
908 1313 1295 1381 προσκειμένων,
1323 1313 1383 1378 ἦν
1406 1317 1604 1382 χρηστὰ
1629 1314 1790 1367 οὐδέν·

121 1399 148 1448 6
192 1397 233 1449 δ’
275 1398 441 1465 ἕτερος
481 1405 540 1471 τῇ
579 1400 735 1471 αἰχμῇ
778 1398 990 1464 ἠμύνετο
1037 1400 1114 1450 καὶ
1159 1403 1303 1451 τοῦτο
1346 1401 1437 1464 μὲν
1477 1389 1792 1464 Ἀσπαθίνην

50 1500 96 1542 15
121 1483 254 1535 παίει
285 1484 335 1536 ἐς
366 1481 452 1534 τὸν
481 1483 654 1549 μηρόν,
687 1487 827 1534 τοῦτο
865 1485 919 1535 δὲ
949 1481 1274 1550 Ἰνταφρένεα
1310 1485 1359 1537 ἐς
1391 1489 1477 1536 τὸν
1507 1484 1789 1551 ὀφθαλμόν·

125 1568 203 1619 καὶ
239 1565 482 1633 ἐστερήθη
520 1570 612 1632 μὲν
648 1571 733 1619 τοῦ
767 1568 1031 1635 ὀφθαλμοῦ
1070 1569 1122 1619 ἐκ
1159 1572 1245 1620 τοῦ
1281 1569 1535 1635 τρώματος
1573 1570 1598 1619 6
1630 1568 1787 1621 Ἰντα-

64 1688 67 1689 t
122 1650 322 1720 φρένης,
356 1651 412 1703 οὐ
442 1650 613 1717 μέντοι
645 1650 862 1704 ἀπέθανέ
891 1673 965 1717 γε.
1053 1657 1151 1705 τῶν
1176 1655 1266 1718 μὲν
1298 1653 1355 1718 δὴ
1386 1652 1561 1721 μάγων
1592 1655 1791 1719 οὕτερος
1831 1675 1856 1719 3

119 1736 411 1803 τρωματίζει
452 1736 668 1796 τούτους,
702 1737 729 1787 6
774 1739 827 1789 δὲ
871 1737 1053 1804 ἕτερος,
1098 1738 1262 1790 ἐπείτε
1301 1741 1346 1790 οἱ
1389 1740 1450 1789 τὰ
1488 1737 1610 1803 τόξα
1648 1737 1791 1791 οὐδὲν

120 1822 316 1889 χρηστὰ
348 1821 554 1888 ἐγίνετο,
583 1820 643 1886 ἦν
666 1823 760 1890 γὰρ
785 1820 843 1886 δὴ
870 1821 1092 1887 θάλαμος
1116 1821 1312 1890 ἐσέχων
1336 1825 1386 1876 ἐς
1408 1822 1496 1875 τὸν
1520 1824 1787 1890 ἀνδρεῶνα,

46 1929 97 1958 20
122 1907 172 1958 ἐς
209 1909 379 1957 τοῦτον
417 1906 734 1974 καταφεύγει,
777 1904 938 1958 θέλων
975 1907 1124 1958 αὐτοῦ
1159 1899 1467 1974 προσθεῖναί
1495 1910 1581 1961 τὰς
1623 1907 1787 1974 θύρας.

122 1990 205 2042 καί
225 1991 272 2042 οἱ
297 1991 693 2043 συνεσπίπτουσι
716 1995 815 2042 τῶν
838 1992 963 2042 ἑπτὰ
987 1991 1087 2050 δύο,
1115 1993 1327 2058 Δαρεῖός
1349 2014 1404 2043 τε
1430 1993 1507 2044 καὶ
1532 1993 1788 2058 Γωβρύης·
1830 2014 1857 2055 4

121 2073 496 2140 συμπλεκέντος
525 2077 579 2127 δὲ
601 2079 688 2127 τοῦ
712 2075 958 2142 Γωβρύεω
983 2080 1050 2145 τῷ
1080 2074 1222 2145 μάγῳ
1249 2077 1274 2126 6
1301 2081 1511 2143 Δαρεῖος
1538 2078 1789 2131 ἐπεστεὼς

119 2157 302 2225 ἠπόρεε
325 2159 406 2211 οἶα
429 2160 482 2211 ἐν
506 2159 692 2219 σκότεϊ,
719 2160 1119 2226 προμηθεόμενος
1142 2159 1208 2226 μὴ
1233 2159 1399 2232 πλήξῃ
1422 2160 1508 2213 τὸν
1530 2161 1788 2227 Γωβρύην.

122 2243 250 2310 ὁρῶν
289 2242 344 2295 δέ
385 2264 470 2309 μιν
510 2244 664 2311 ἀργὸν
707 2245 990 2296 ἐπεστεῶτα
1035 2245 1060 2294 6
1100 2246 1340 2312 Γωβρύης
1382 2247 1538 2313 εἴρετο
1581 2248 1608 2296 ὅ
1646 2267 1692 2296 τι
1733 2245 1790 2297 οὐ
1835 2264 1855 2310 5

49 2349 96 2390 ²5
120 2330 300 2396 χρᾶται
329 2335 390 2401 τῇ
419 2330 567 2397 χειρί·
614 2329 639 2379 6
671 2330 724 2381 δὲ
756 2328 877 2381 εἶπε·
925 2330 1341 2395 Προμηθεόμενος
1372 2329 1478 2389 σέο,
1503 2330 1569 2395 μὴ
1594 2328 1786 2394 πλήξω.

120 2411 359 2478 Γωβρύης
395 2415 450 2464 δὲ
485 2413 740 2479 ἀμείβετο·
779 2411 939 2464 ”Ωθεε
976 2412 1032 2464 τὸ
1069 2411 1216 2480 ξίφος
1258 2416 1336 2467 καὶ
1378 2414 1438 2466 δι’
1476 2413 1786 2481 ἀμφοτέρων.

180 2561 198 2587 1
241 2550 506 2601 πυλουργοῖσι
546 2548 580 2587 C
761 2561 785 2598 5
829 2549 1015 2601 ἥ(ι)εσαν
1052 2549 1148 2589 ΑΒ
1173 2551 1206 2589 C
1228 2551 1261 2590 P
1421 2554 1448 2591 6
1488 2569 1535 2592 τε
1577 2566 1657 2594 om.
1702 2553 1789 2592 RS

124 2604 220 2643 εἵσω
244 2602 281 2641 Α
297 2602 331 2641 Β
347 2602 381 2642 C
399 2603 433 2642 P
597 2604 623 2641 8
653 2616 716 2654 pr.
741 2621 788 2645 τε
809 2617 889 2643 om.
915 2603 954 2642 A
970 2604 1003 2643 B
1020 2605 1055 2644 C
1226 2619 1270 2646 11
1305 2607 1527 2662 ἐτράποντο
1550 2608 1583 2646 C
1697 2609 1792 2649 ἔνθα

127 2656 171 2699 δὲ
189 2657 318 2696 RSV
444 2670 493 2707 14
515 2657 658 2707 -θήνην
676 2658 783 2700 RV:
809 2658 1015 2707 -θόνηνὸε
1038 2660 1173 2709 -θίμην
1191 2661 1225 2699 Β
1358 2675 1404 2712 15
1427 2668 1470 2702 et
1495 2665 1544 2701 16
1564 2663 1790 2717 Ἰνταφέρν.

122 2711 163 2750 Α
177 2712 211 2750 Β
228 2712 262 2751 C
277 2712 312 2751 P
443 2726 489 2762 17
523 2717 544 2754 6
564 2713 698 2767 ἕτερος
720 2712 887 2755 τούτους
906 2731 1028 2767 τρωμ.
1057 2714 1094 2752 R
1111 2715 1140 2753 S
1155 2716 1192 2754 V
1335 2718 1383 2756 18
1412 2734 1523 2771 τρωμ
1538 2749 1546 2758 .
1569 2748 1578 2757 .
1599 2747 1609 2757 .
1630 2719 1791 2771 ἐγίνετο

124 2779 205 2807 om.
232 2767 265 2806 C
405 2780 454 2817 19
483 2768 665 2819 χρήσιμα
687 2769 772 2807 PR
789 2769 818 2807 S
834 2768 871 2807 V
983 2768 1149 2821 ἐγένετο
1171 2770 1210 2808 R
1226 2771 1254 2810 S
1270 2772 1307 2810 V
1463 2785 1513 2811 21
1547 2774 1790 2823 συνεμπίπτ.

126 2821 157 2860 S
174 2839 182 2863 :
212 2821 424 2864 συνεπίπτ.
443 2822 476 2861 C
492 2823 531 2861 R
545 2823 581 2861 V
601 2837 610 2862 ε
634 2824 890 2864 συνεπιπίπτ.
913 2823 947 2862 Ε
1062 2830 1179 2878 Γοβρ.
1198 2827 1233 2864 Α
1253 2827 1283 2863 Β
1303 2827 1335 2864 C
1354 2828 1384 2865 P
1407 2827 1468 2876 (it.
1490 2835 1641 2878 quater
1661 2828 1789 2870 infra)
1810 2840 1813 2844 ’

126 2888 180 2916 22
209 2884 412 2928 συμπλακ.
440 2877 474 2916 Ρ
598 2881 671 2918 τοῦ
698 2891 777 2917 om.
802 2877 840 2916 A
856 2878 890 2916 B
908 2878 941 2916 C
959 2878 989 2916 P
1115 2881 1177 2921 ἔτι
1208 2883 1356 2923 ἑστεὼς
1385 2883 1418 2920 R
1437 2883 1497 2921 S:
1528 2883 1618 2924 ἔστι
1641 2887 1728 2924 ἐστ.
1754 2883 1791 2921 V

44 2974 62 2985 ,-
124 2943 178 2980 23
214 2931 354 2982 ἠπόρει
386 2932 420 2971 L
558 2931 642 2974 οἷον
673 2932 810 2972 RSV
958 2933 1222 2987 προθεόμενος
1253 2934 1392 2975 RSV
1588 2950 1640 2988 24
1669 2937 1792 2993 ὀρέων

125 2985 166 3024 Α
181 2985 215 3024 Β
232 2985 265 3024 C
281 2987 314 3025 P
481 2988 534 3026 26
563 2986 608 3028 δὲ
626 3000 708 3029 om.
731 2986 770 3027 A
787 2987 819 3026 B
836 2987 869 3027 C
884 2987 917 3026 E
1030 2991 1125 3030 ὤθεε
1149 2989 1182 3028 Ε
1203 3005 1211 3029 :
1241 2993 1329 3032 ὤθει
1352 2990 1441 3030 rell.

182 3075 333 3138 uon-1.
1578 3107 1626 3144 18
