2098 3320
1 104 144 193 Lfio
827 107 1259 192 ΗΡοΔοΤοΎ

203 273 433 333 δέστατα,
474 278 539 343 τῷ
583 274 768 338 οὕνομα
815 272 875 338 ἦν
917 272 1252 340 Μιτραδάτης.
1322 274 1547 325 συνοίκεε
1590 275 1642 325 δὲ
1679 275 1862 326 ἑωυτοῦ

204 359 468 430 συνδούλῃ,
502 359 686 422 οὔνομα
717 361 769 409 δὲ
798 366 857 430 τῇ
890 359 1082 425 γυναικὶ
1113 358 1173 423 ἧν
1202 366 1263 432 τῇ
1295 360 1520 410 συνοίκεε
1558 358 1702 409 Κυνὼ
1739 360 1860 410 κατὰ

202 443 293 507 τὴν
321 442 584 506 Ἑλλήνων
613 447 875 509 γλῶσσαν,
908 445 1031 494 κατὰ
1064 446 1115 495 δὲ
1146 443 1235 508 τὴν
1269 443 1495 508 Μηδικὴν
1527 443 1725 494 Σπακώ·
1771 443 1861 507 τὴν

139 547 163 578 2
203 529 298 594 γὰρ
330 527 451 579 κύνα
483 526 718 578 καλέουσι
749 526 918 579 σπάκα
943 530 1126 592 Μῆδοι.
1200 530 1250 580 αἱ
1290 531 1342 585 δὲ
1365 528 1587 602 ὑπέρεαί
1624 529 1725 579 εἰσι
1764 532 1860 593 τῶν
1881 528 2077 602 ruofi-'ma

202 610 372 678 ὀρέων,
408 612 527 664 ἔνθα
556 613 643 664 τὰς
672 613 825 676 νομὰς
855 616 952 663 τῶν
983 617 1119 677 βοῶν
1151 612 1257 680 εἶχε
1276 612 1418 666 οὗτος
1447 612 1505 676 δὴ
1539 613 1565 662 ὁ
1593 612 1856 677 βουκόλος,
1886 635 1908 675 5

203 695 325 762 πρὸς
354 695 518 762 βορέω
548 718 602 747 τε
633 695 815 760 ἀνέμου
844 701 942 747 τῶν
973 695 1304 763 Ἀγβατάνων
1336 697 1427 748 καῖ
1455 695 1578 763 πρὸς
1618 700 1704 747 τοῦ
1740 697 1858 748 πόν-

0 828 89 871 a.
202 801 287 831 του
323 785 409 831 τοῦ
447 777 699 842 Εὐξείνου.
766 780 919 851 ταύτῃ
963 783 1054 845 μὲν
1098 783 1193 847 γὰρ
1238 781 1267 845 ἡ
1314 779 1510 845 Μηδικὴ
1556 780 1692 848 χώρη
1739 779 1860 846 πρὸς

9 849 179 918 ..ι-ἵζου
199 866 501 930 ,Σασπείρων
525 862 688 930 ὀρεινή
719 866 828 916 ἐστι
860 863 1014 931 κάρτα
1043 866 1122 916 καὶ
1153 863 1326 932 ὑψηλή
1345 886 1399 916 τε
1433 865 1510 916 καὶ
1541 867 1857 936 ἴδῃσι-Ξυνη-

141 972 165 1014 3
203 947 374 1016 ρεφής,
407 949 436 1013 ἡ
468 950 521 1000 δὲ
552 948 682 1012 ἄλλη
717 948 913 1013 Μηδικὴ
959 949 1095 1016 χώρη
1138 949 1249 1000 ἐστὶ
1289 953 1429 1001 πᾶσα
1467 947 1663 1015 ἄπε-δος.
1753 947 2042 1004 {vdeo-ad,

203 1031 272 1084 ὧν
296 1034 323 1083 ὁ
352 1034 599 1099 βουκόλος
632 1036 824 1105 σπουδῇ
860 1039 1028 1105 πολλῇ
1067 1034 1364 1098 καλεόμενος
1395 1034 1614 1091 ἀπίκετο,
1658 1032 1803 1099 ἔλεγε
1835 1033 1861 1082 ὁ
1892 1054 1938 1081 ιο

194 1115 454 1184 ”Ἀρπαγος
496 1116 629 1169 τάδε·
694 1117 900 1169 Κελεύει
946 1139 1007 1169 σε
1050 1116 1332 1184 Ἀστυάγης
1376 1117 1433 1169 τὸ
1477 1119 1672 1169 παιδίον
1715 1121 1859 1168 τοῦτο

202 1203 432 1267 λαβόντα
462 1204 619 1254 θεῖναι
656 1204 705 1257 ἐς
744 1201 800 1253 τὸ
840 1202 1143 1268 ἐρημότατον
1178 1206 1277 1253 τῶν
1317 1200 1486 1267 ὀρέων,
1520 1203 1646 1253 ὅκως
1681 1199 1742 1252 ἂν
1771 1200 1855 1252 τά-

206 1307 362 1354 χιστα
406 1288 718 1353 διαφθαρείη.
809 1287 887 1338 καὶ
926 1284 1042 1337 τάδε
1081 1307 1158 1337 τοι
1199 1285 1435 1337 ἐκέλευσε
1475 1287 1646 1343 εἰπεῖν,
1689 1280 1751 1349 ἢν
1792 1285 1858 1350 μὴ

204 1372 498 1442 ἀποκτείνῃς
528 1370 662 1429 αὐτό,
697 1369 831 1422 ἀλλά
861 1391 954 1440 τεῳ
995 1370 1160 1439 τρόπῳ
1202 1368 1544 1442 περιποιήσῃς,
1580 1368 1768 1439 ὀλέθρῳ
1792 1374 1859 1439 τῷ

206 1457 421 1527 κακίστῳ
466 1477 524 1506 σε
555 1453 934 1523 διαχρήσεσθαι·
984 1456 1166 1517 ἐπορᾶν
1210 1457 1261 1506 δὲ
1301 1456 1580 1519 ἐκκείμενον
1622 1452 1860 1520 τέταγμαι
1888 1479 1952 1520 15-

204 1541 319 1606 ἐγώ.

98 1632 169 1673 ΙΙΙ
286 1628 457 1675 Ταῦτα
488 1623 706 1676 ἀκούσας
737 1625 762 1673 ὁ
792 1623 1041 1688 βουκόλος
1075 1622 1153 1674 καὶ
1178 1623 1450 1688 ἀναλαβὼν
1480 1622 1536 1673 τὸ
1560 1622 1755 1674 παιδίον
1783 1617 1861 1686 ἤιε

205 1707 294 1772 τὴν
326 1707 477 1773 αὐτὴν
513 1708 675 1760 ὀπίσω
708 1708 821 1758 ὁδὸν
854 1706 930 1758 καὶ
961 1706 1245 1759 ἀπικνέεται
1277 1709 1327 1760 ἐς
1361 1706 1451 1770 τὴν
1482 1706 1704 1758 ἔπαυλιν.
1792 1710 1859 1774 τῷ

9 1786 165 1842 &M
206 1792 246 1842 δ’
270 1792 363 1859 ἄρα
389 1794 467 1844 καὶ
490 1792 616 1861 αὐτῷ
640 1792 669 1856 ἡ
695 1791 817 1858 γυνη
842 1788 1014 1860 ἐπί-ζεξ
1039 1793 1191 1842 ἐοῦσα
1215 1794 1383 1843 πᾶσαν
1406 1789 1607 1856 ἡμέρην,
1633 1791 1743 1841 τότε
1768 1810 1862 1842 κως

205 1878 326 1928 κατὰ
357 1877 562 1942 δαίμονα
592 1876 744 1927 τίκτει
766 1874 1027 1943 οἰχομένου
1049 1879 1135 1926 τοῦ
1155 1875 1405 1940 βουκόλου
1431 1877 1480 1927 ἐς
1504 1875 1667 1926 πόλιν.
1732 1872 1861 1938 ἦσαν
1889 1900 1938 1927 20

204 1963 257 2013 δὲ
282 1963 336 2013 ἐν
361 1962 589 2028 φροντίδι
614 1961 886 2027 ἀμφότεροι
910 1958 1149 2023 ἀλλήλων
1172 1957 1298 2026 πέρι,
1326 1960 1353 2009 ὁ
1375 1961 1465 2023 μὲν
1487 1962 1574 2009 τοῦ
1604 1958 1750 2009 τόκου
1775 1960 1860 2021 τῆς

205 2045 435 2111 γυναικὸς
469 2044 740 2112 ἀρρωδέων,
779 2044 809 2108 ἡ
845 2046 897 2095 δὲ
934 2043 1056 2110 γυνὴ
1093 2044 1122 2093 ὅ
1157 2065 1204 2094 τι
1234 2043 1320 2094 οὐκ
1357 2043 1519 2095 ἐωθὼς
1550 2043 1576 2092 ὁ
1603 2040 1862 2108 ’Ἅρπαγος

148 2149 172 2179 k»)

205 2129 586 2196 μεταπέμψαιτο
634 2129 782 2193 αὐτῆς
829 2128 915 2179 τὸν
959 2127 1128 2194 ἄνδρα.
1204 2128 1367 2179 ἐπείτε
1413 2130 1466 2178 δὲ
1509 2124 1863 2189 ἀπονοστήσας

206 2211 410 2278 ἐπέστη,
444 2215 524 2264 οἷα
566 2212 623 2277 ἐξ
656 2212 875 2264 ἀέλπτου
907 2213 1082 2263 ἰδοῦσα
1110 2212 1140 2276 ἡ
1173 2211 1294 2278 γυνὴ
1326 2213 1483 2277 εἴρετο
1513 2208 1726 2276 προτέρη
1757 2211 1786 2260 ὅ
1813 2230 1862 2260 τι

204 2319 289 2361 μιν
319 2298 443 2349 οὕτω
477 2297 733 2363 προθύμως
754 2295 1015 2362 “Ἀρπαγος
1037 2294 1407 2361 μετεπέμψατο.
1495 2295 1522 2344 ὁ
1545 2296 1597 2345 δὲ
1629 2294 1751 2345 εἶπε·
1786 2292 1861 2343 ἦ,Ω
1889 2318 1935 2357 25

206 2382 365 2447 γύναι,
400 2381 531 2432 εἶδόν
571 2402 625 2432 τε
662 2383 713 2433 ἐς
750 2381 898 2432 πόλιν
943 2380 1102 2430 ἐλθὼν
1141 2379 1224 2429 >καὶ
1263 2378 1453 2443 ἤκουσα
1487 2377 1544 2429 τὸ
1579 2375 1702 2443 μήτε
1740 2379 1862 2428 ἰδεῖν

207 2466 407 2532 ὤφελον
445 2463 567 2530 μήτε
610 2467 720 2516 κοτὲ
759 2462 997 2530 γενέσθαι
1038 2465 1088 2517 ἐς
1132 2464 1379 2514 δεσπότας
1423 2461 1536 2515 τοὺς
1580 2460 1858 2528 ἡμετέρους.

142 2546 147 2548 ’
207 2549 340 2602 οἶκος
379 2552 470 2615 μὲν
512 2553 607 2602 πᾶς
646 2547 899 2615 Ἁρπάγου
942 2550 1171 2616 κλαυθμῷ
1216 2547 1486 2614 κατείχετο·
1547 2547 1645 2612 ἐγὼ
1683 2548 1736 2596 δὲ
1781 2546 1857 2595 ἐκ-

263 2705 280 2730 Ι
315 2691 378 2742 δὲ]
402 2691 445 2731 δὲ
466 2693 518 2738 τῆ
543 2690 579 2728 R
598 2690 677 2729 SV
878 2701 902 2738 5
933 2688 1078 2740 οὐρέων
1097 2687 1135 2726 Α
1154 2687 1234 2726 BC
1250 2687 1283 2725 P
1485 2689 1510 2724 8
1541 2686 1773 2737 Σαππεῖρων
1797 2685 1860 2726 R:

205 2747 375 2798 ἀπείρων
398 2747 427 2784 S
441 2745 490 2784 V¹
513 2760 522 2785 z
553 2747 650 2786 ἀππ.
666 2744 721 2782 Vc
805 2756 865 2793 pr.
886 2745 951 2784 καὶ
970 2774 978 2782 .
998 2773 1007 2783 .
1028 2773 1038 2782 .
1057 2742 1256 2790 βουκόλος
1273 2755 1353 2780 om.
1374 2741 1412 2779 R
1429 2741 1458 2780 S
1473 2741 1509 2779 V
1635 2752 1680 2777 10
1702 2739 1860 2793 πολλῇ]

203 2802 257 2842 ὧν
283 2801 322 2839 R
338 2801 419 2840 SV
529 2801 593 2841 καὶ
616 2800 760 2852 ἔλεγεν
783 2798 822 2837 R
839 2798 919 2837 SV
1043 2809 1086 2834 11
1122 2796 1190 2849 σε]
1214 2800 1257 2838 δε
1280 2795 1319 2834 R
1339 2811 1349 2836 :
1376 2808 1456 2835 om.
1483 2794 1564 2834 SV
1676 2807 1724 2842 14
1753 2810 1862 2840 περι-

204 2856 375 2910 ποιήσῃς
418 2854 614 2895 Bekker:
659 2854 786 2906 -ση<ι)
829 2854 861 2892 L
901 2854 1002 2903 (πει
1044 2850 1119 2904 3¹)
1300 2862 1348 2900 15
1396 2849 1691 2904 διαχρήσασθαι
1731 2847 1863 2887 CSV

204 2912 469 2962 διατέταγμαι
493 2910 532 2949 R
548 2909 631 2950 SV
771 2910 821 2948 16
850 2910 901 2950 ὡς
922 2908 1004 2960 ἐγώ
1024 2907 1058 2946 C
1200 2918 1249 2956 19
1279 2905 1376 2946 τότε
1397 2903 1493 2956 κως]
1517 2905 1565 2944 τὸ
1585 2901 1704 2944 τέκος
1727 2902 1765 2941 R
1781 2901 1862 2940 SV

203 2978 256 3005 22
287 2967 436 3018 ἐωρθὼς
460 2964 499 3002 R
515 2964 579 3005 V:
609 2964 731 3018 ὀρθῶς
757 2964 787 3003 S
952 2974 1003 3013 24
1035 2960 1245 3003 ἁπέλπτου
1265 2959 1303 3000 V
1467 2970 1516 3008 27
1549 2957 1701 3011 ὄφελον
1720 2957 1758 2996 A
1776 2956 1810 2996 B
1826 2957 1860 2996 C

202 3021 297 3062 τοὺς
316 3033 397 3060 om.
426 3019 463 3058 R
480 3018 509 3057 S
523 3018 562 3058 V
