2098 3320
1278 2 1286 23 N

817 139 1201 190 ΙΣΤΟΡΙΩΝ
1263 140 1305 188 Α
1946 142 2094 202 1.1s3

229 277 492 341 πεποίηται
527 278 694 326 ταῦτα.
784 269 880 336 ἔξω
922 275 975 325 δὲ
1016 277 1102 324 τοῦ
1143 275 1263 337 νηοῦ
1304 270 1479 337 βωμός
1521 271 1633 321 ε’στι
1674 269 1905 338 χρύσεος.
1948 293 1973 325 2

229 360 340 413 ἔστι
369 362 422 412 δὲ
447 360 532 412 καὶ
562 358 719 412 ἄλλος
747 357 920 424 βωμὸς
949 355 1120 424 μέγας,
1149 355 1226 408 ἐπ’
1251 356 1307 407 οὗ
1339 357 1506 408 θύεται
1537 355 1599 406 τὰ
1631 352 1781 423 τέλεα
1810 358 1909 406 τῶν
1935 356 2096 416 estu-3

229 443 514 513 προβάτων·
562 444 644 495 ε’πὶ
667 444 761 510 γὰρ
785 447 870 494 τοῦ
898 440 1116 510 χρυσέου
1147 445 1323 507 βωμοῦ
1354 439 1440 492 οὐκ
1466 438 1635 504 ἔξεστι
1668 439 1802 491 θύειν
1833 439 1909 490 ὅτι

228 529 293 596 μὴ
331 529 592 596 γαλαθηνὰ
630 531 804 593 μοῦνα,
842 527 924 579 ἐπὶ
960 528 1014 578 δὲ
1050 531 1136 577 τοῦ
1170 524 1378 592 μέζονος
1419 528 1594 590 βωμοῦ
1638 523 1716 574 καὶ
1760 544 1905 575 κατα-

182 638 202 678 5
229 614 421 682 γίζουσι
452 600 739 678 λιβανωτοῦ
770 612 912 680 χίλια
935 609 1158 663 τάλαντα
1183 610 1319 663 ἔτεος
1353 608 1566 661 ἑκάστου
1591 610 1637 660 οἱ
1662 611 1909 660 Χαλδαῖοι
1927 613 2098 683 'muk-

228 698 343 750 τότε
382 699 533 750 ἐπεὰν
571 696 662 760 τὴν
705 695 853 764 ὁρτὴν
892 694 1055 763 ἄγωσι
1097 699 1164 765 τῷ
1205 698 1298 765 θεῷ
1338 694 1510 764 τούτῳ·
1559 691 1619 758 ἣν
1656 695 1709 745 δὲ
1751 694 1805 745 ἐν
1842 697 1908 763 τῷ

229 781 424 849 τεμένεϊ
458 780 612 851 τούτῳ
651 780 724 833 ἔτι
759 784 844 833 τὸν
883 781 1067 856 χρόνον
1106 782 1295 833 ἐκεῖνον
1340 779 1419 831 καὶ
1457 780 1658 845 ἀνδριὰς
1695 778 1911 830 δυώδεκα
1922 789 2016 866 ἐξ...
2016 787 2098 867 wne:

229 866 432 935 πήχεων
471 866 686 934 χρύσεος
726 866 945 932 στερεός.
1035 866 1133 932 ἐγὼ
1176 863 1269 931 μέν
1310 885 1394 930 μιν
1437 863 1523 914 οὐκ
1566 863 1713 922 εἶδον,
1755 865 1816 914 τὰ
1857 865 1911 915 δὲ
1947 883 1972 926 3

229 951 432 1020 λέγεται
466 949 562 1003 ὑπὸ
600 951 884 1009 Χαλδαίων,
924 954 1077 1002 ταῦτα
1119 948 1268 1017 λέγω.
1359 944 1514 1018 τούτῳ
1553 954 1620 1018 τῷ
1658 946 1913 1014 ἀνδριάντι

158 1060 206 1089 10
234 1041 446 1104 Δαρεῖος
496 1038 588 1101 μὲν
641 1036 666 1086 ὁ
718 1033 1038 1088 ’Ὑστάσπεος
1095 1034 1466 1100 ἐπιβουλεύσας
1519 1033 1605 1085 οὐκ
1659 1033 1913 1098 ἐτόλμησε

230 1125 429 1187 λαβεῖν,
465 1116 659 1188 Ξέρξης
692 1122 743 1171 δὲ
773 1120 799 1170 ὁ
833 1120 1049 1186 Δαρείου
1084 1119 1243 1185 ἔλαβε
1280 1118 1360 1170 καὶ
1390 1117 1475 1169 τὸν
1509 1116 1615 1184 ἱρέα
1651 1115 1912 1170 ἀπέκτεινε

231 1204 605 1272 ἀπαγορεύοντα
645 1204 711 1270 μὴ
756 1202 934 1256 κινέειν
976 1203 1062 1255 τὸν
1107 1201 1387 1270 ἀνδριάντα.
1478 1202 1535 1254 τὸ
1573 1204 1665 1268 μὲν
1705 1201 1762 1265 δὴ
1806 1201 1911 1268 ἱρὸν

230 1295 376 1342 τοῦτο
405 1291 531 1342 οὕτω
549 1289 888 1354 κεκόσμηται,
925 1289 1034 1341 ἔστι
1068 1291 1122 1340 δὲ
1155 1289 1233 1340 καὶ
1266 1289 1365 1340 ἵδια
1402 1284 1694 1352 ἀναθήματα
1725 1285 1908 1338 πολλά.

230 1378 318 1439 τῆς
342 1376 394 1426 δὲ
422 1378 727 1439 Βαβυλῶνος
750 1373 930 1438 ταύτης
958 1374 1144 1426 πολλοὶ
1174 1372 1266 1439 μέν
1293 1394 1376 1424 κου
1401 1371 1480 1423 καὶ
1504 1370 1911 1439 ἄλλοιιέγένοντο
1950 1375 2041 1435 184

159 1481 204 1522 15
231 1457 491 1525 βασιλέες,
531 1462 629 1510 τῶν
667 1460 720 1510 ἐν
757 1463 891 1510 τοῖσι
930 1458 1253 1525 Ἀσσυρίοισι
1288 1457 1492 1524 λόγοισι
1531 1454 1729 1522 μνήμην
1765 1454 1907 1520 ποιή-

234 1565 402 1609 σομαι,
429 1543 474 1595 οἳ
506 1545 567 1595 τὰ
590 1541 760 1611 τείχεά
792 1564 846 1595 τε
879 1543 1235 1608 ἐπεκόσμησαν
1261 1542 1339 1594 καὶ
1370 1543 1430 1592 τὰ
1463 1539 1558 1609 ἱρά,
1587 1542 1640 1593 ἐν
1665 1542 1717 1593 δὲ
1749 1540 1806 1605 δὴ
1834 1541 1912 1592 καὶ

232 1633 459 1696 γυναῖκες
490 1627 591 1694 δύο·
638 1627 666 1692 ἡ
697 1630 788 1692 μὲν
822 1628 1062 1694 πρότερον
1093 1626 1305 1694 ἄρξασα,
1339 1629 1426 1691 τῆς
1461 1627 1675 1693 ὕστερον
1705 1633 1912 1698 γενεῇσι

233 1711 381 1766 πέντε
409 1712 650 1779 πρότερον
675 1711 932 1779 γενομένη,
961 1719 1021 1785 τῇ
1052 1712 1238 1777 οὔνομα
1268 1710 1329 1775 ἣν
1360 1711 1643 1777 Σεμίραμις,
1670 1711 1789 1775 αὕτη
1820 1712 1912 1776 μὲν

234 1796 744 1865 ἀπεδέξαῳ-χῴματα
773 1797 868 1848 ἀνὰ
892 1796 949 1848 τὸ
973 1797 1144 1849 πεδίον
1169 1797 1317 1848 ε’όντα
1339 1793 1619 1860 ἀξιοθέητω
1668 1795 1912 1863 πρότερον
1929 1799 2095 1841 mine-A

160 1902 209 1931 20
234 1885 286 1934 δὲ
319 1882 467 1954 ἐώθεε
501 1882 527 1931 ὁ
558 1884 777 1946 ποταμὸς
808 1882 902 1933 ἀνὰ
933 1880 989 1932 τὸ
1021 1882 1192 1933 πεδίον
1223 1884 1323 1933 πᾶν
1353 1880 1657 1947 πελαγίζειν·
1705 1880 1734 1945 ἡ
1767 1882 1819 1931 δὲ
1852 1879 1909 1944 δὴ
1949 1880 2098 1943 Ι85οα

234 1967 460 2034 δεύτερον
485 1965 726 2033 γενομένη
751 1966 931 2030 ταύτης
960 1967 1220 2031 βασίλεια,
1239 1973 1308 2038 -τῇ
1341 1965 1527 2030 οὕνομα
1559 1963 1619 2029 ἧν
1643 1966 1906 2031 Νίτωκρις,

234 2053 353 2116 αὕτη
392 2054 445 2104 δὲ
481 2049 789 2117 συνετωτέρη
822 2049 1063 2118 γενομένη
1101 2053 1189 2116 τῆς
1226 2051 1470 2117 πρότερον
1507 2048 1730 2116 ἀρξάσης
1764 2053 1910 2100 τοῦτο

232 2138 324 2200 μὲν
358 2136 652 2202 μνημόσυνα
690 2136 893 2187 ἐλίπετο
935 2137 995 2186 τὰ
1034 2136 1133 2203 ἐγὼ
1168 2133 1509 2202 ἀπηγήσομαι,
1548 2138 1694 2186 τοῦτο
1731 2135 1783 2185 δὲ
1821 2133 1910 2198 τὴν

234 2219 423 2285 Μήδων
472 2221 639 2286 ὁρῶσα
688 2219 848 2288 ἀρχὴν
892 2218 1119 2286 μεγάλην
1163 2241 1217 2271 τε
1268 2219 1344 2270 καὶ
1394 2218 1480 2270 οὐκ
1531 2218 2098 2284 ἀτρεμίζουσαν,κωαὶκ

160 2327 207 2368 25
234 2302 394 2370 <ἀλλ’>
427 2303 560 2355 ἄλλα
589 2325 642 2355 τε
675 2303 978 2372 ἀραιρημένα
1010 2303 1168 2356 ἄστεα
1199 2304 1412 2363 αὐτοῖσι,
1448 2305 1501 2355 ἐν
1532 2305 1583 2355 δὲ
1616 2302 1675 2367 δὴ
1710 2302 1790 2355 καὶ
1820 2302 1911 2367 τὴν

233 2391 408 2449 Νίνον,
436 2387 821 2456 προεφυλάξατο
845 2389 944 2440 ὅσα
969 2389 1174 2442 ἐδύνατο
1198 2387 1439 2455 μάλιστα.
1515 2393 1685 2454 πρῶτα
1707 2389 1800 2453 μὲν
1823 2387 1911 2440 τὸν
1951 2410 1977 2442 2

235 2471 503 2541 Εὐφρήτην
544 2471 767 2538 ποταμὸν
812 2473 958 2525 ε’όντα
1002 2474 1243 2541 πρότερον
1289 2473 1412 2531 ἰθύν,
1456 2474 1509 2525 ὅς
1556 2478 1653 2538 σφι
1699 2474 1778 2524 διὰ
1822 2474 1911 2536 τῆς

235 2559 410 2612 πόλιος
443 2556 600 2623 μέσης
638 2556 754 2624 ῥέει,
795 2562 969 2610 τοῦτον
1006 2557 1195 2611 ἄνωθεν
1235 2558 1479 2625 διώρυχας
1519 2554 1741 2623 ὀρύξασα
1782 2556 1908 2606 οὕτω

234 2640 292 2706 δή
317 2663 363 2693 τι
394 2643 603 2706 ἐποίησε
636 2640 842 2693 σκολιὸν
865 2642 998 2694 ὥστε
1029 2642 1086 2707 δὴ
1111 2644 1214 2709 τρὶς
1246 2644 1297 2696 ἐς
1321 2646 1419 2693 τῶν
1443 2662 1553 2692 τινα
1586 2639 1786 2705 κωμέων
1811 2644 1909 2692 τῶν

288 2792 313 2817 2
344 2779 404 2819 ἐπ’
427 2776 472 2819 οὗ
494 2777 615 2817 Stein
636 2790 643 2815 :
676 2778 773 2819 ὅπου
797 2778 830 2816 L
983 2791 1032 2829 13
1062 2777 1294 2830 κεκόσμητο
1315 2778 1350 2817 C
1497 2787 1543 2826 15
1574 2774 1739 2828 λόγοισι
1760 2789 1842 2816 om.
1867 2777 1906 2814 R

239 2835 288 2872 16
319 2834 554 2884 ἐκόσμησαν
574 2832 655 2872 SV
794 2833 879 2887 ἱερά
900 2833 930 2872 S
944 2833 983 2872 V
1121 2835 1186 2876 καὶ
1208 2846 1288 2873 om.
1313 2833 1347 2872 C
1541 2844 1596 2871 20
1627 2832 1750 2873 ἔωθεν
1771 2831 1810 2870 R
1826 2831 1856 2871 S
1870 2831 1907 2869 V

233 2888 305 2936 ’ἣδε
337 2889 386 2938 δὴ
418 2889 443 2937 ἡ
477 2888 583 2927 SV:
626 2887 703 2936 ἤδη
734 2886 778 2929 δὲ
813 2889 838 2937 ἡ
870 2888 909 2926 R
1078 2902 1126 2928 21
1164 2890 1383 2942 Νίτρωκρις
1414 2886 1554 2926 ABC
1722 2899 1774 2937 25
1811 2887 1906 2928 ἀλλ’

234 2943 330 2983 add.
355 2942 528 2981 Bekker
722 2944 776 2982 26
804 2944 878 2984 τὸν
899 2956 980 2984 om.
1008 2944 1046 2983 R
1245 2956 1295 2993 27
1328 2941 1542 2995 Εὐφράτην
1562 2941 1598 2981 Α
1615 2942 1650 2982 Β
1763 2940 1910 2995 ῥέοντα

237 2996 275 3036 Α
290 2997 325 3036 Β
339 2997 373 3036 C
389 2998 422 3037 Ρ
589 3012 640 3050 29
670 2997 740 3049 δὴ]
764 2999 828 3039 καὶ
851 2997 972 3038 Stein

1694 3079 1744 3125 7*
