2098 3320
810 84 1186 134 ΙΣΤΟΡΙΩΝ
1251 86 1287 134 Β

216 213 394 279 εἵματι,
425 211 513 264 τὸν
543 210 732 280 αὐχένα
761 214 815 265 δὲ
848 214 927 266 καὶ
956 212 1048 278 τὴν
1074 212 1302 281 κεφαλὴν
1327 214 1499 281 φαίνει
1530 212 1887 282 κεχρυσωμένα

215 295 369 366 παχέϊ
410 295 564 364 κάρτα
603 301 791 367 χρυσῷ·
853 296 1038 363 μεταξὺ
1083 300 1137 350 δὲ
1179 303 1277 350 τῶν
1323 296 1504 365 κερέων
1545 299 1572 349 ὁ
1611 302 1698 350 τοῦ
1740 298 1887 363 ἡλίου

217 381 394 436 κύκλος
431 380 767 448 μεμιμημένος
805 381 982 434 ἔπεστι
1018 382 1251 451 χρύσεος.
1341 382 1453 434 ἔστι
1489 384 1541 434 δὲ
1578 382 1607 447 ἡ
1639 386 1764 448 βοῦς
1798 383 1885 434 οὐκ

214 465 334 532 ὀρθὴ
365 465 483 518 ἀλλ’
513 467 568 518 ἐν
603 465 815 533 γούνασι
855 465 1069 531 κειμένη,
1104 465 1322 534 μέγαθος
1354 468 1407 518 δὲ
1439 467 1535 531 ὅση
1568 488 1659 534 περ
1688 466 1884 534 μεγάλη

166 573 188 615 5
214 554 339 615 βοῦς
372 548 483 614 ζωή.
575 548 839 617 ἐκφέρεται
871 552 924 602 δὲ
950 552 1003 602 ἐκ
1026 555 1113 602 τοῦ
1143 550 1408 616 οἰκήματος
1439 552 1533 602 ἀνὰ
1562 549 1725 603 πάντα
1755 550 1883 610 ἔτεα,

215 635 366 686 ἐπεὰν
405 634 682 686 τύπτωνται
722 637 768 686 οἱ
812 635 1077 701 Αἰγύπτιοι
1119 635 1206 687 τὸν
1242 635 1328 686 οὐκ
1369 635 1734 700 ὀνομαζόμενον
1770 635 1885 687 θεὸν

213 717 295 770 ὑπ’
329 720 444 784 ἐμεῦ
489 720 569 770 ἐπὶ
615 718 820 788 τοιούτῳ
867 718 1133 786 πρήγματι.
1223 720 1338 772 τότε
1384 717 1453 772 ὧν
1500 719 1578 771 καὶ
1623 719 1713 784 τὴν
1756 724 1884 785 βοῦν

174 810 177 815 “
213 801 484 870 ἐκφέρουσι
529 804 578 855 ἐς
621 802 679 854 τὸ
722 807 845 870 φῶς·
908 804 1038 871 φασὶ
1082 805 1179 872 γὰρ
1218 803 1277 868 δὴ
1324 803 1477 868 αὐτὴν
1521 807 1754 869 δεηθῆναι
1797 809 1884 856 τοῦ

212 886 395 954 πατρὸς
427 888 706 954 Μυκερίνου
740 884 1159 961 ἀποθνήσκουσαν
1197 890 1251 940 ἐν
1287 893 1354 958 τῷ
1388 890 1593 958 ἐνιαυτῷ
1630 886 1768 952 ἅπαξ
1798 910 1884 954 μιν

140 995 188 1025 ιο
210 970 298 1023 τὸν
320 971 465 1036 ἥλιον
498 974 728 1024 κατιδεῖν.
819 973 944 1038 μετὰ
967 974 1020 1024 δὲ
1044 975 1131 1037 τῆς
1156 972 1396 1040 θυγατρὸς
1419 972 1477 1024 τὸ
1501 971 1658 1027 πάθος
1681 972 1882 1040 δεύτερα

209 1055 366 1126 τούτῳ
409 1060 478 1125 τῷ
519 1055 732 1122 βασιλέϊ
771 1055 888 1109 τάδε
932 1055 1188 1124 γενέσθαι·
1254 1058 1420 1109 ἐλθεῖν
1461 1059 1507 1109 οἱ
1546 1055 1787 1123 μαντήιον
1827 1060 1881 1110 ἐκ

210 1143 425 1195 Βουτοῦς
455 1141 631 1195 πόλιος
664 1141 728 1194 ὡς
757 1140 940 1207 μέλλοι
972 1139 1031 1206 ἓξ
1058 1141 1172 1193 ἔτεα
1198 1146 1382 1206 μοῦνον
1412 1142 1556 1207 βιοὺς
1580 1147 1647 1212 τῷ
1680 1141 1880 1212 ἑβδόμῳ

207 1223 546 1290 τελευτήσειν·
615 1225 703 1277 τὸν
756 1228 809 1278 δὲ
861 1225 1025 1278 δεινὸν
1078 1225 1420 1292 ποιησάμενον
1471 1225 1670 1294 πέμψαι
1722 1228 1774 1280 ἐς
1823 1231 1880 1279 τὸ

206 1307 447 1374 μαντήιον
470 1314 536 1380 τῷ
569 1313 664 1380 θεῷ
686 1310 962 1375 ’ὀνείδισμα
994 1311 1430 1377 ἀντιμεμφόμενον
1461 1311 1537 1362 ὅτι
1560 1312 1586 1361 ὁ
1609 1313 1700 1376 μὲν
1731 1310 1881 1363 αὐτοῦ

134 1417 182 1460 15
207 1393 370 1462 πατὴρ
423 1395 501 1447 καὶ
561 1393 758 1462 πάτρως
811 1395 1214 1460 ἀποκληίσαντες
1265 1397 1326 1446 τὰ
1380 1397 1459 1462 ἱρὰ
1513 1395 1592 1447 καὶ
1645 1398 1770 1447 θεῶν
1822 1396 1880 1448 οὐ

204 1477 524 1544 μεμνημένοι,
560 1480 694 1531 ἀλλὰ
725 1480 806 1531 καὶ
827 1480 952 1534 τοὺς
995 1480 1283 1547 ἀνθρώπους
1314 1480 1617 1546 φθείροντες,
1653 1478 1878 1545 ἐβίωσαν

205 1563 387 1630 χρόνον
419 1563 500 1616 ἐπὶ
530 1564 741 1623 πολλόν,
775 1564 922 1618 αὐτὸς
954 1563 996 1615 δ’
1029 1563 1286 1629 εὐσεβέων
1316 1563 1499 1630 μέλλοι
1529 1562 1722 1632 ταχέως
1751 1565 1876 1616 οὕτω

204 1645 539 1712 τελευτήσειν.
631 1650 686 1700 ἐκ
731 1650 786 1700 δὲ
826 1653 912 1700 τοῦ
956 1649 1264 1716 χρηστηρίου
1304 1648 1434 1719 αὐτῷ
1466 1649 1668 1715 δεύτερα
1711 1651 1877 1701 ἐλθεῖν

202 1730 420 1798 λέγοντα
448 1732 638 1784 τούτων
671 1733 835 1785 εἵνεκα
867 1733 946 1784 καὶ
980 1733 1308 1800 συνταχύνειν
1339 1732 1489 1785 αὐτὸν
1518 1732 1606 1785 τὸν
1636 1733 1772 1798 βίον·
1819 1734 1877 1785 οὐ

129 1840 180 1870 20
202 1817 299 1883 γὰρ
335 1817 549 1882 ποιῆσαί
579 1838 665 1882 μιν
710 1816 767 1869 τὸ
802 1816 954 1885 χρεὸν
991 1815 1052 1881 ἦν
1087 1815 1290 1869 ποιέειν·
1337 1821 1441 1869 δεῖν
1483 1819 1579 1885 γὰρ
1620 1819 1875 1884 Αἴγυπτον

203 1904 473 1952 κακοῦσθαι
504 1901 582 1954 ἐπ’
614 1902 728 1953 ἔτεα
761 1899 1071 1967 πεντήκοντά
1102 1922 1156 1953 τε
1190 1900 1268 1952 καὶ
1305 1902 1496 1961 ἑκατόν,
1531 1901 1610 1953 καὶ
1639 1900 1753 1955 τοὺς
1781 1904 1875 1967 μὲν

201 1984 292 2036 δύο
327 1985 440 2040 τοὺς
479 1985 575 2052 πρὸ
622 1987 810 2039 ἐκείνου
855 1984 1152 2053 γενομένους
1194 1985 1447 2054 βασιλέας
1490 1990 1667 2052 μαθεῖν
1711 1990 1871 2050 τοῦτο,

1928 86 1993 136 ΙΙ.
2012 99 2098 149 132

1921 404 1945 435 2

1920 740 1945 782 3

1921 995 2009 1044 Ῑ33

203 2072 365 2121 κεῖνον
395 2072 449 2121 δὲ
485 2070 557 2122 οὔ.
648 2074 803 2123 ταῦτα
840 2070 1126 2122 ἀκούσαντα
1160 2074 1247 2122 τὸν
1291 2074 1586 2137 Μυκερῖνον,
1622 2070 1686 2124 ὡς
1725 2091 1869 2122 κατα-
1908 2092 1937 2134 4

203 2152 499 2220 κεκριμένων
530 2154 621 2220 ἤδη
653 2157 699 2206 οἱ
729 2154 932 2214 τούτων,
966 2155 1130 2223 λύχνα
1161 2153 1505 2220 ποιησάμενον
1536 2153 1719 2213 πολλά,
1746 2156 1872 2208 ὅκως

127 2261 175 2302 25
200 2238 389 2304 γίνοιτο
427 2237 530 2303 νύξ,
566 2238 831 2306 ἀνάψαντα
873 2239 996 2291 αὐτὰ
1037 2240 1198 2292 πίνειν
1239 2260 1294 2291 τε
1332 2239 1409 2291 καὶ
1447 2238 1719 2299 εὐπαθέειν,
1759 2239 1872 2291 οὔτε

197 2320 382 2390 ἡμέρης
423 2323 536 2376 οὔτε
576 2323 750 2378 νυκτὸς
790 2323 1005 2383 ἀνιέντα,
1041 2323 1092 2378 ἔς
1136 2345 1190 2376 τε
1230 2326 1292 2376 τὰ
1329 2323 1448 2389 ἔλ-εα
1490 2324 1569 2375 καὶ
1608 2325 1670 2375 τὰ
1708 2322 1871 2375 ἄλσεα
1887 2330 2096 2372 nav-«ku

199 2406 527 2473 πλανώμενον
579 2408 657 2460 καὶ
710 2410 792 2460 ἵνα
835 2406 1133 2461 πυνθάνοιτο
1186 2408 1312 2461 εἶναι
1357 2406 1662 2486 ἐνηβητήρια
1707 2410 1871 2472 ἐπιτη-
1887 2419 2098 2509 mcum-¹]

256 2557 274 2583 1
305 2545 440 2597 ἱμάντι
463 2547 501 2586 R
518 2546 600 2586 SV
766 2546 920 2599 φαίνει]
943 2547 1001 2588 ἔνι
1022 2547 1062 2586 R
1084 2562 1093 2587 ε
1125 2550 1181 2588 ε’νι
1202 2547 1264 2588 V:
1299 2550 1348 2599 ἐγ
1370 2547 1400 2586 S
1622 2559 1647 2595 3
1679 2546 1781 2595 ἔστη
1809 2544 1867 2584 R¹

197 2613 223 2649 4
260 2600 406 2653 ’γόνασι
435 2601 523 2641 ΑΒ
541 2602 574 2641 C
796 2614 822 2651 5
863 2601 932 2653 ζοή
961 2601 1002 2640 Α
1019 2602 1054 2640 Β
1223 2602 1284 2643 ἀν’
1306 2602 1464 2643 ἅπαντα
1494 2601 1533 2639 R
1554 2616 1563 2640 :
1598 2600 1808 2642 ἆνάπαντα
1828 2600 1869 2640 V

197 2655 224 2692 6
264 2654 486 2698 τύπτονται
526 2657 618 2696 RV
783 2659 820 2698 οἱ
857 2655 1177 2696 om.ABCP
1397 2658 1423 2696 8
1466 2657 1516 2706 δὴ
1555 2668 1639 2695 om.
1677 2655 1869 2694 ABCP

202 2721 250 2748 12
276 2710 425 2760 μέλλει
447 2712 487 2751 R
502 2711 533 2751 S
716 2724 765 2761 14
795 2713 858 2753 καὶ
882 2712 1097 2764 ἆντιμεμφ.
1125 2711 1155 2750 S
1170 2711 1209 2750 V
1393 2713 1442 2750 16
1472 2711 1706 2763 φθείραντες
1728 2710 1767 2749 R
1783 2710 1814 2750 S
1828 2709 1867 2748 V

201 2776 248 2814 17
280 2766 454 2815 εὐσεβὴς
478 2768 553 2808 ἐὼν
571 2765 612 2805 Α
625 2766 660 2805 Β
676 2766 711 2805 C
726 2765 761 2806 P
870 2765 1016 2818 μέλλει
1038 2766 1068 2805 S
1210 2778 1260 2816 19
1289 2764 1483 2818 λέγονται
1506 2765 1546 2805 R
1559 2765 1598 2804 V
1710 2767 1818 2818 αὐτῷ
1839 2766 1865 2804 d

197 2831 252 2858 20
279 2821 412 2873 χρεὼν
434 2820 468 2860 L
676 2833 726 2861 21
757 2839 805 2863 τε
825 2834 906 2861 om.
934 2821 963 2860 S
1166 2834 1218 2859 22
1248 2820 1316 2862 δύο
1336 2823 1411 2861 τοῦ
1430 2819 1691 2875 προκειμένου
1710 2837 1799 2873 ‘7⁶¹‘-
1824 2819 1864 2859 R

196 2877 343 2916 τοῦτον
364 2878 548 2917 κακεῖνον
569 2876 607 2915 R
624 2875 655 2916 S
668 2875 708 2914 V
874 2887 925 2926 25
954 2874 1117 2929 γένοιτο
1137 2875 1296 2915 Athen.
1321 2876 1402 2925 438
1565 2888 1616 2924 27
1647 2874 1865 2926 νεμόμενον

196 2926 296 2969 Ath.
410 2930 612 2986 ἡβητήρια
630 2929 730 2970 Ath.

1627 3013 1702 3055 13*

1974 2465 2086 2489 w
