2098 3320
196 1166 287 1216 150

205 2012 284 2062 151

259 2442 284 2473 t)

960 94 1388 145 HPOAOTOT

330 228 562 281 εἴπαντος
626 226 935 294 Μαιανδρίου
996 227 1023 277 6
1082 225 1368 292 Κλεομένης
1433 226 1739 281 δικαιότατος
1802 227 1994 295 ἀνδρῶν

328 312 535 379 γίνεται,
569 310 623 364 ὃς
652 314 838 376 λαβεῖν
868 312 960 376 μὲν
990 311 1223 376 διδόμενα
1258 310 1345 363 οὐκ
1382 311 1611 371 ἐδικαίου,
1642 311 1814 376 μαθὼν
1843 315 1897 365 δὲ
1928 313 1994 368 ὣς

267 441 277 449 .
329 394 539 447 ἄλλοισι
587 394 748 449 διδοὺς
795 399 895 447 τῶν
944 395 1115 447 ἀστῶν
1163 393 1423 462 εὑρήσεται
1466 396 1719 462 τιμωρίην,
1765 397 1866 461 βὰς
1909 397 1992 450 ἐπὶ

327 479 441 534 τοὺς
471 480 685 546 ἐφόρους
716 478 918 545 ἄμεινον
955 479 1082 532 εἶναι
1119 479 1216 547 ἔφη
1258 480 1317 553 τῇ
1358 478 1559 552 Σπάρτῃ
1595 479 1682 532 τὸν
1712 478 1875 545 ξεῖνον
1904 480 1992 534 τὸν

327 562 516 628 Σάμιον
548 562 979 617 ἀπαλλάσσεσθαι
1009 566 1062 616 ἐκ
1095 567 1182 629 τῆς
1218 562 1631 629 Πελοποννήσου,
1665 566 1746 617 ἵνα
1774 563 1840 631 μὴ
1872 566 1987 619 ἀνα-

326 649 479 720 πείσῃ
509 643 539 712 ἢ
572 647 721 700 αὐτὸν
757 643 786 712 ἢ
819 647 979 701 ἄλλον
1015 650 1126 701 τινὰ
1165 647 1514 715 Σπαρτιητέων
1554 647 1702 701 κακὸν
1737 648 1988 717 γενέσθαι.

326 734 372 784 οἱ
406 732 448 784 δ’
478 731 852 797 ὑπακούσαντες
885 731 1180 799 ἐξεκήρυξαν
1207 731 1528 800 Μαιάνδριον.
1618 732 1707 798 τὴν
1739 735 1791 786 δὲ
1823 732 1992 801 Σάμον

327 817 732 890 σαγηνεύσαντες
784 819 830 869 οἱ
883 816 1080 885 Πέρσαι
1133 816 1418 885 παρέδοσαν
1470 821 1760 871 Συλοσῶντι
1811 818 1991 886 ἔρημον

327 902 512 953 ἐοῦσαν
557 902 763 968 ἀνδρῶν.
851 899 1042 972 ὑστέρῳ
1087 899 1259 968 μέντοι
1302 902 1466 972 χρόνῳ
1515 901 1592 954 καὶ
1639 904 1991 970 συγκατοίκισε

326 984 478 1050 αὐτὴν
509 986 535 1036 6
567 984 844 1053 στρατηγὸς
875 984 1090 1052 Ὀτάνης
1121 987 1174 1039 ἔκ
1205 1008 1259 1038 τε
1290 988 1438 1054 ὄψιος
1475 986 1666 1055 ὀνείρου
1696 987 1777 1040 καὶ
1806 987 1989 1041 νούσου

325 1069 358 1134 ἥ
385 1091 472 1135 μιν
503 1067 755 1136 κατέλαβε
786 1073 1003 1135 νοσῆσαι
1032 1072 1095 1123 τὰ
1125 1073 1300 1123 αἰδοῖα.

409 1153 527 1207 Ἐπὶ
557 1157 610 1207 δὲ
641 1154 812 1220 Σάμον
847 1155 1216 1222 στρατεύματος
1254 1160 1482 1209 ναυτικοῦ
1517 1152 1781 1224 οἰχομένου
1819 1160 1987 1222 Βαβυ-

323 1239 499 1291 λώνιοι
530 1237 842 1304 ἀπέστησαν,
878 1238 1031 1308 κάρτα
1063 1237 1114 1292 εῦ
1154 1237 1633 1308 παρεσκευασμένοι·
1671 1241 1726 1293 ἐν
1756 1241 1860 1311 ὅσῳ
1892 1241 1988 1308 γὰρ

324 1324 353 1374 ὅ
382 1345 436 1376 τε
464 1322 623 1390 μάγος
655 1322 778 1392 ἦρχε
810 1324 887 1375 καὶ
924 1326 971 1376 οἱ
1008 1327 1132 1377 ἑπτὰ
1170 1322 1537 1390 ἐπανέστησαν,
1571 1326 1624 1378 ἐν
1655 1324 1810 1395 τούτῳ
1841 1324 1988 1378 παντὶ

325 1413 392 1477 τῷ
423 1408 588 1478 χρόνῳ
623 1408 702 1460 καὶ
732 1409 790 1480 τῇ
823 1409 1015 1480 ταραχῇ
1040 1411 1091 1463 ἐς
1121 1408 1213 1474 τὴν
1244 1411 1535 1477 πολιορκίην
1566 1408 1986 1477 παρεσκευάδατο.

326 1493 410 1544 καί
455 1514 549 1546 κως
600 1498 754 1545 ταῦτα
802 1498 1054 1548 ποιεῦντες
1107 1492 1400 1546 ἐλάνθανον.
1489 1494 1652 1547 ἐπείτε
1700 1496 1755 1547 δὲ
1801 1495 1855 1546 ἐκ
1900 1498 1987 1546 τοῦ

324 1574 574 1644 ἐμφανέος
610 1575 922 1642 ἀπέστησαν,
963 1579 1208 1643 ἐποίησαν
1244 1578 1452 1631 τοιόνδε·
1498 1580 1588 1633 τὰς
1625 1575 1839 1644 μητέρας
1878 1576 1983 1643 ἐξε-

321 1661 496 1715 λόντες
534 1666 743 1728 γυναῖκα
784 1662 995 1715 ἕκαστος
1035 1664 1153 1727 μίαν
1196 1659 1577 1730 προσεξαιρέετο
1612 1661 1702 1727 τὴν
1743 1662 1986 1728 ἐβούλετο

322 1747 376 1797 ἐκ
406 1750 504 1797 τῶν
536 1748 718 1798 ἑωυτοῦ
747 1746 932 1806 οἰκίων,
965 1748 1054 1801 τὰς
1083 1749 1135 1799 δὲ
1176 1749 1356 1802 λοιπὰς
1387 1746 1587 1801 ἁπάσας
1618 1747 1986 1814 συναγαγόντες

322 1827 615 1895 ἀπέπνιξαν·
660 1829 750 1895 τὴν
781 1833 834 1882 δὲ
863 1831 981 1897 μίαν
1013 1832 1223 1886 ἕκαστος
1257 1830 1514 1884 σιτοποιὸν
1546 1828 1809 1899 ἐξαιρέετο.
1861 1829 1980 1884 ἀπέ-

322 1912 500 1978 πνιξαν
531 1917 585 1967 δὲ
626 1914 792 1985 αὐτάς,
833 1916 914 1967 ἵνα
951 1913 1018 1982 μή
1061 1922 1236 1983 σφεων
1274 1916 1359 1968 τὸν
1401 1920 1543 1969 σῖτον
1579 1915 1982 1982 ἀναισιμώσωσι.

321 1999 597 2064 πυθόμενος
636 2002 690 2051 δὲ
735 2003 889 2052 ταῦτα
936 2000 963 2050 6
1005 2005 1216 2068 Δαρεῖος
1263 2000 1342 2052 καὶ
1384 1998 1634 2065 συλλέξας
1677 2003 1847 2053 πᾶσαν
1893 1998 1984 2064 τὴν

321 2085 504 2135 ἑωυτοῦ
527 2083 732 2149 δύναμιν
763 2084 1086 2152 ἐστρατεύετο
1111 2084 1189 2138 ἐπ’
1214 2084 1404 2144 αὐτούς,
1434 2083 1687 2139 ἐπελάσας
1711 2087 1764 2137 δὲ
1789 2083 1868 2137 ἐπὶ
1892 2082 1982 2148 τὴν

321 2170 606 2232 Βαβυλῶνα
646 2169 937 2235 ἐπολιόρκεε
978 2169 1334 2237 φροντίζοντας
1372 2170 1512 2222 οὐδὲν
1544 2171 1631 2233 τῆς
1676 2169 1979 2235 πολιορκίης.

320 2252 682 2316 ἀναβαίνοντες
734 2254 826 2319 γὰρ
875 2253 955 2306 ἐπὶ
1002 2254 1116 2307 τοὺς
1166 2258 1523 2321 προμαχεῶνας
1570 2258 1654 2305 τοῦ
1697 2253 1890 2322 τείχεος
1935 2253 1982 2304 οἱ

322 2336 641 2401 Βαβυλώνιοι
672 2335 1009 2404 κατωρχέοντο
1043 2337 1122 2389 καὶ
1154 2337 1505 2390 κατέσκωπτον
1537 2342 1751 2405 Δαρεῖον
1783 2335 1862 2388 καὶ
1890 2335 1981 2400 τὴν

325 2418 563 2486 στρατιὴν
612 2421 774 2480 αὐτοῦ,
827 2423 912 2473 καί
949 2442 1023 2476 τις
1068 2422 1227 2474 αὐτῶν
1273 2421 1382 2474 ε’ἳπε
1425 2425 1569 2472 τοῦτο
1615 2420 1672 2472 τὸ
1723 2420 1857 2475 ἔπος·
1915 2420 1987 2472 Τί

323 2502 557 2568 κάτησθε,
584 2502 622 2556 ὦ
654 2503 866 2572 Πέρσαι,
903 2507 1128 2567 ἐνθαῦτα,
1155 2505 1270 2557 ἀλλ’
1302 2505 1386 2557 οὐκ
1411 2503 1836 2564 ἀπαλλάσσεσθε,
1868 2504 1982 2556 τότε

321 2589 416 2655 γὰρ
454 2587 686 2656 αἱρήσετε
723 2586 890 2654 ἡμέας,
927 2591 1076 2642 ἐπεὰν
1111 2589 1306 2654 ἡμίονοι
1329 2586 1527 2641 τέκωσι·
1574 2593 1715 2640 τοῦτο
1747 2587 1855 2640 εἶπε
1883 2592 1981 2640 τῶν

2014 588 2038 629 5

2017 1009 2067 1038 10

2014 1429 2062 1472 15

2011 1854 2062 1884 20

2006 2276 2054 2317 25

377 2738 401 2763 2
439 2727 483 2767 ὃς
517 2738 597 2765 om.
639 2725 759 2765 RV:
798 2727 864 2768 καὶ
895 2726 925 2766 S
1093 2726 1266 2768 ἐδικαίευ
1290 2725 1372 2765 CP
1592 2738 1618 2775 3
1653 2728 1822 2767 διαδιδοῖ
1844 2723 1982 2764 RSV

320 2781 347 2818 6
377 2793 438 2830 pr.
460 2781 486 2829 ἢ
507 2794 588 2820 orn.
614 2780 654 2819 A
667 2780 702 2819 B
720 2780 753 2819 C
905 2794 927 2831 7
958 2782 997 2821 οἵ
1015 2780 1289 2823 πακούσαντες
1312 2780 1352 2819 R
1475 2779 1624 2832 ἐξεκήρ.
1639 2809 1649 2819 .
1671 2810 1681 2821 .
1700 2810 1709 2821 .
1726 2795 1869 2832 σαγην.
1894 2791 1978 2819 om.

322 2833 363 2872 R
379 2834 410 2873 S
424 2834 462 2872 V
599 2848 626 2885 9
656 2835 983 2888 συγκατοίκησεν
1004 2835 1044 2873 R
1062 2836 1092 2875 S
1105 2835 1144 2873 V
1286 2848 1335 2874 10
1363 2834 1482 2876 νόσου
1506 2834 1546 2873 R
1561 2836 1591 2876 S
1605 2834 1643 2873 V
1776 2847 1824 2883 13
1853 2833 1980 2886 κάρτα

321 2900 402 2927 om.
446 2888 477 2927 S
501 2888 540 2926 V
798 2889 1170 2941 παρασκευασμένοι
1201 2889 1241 2927 V
1506 2900 1553 2938 15
1597 2889 1675 2939 τὴν
1711 2901 1793 2928 om.
1831 2888 1871 2926 R
1894 2887 1924 2927 S
1939 2887 1980 2926 V
2049 2911 2059 2914 <

320 2942 666 2994 παρεσκευάζοντο
686 2943 726 2981 Α
741 2943 775 2982 Β
794 2943 833 2981 R
848 2944 878 2984 S
891 2945 929 2983 V
1122 2957 1174 2982 22
1203 2943 1362 2985 ἅπασαν
1384 2943 1421 2981 R
1440 2943 1469 2983 S
1484 2943 1522 2982 V
1721 2943 1774 2982 28
1803 2941 1977 2991 κάθησθε

307 2995 513 3035 -AERV
624 2998 815 3038 aomF„
983 3011 1035 3048 29
1063 2997 1328 3040 mvrczuSV
