2098 3320
213 132 233 144 ·
551 201 554 203 Α
730 118 1106 181 ῐΣΊῸιηΩΝ
1166 134 1209 180 Δ
1842 138 1927 186 IV.
1957 149 2021 198 35

124 262 217 330 μέν
248 284 335 316 νυν
370 264 428 335 τῇ
469 264 725 335 Εἰλειθυίῃ
762 264 1119 331 ἀποφερούσας
1159 263 1270 316 ἀντὶ
1307 268 1393 315 τοῦ
1431 263 1675 316 ὠκυτόκου
1712 263 1799 317 τὸν

125 346 366 412 ἐτάξαντο
397 349 558 415 φόρον
589 347 878 408 ἀπικέσθαι,
904 348 995 413 τὴν
1027 351 1081 400 δὲ
1105 348 1301 416 ’Άργην
1334 370 1387 401 τε
1422 350 1500 401 καὶ
1530 347 1799 413 τὴι·”“Ωπιν

124 432 226 498 ἅμα
256 433 452 485 αὐτοῖσι
483 437 618 484 τοῖσι
648 435 809 484 θεοῖσι
842 431 1111 486 ἀπικέσθαι
1149 432 1364 501 λέγουσι
1403 435 1487 486 καί
1521 441 1618 501 σφι
1655 435 1800 499 τιμὰς

123 515 284 571 ἄλλας
326 517 563 569 δεδόσθαι
606 516 729 584 πρὸς
773 516 967 586 σφέων·
1013 519 1094 570 καὶ
1147 519 1244 585 γὰρ
1289 519 1508 587 ἀγείρειν
1562 524 1661 586 σφι
1711 520 1800 573 τὰς
1834 537 1858 580 3
1885 530 2098 595 νιθῳᾱ.

75 624 98 664 5
122 605 371 668 γυναῖκας,
407 601 811 667 ἐπονομαζούσας
848 604 910 654 τὰ
941 603 1191 668 οὐνόματα
1222 604 1277 654 ἐν
1308 607 1375 672 τῷ
1406 603 1540 672 ὕμνῳ
1579 603 1666 655 τόν
1697 609 1798 670 σφι
1907 598 2094 621 “m

122 684 287 749 Ὠλὴν
338 684 462 753 ἀνὴρ
513 686 693 740 Λύκιος
745 687 968 751 ε’ποίησε,
1027 689 1160 754 παρὰ
1214 689 1267 738 δὲ
1321 686 1497 754 σφέων
1546 687 1798 753 μαθόντας

121 769 368 834 νησιώτας
397 791 450 823 τε
483 770 562 822 καὶ
585 768 767 824 Ἴωνας
796 770 991 836 ὑμνέειν
1017 769 1179 823 φΩπίν
1213 792 1267 823 τε
1291 771 1370 823 καὶ
1395 770 1589 839 ’Ἄργην
1613 770 1794 837 ὀνομά-

124 852 293 918 ζοντάς
322 875 377 907 τε
406 854 487 911 καὶ
518 855 808 922 ἀγείροντας
836 852 998 920 (οὗτος
1029 858 1082 908 δὲ
1107 856 1133 906 ὁ
1156 855 1322 920 Ὠλὴν
1354 856 1434 909 καὶ
1465 856 1579 910 τοὺς
1608 855 1798 911 ἄλλους

120 937 235 992 τοὺς
264 938 507 993 παλαιοὺς
536 940 716 1004 ὕμνους
748 940 957 1004 ἐποίησε
988 941 1042 991 ἐκ
1074 942 1259 1004 Λυκίης
1297 941 1459 992 ἐλθὼν
1489 940 1603 995 τοὺς
1633 942 1791 993 ἀειδο-

48 1044 100 1078 10
119 1022 298 1088 μένους
338 1025 391 1076 ἐν
429 1019 617 1093 Δήλῳ),
665 1025 745 1076 καὶ
785 1028 885 1076 τῶν
924 1024 1116 1091 μηρίων
1159 1023 1562 1092 καταγιζομένων
1602 1026 1682 1078 ἐπὶ
1727 1030 1794 1095 τῷ
1833 1045 1860 1087 4

119 1108 277 1178 βωμῷ
299 1107 391 1173 τὴν
422 1107 612 1161 σποδὸν
642 1107 826 1173 ταύτην
858 1109 939 1162 ἐπὶ
975 1107 1066 1174 τὴν
1099 1107 1256 1174 θήκην
1287 1108 1377 1174 τὴν
1401 1108 1590 1164 Ὤπιός
1625 1131 1682 1163 τε
1715 1111 1795 1162 καὶ

112 1191 304 1260 Ἀργης
340 1192 728 1259 ἀναισιμοῦσθαι
769 1192 1198 1260 ἐπιβαλλομένην.
1288 1194 1318 1259 ἡ
1357 1196 1410 1246 δὲ
1448 1192 1569 1260 θήκη
1607 1194 1796 1247 αὐτέων

120 1276 232 1330 ἐστὶ
255 1278 435 1329 ὄπισθε
453 1281 540 1330 τοῦ
563 1276 896 1344 Ἀρτεμισίου,
923 1277 1048 1345 πρὸς
1071 1278 1143 1344 ἠῶ
1169 1277 1498 1347 τετραμμένη,
1530 1279 1793 1348 ἀγχοτάτω

120 1365 207 1413 τοῦ
238 1363 403 1427 Κηίων
437 1363 754 1429 ἱστιητορίου.

47 1467 95 1507 15
205 1445 302 1498 Καὶ
325 1451 479 1499 ταῦτα
507 1449 599 1512 μὲν
627 1446 981 1515 Ὑπερβορέων
1003 1446 1116 1516 πέρι
1151 1445 1383 1518 εἰρήσθω.
1451 1446 1538 1500 τὸν
1562 1449 1657 1516 γὰρ
1681 1449 1793 1514 περὶ
1831 1451 1901 1510 36

120 1529 359 1598 Ἀβάριος
392 1531 549 1599 λόγον
585 1536 672 1583 τοῦ
706 1531 983 1599 λεγομένου
1021 1532 1144 1585 εἶναι
1174 1531 1517 1599 Ὑπερβορέου
1546 1533 1602 1584 οὐ
1637 1532 1789 1600 λέγω,

120 1611 320 1682 [λέγων]
362 1615 427 1669 ὡς
467 1615 555 1668 τὸν
599 1617 772 1669 ὀϊστὸν
817 1616 1082 1685 περιέφερε
1130 1619 1253 1669 κατὰ
1297 1620 1470 1670 πᾶσαν
1513 1620 1609 1684 γῆν
1650 1619 1792 1671 οὐδὲν

121 1700 425 1765 σιτεόμενος.
502 1702 545 1753 εἶ
575 1700 629 1753 δέ
659 1702 759 1753 εἶσι
788 1702 1096 1769 ὑπερβόρεοί
1123 1722 1253 1755 τινες
1286 1701 1552 1769 ἄνθρωποι,
1581 1702 1680 1754 εἶσὶ
1711 1703 1791 1755 καὶ

119 1785 399 1852 ὑπερνότιοι
430 1784 595 1837 ἄλλοι.
670 1791 803 1853 γελῶ
841 1789 894 1838 δὲ
926 1787 1053 1853 ὁρῶν
1085 1789 1178 1854 γῆς
1208 1787 1465 1854 περιόδους
1496 1785 1792 1854 γράψαντας
1828 1811 1853 1842 2

46 1887 99 1920 20
120 1867 342 1923 πολλοὺς
378 1869 470 1934 ἤδη
515 1869 594 1921 καὶ
636 1869 813 1922 οὐδένα
853 1871 970 1923 νόον
1014 1871 1235 1939 ἐχόντως
1277 1869 1668 1938 ἐξηγησάμενον.
1744 1872 1790 1924 οἳ

119 1951 364 2006 Ὠκεανόν
395 1975 449 2006 τε
470 1953 647 2021 ῥέοντα
676 1954 932 2023 γράφουσι
963 1954 1112 2023 πέριξ
1136 1955 1227 2020 τὴν
1253 1958 1368 2022 γῆν,
1397 1957 1580 2007 ἐοῦσαν
1612 1962 1786 2008 κυκλο-

118 2036 264 2104 τερέα
294 2037 359 2091 ὡς
390 2038 488 2091 ἀπὸ
518 2039 709 2105 τόρνου,
734 2040 813 2091 καὶ
845 2039 936 2104 τὴν
967 2039 1150 2105 Ἀσίην
1180 2040 1238 2113 τῇ
1268 2040 1484 2112 Εὐρώπῃ
1516 2041 1790 2094 ποιεύντων

119 2122 252 2186 ἴσην.
331 2124 384 2175 ἐν
425 2123 648 2190 ὀλίγοισι
687 2125 783 2191 γὰρ
828 2124 925 2191 ἐγὼ
967 2125 1182 2189 δηλώσω
1221 2123 1439 2191 μέγαθός
1479 2146 1534 2176 τε
1575 2124 1789 2190 ἑκάστης

119 2204 308 2258 αὐτέων
340 2208 418 2259 καὶ
449 2209 525 2272 οἵη
558 2209 632 2261 τίς
663 2210 773 2260 ε’στι
805 2210 856 2262 ἐς
885 2208 1088 2276 γραφὴν
1120 2207 1323 2273 ἑκάστη.

44 2307 93 2350 ²5
203 2289 401 2357 Πέρσαι
444 2291 662 2344 οἰκέουσι
708 2291 1002 2357 κατήκοντες
1045 2294 1127 2346 ἐπὶ
1168 2292 1259 2357 τὴν
1303 2294 1472 2359 νοτίην
1517 2292 1786 2347 θάλασσαν
1823 2309 1888 2359 37

117 2372 209 2439 τὴν
257 2374 500 2444 Ἐρυθρὴν
553 2365 875 2443 καλεομένην·
939 2378 1128 2445 τούτων
1180 2376 1221 2428 δ’
1265 2377 1611 2445 ὑπεροικέουσι
1663 2378 1786 2445 πρὸς

117 2457 303 2526 βορέην
334 2459 516 2527 ἄνεμον
548 2464 730 2526 Μῆδοι,
766 2460 955 2526 Μήδων
985 2464 1038 2513 δὲ
1075 2461 1370 2528 Σάσπειρες,
1406 2464 1701 2529 Σασπείρων
1733 2466 1785 2515 δὲ

175 2609 192 2637 1
227 2597 406 2652 Εἷλιθυίῃ
426 2597 464 2637 Α
479 2598 514 2637 Β
529 2599 563 2638 C
702 2599 921 2641 ὠκυτοκίου
943 2599 1104 2639 Reiske
1290 2613 1315 2639 2
1344 2599 1418 2641 alt.
1441 2602 1517 2650 τὴν
1537 2614 1618 2640 om.
1645 2600 1684 2640 A
1701 2601 1735 2640 B
1749 2601 1783 2641 C

117 2663 142 2701 3
172 2660 268 2704 σφοι
291 2652 331 2691 R
497 2656 524 2692 6
553 2654 706 2703 ὠλὴν-ι-
736 2654 773 2693 R
907 2655 1050 2695 Λύκιος
1071 2655 1169 2707 ἀνὴρ
1192 2654 1277 2693 PR
1292 2655 1373 2694 SV
1538 2657 1565 2695 8
1595 2659 1616 2696 ὁ
1636 2669 1719 2696 om.
1744 2657 1781 2694 R

120 2718 166 2746 11
189 2707 432 2748 σπονδὸνδε
459 2707 603 2749 έποδον
618 2708 657 2747 Α
672 2708 706 2747 Β
792 2711 870 2759 τὴν
883 2708 947 2750 Ὤ.
969 2709 1082 2748 RV:
1110 2712 1183 2758 τῆς
1197 2710 1264 2750 Ὤ.
1285 2709 1374 2749 rell.
1494 2722 1541 2759 13
1564 2711 1784 2788 ἆγχοτάτη

119 2760 158 2799 R
173 2759 203 2799 S
217 2761 254 2799 V
423 2775 471 2811 14
515 2767 630 2813 Κηῶν
664 2767 869 2817 ἐστικτορ.
906 2764 945 2802 R
960 2763 1041 2803 SV
1222 2766 1270 2802 16
1309 2763 1520 2814 Ἀβάριδος
1556 2765 1595 2803 R
1645 2779 1779 2815 marg.

116 2815 364 2870 Ὑπερβορέω
384 2816 424 2855 Α
437 2817 472 2856 Β
487 2818 520 2856 C
691 2830 738 2868 17
770 2818 908 2872 λέγων
934 2819 1016 2858 del.
1044 2818 1207 2858 Reiske
1378 2831 1426 2869 19
1455 2822 1578 2874 ὖρεων
1601 2819 1634 2858 Ρ
1647 2820 1686 2859 R
1702 2821 1732 2860 S
1745 2821 1783 2859 V

115 2883 170 2910 20
198 2870 371 2923 ἔχοντας
394 2871 440 2923 L,
463 2885 571 2913 corr.
597 2872 768 2913 Dobree
877 2874 924 2914 ὃν
946 2873 979 2912 C
1118 2886 1165 2912 21
1197 2876 1279 2927 γῆν
1298 2886 1381 2914 om.
1405 2874 1439 2914 C
1569 2887 1622 2913 22
1650 2875 1782 2929 ποιεύ-

114 2941 197 2966 των
232 2925 272 2964 R
521 2940 574 2978 23
614 2928 742 2981 ὂλίγω
777 2927 807 2967 S
828 2927 867 2967 V
1120 2941 1174 2978 24
1219 2930 1282 2978 οἵη
1319 2928 1402 2980 τίς]
1440 2930 1517 2980 ὅση
1550 2946 1599 2971 τε
1626 2929 1667 2969 Α
1689 2929 1724 2969 Β
1746 2929 1781 2969 C

114 2991 168 3030 25
196 2978 375 3035 (Ἀσίην)
394 2980 543 3037 Πέρσαι
566 2982 952 3033 Schweighaeuser
1063 2984 1117 3021 26
1137 2983 1316 3026 τουτέων
1332 2982 1372 3024 R
1386 2983 1416 3024 S
1429 2984 1468 3025 V
1578 2997 1629 3035 27
1651 2983 1780 3038 βορέω

116 3033 262 3088 ἀνέμου
284 3036 324 3077 R
338 3036 368 3078 S
380 3036 420 3078 V
529 3037 718 3093 Σάπειρες
738 3038 942 3093 Σαπείρων
964 3036 998 3077 Ρ
1013 3037 1051 3077 R
1066 3037 1097 3079 S
1109 3038 1148 3078 V
