2098 3320
755 13 1133 90 ΙΣΤΟΡΙΩΝ
1195 40 1235 89 Γ
1879 0 2064 104 111}23

170 171 501 226 κατασκόπων
541 172 653 238 περὶ
692 175 791 241 τῶν
834 169 986 223 ἐτέων
1030 169 1112 223 ἐπὶ
1157 167 1341 237 κρήνην
1387 175 1485 237 σφι
1527 166 1837 237 ἡγήσασθαι,

169 255 265 310 ἀπ’·
283 256 342 322 ἧς
372 255 1003 323 λουόμενοιλιπαρώτεροι
1034 256 1279 322 ἐγίνοντο,
1316 252 1440 307 κατά
1471 275 1564 322 περ
1595 255 1638 306 εἰ
1669 256 1839 306 ἐλαίου

169 342 263 406 εἴη·
308 341 439 406 ὄζειν
479 343 532 393 δὲ
571 339 655 392 ἀπ’
697 339 845 406 αὐτῆς
886 340 951 394 ὡς
992 341 1035 392 εἰ
1071 341 1176 392 ἵων.
1266 340 1478 393 ἀσθενὲς
1519 338 1574 391 δὲ
1613 338 1671 391 τὸ
1711 341 1841 406 ὕδωρ
1882 363 1906 406 3

167 428 256 490 τῆς
288 423 468 493 κρήνης
497 425 677 490 ταύτης
712 426 836 477 οὕτω
874 424 934 491 δή
972 446 1019 477 τι
1059 424 1240 492 ἔλεγον
1276 423 1404 476 εἶναι
1444 426 1491 476 οἱ
1531 422 1840 477 κατάσκοποι

121 531 146 575 5
169 510 302 563 ὥστε
330 512 484 576 μηδὲν
525 510 632 562 οἶόν
672 508 716 561 τ’
748 509 876 563 εἶναι
911 508 988 562 ἐπ’
1029 508 1177 561 αὐτοῦ
1213 505 1488 567 ἐπιπλέειν,
1522 508 1648 574 μήτε
1687 507 1838 574 ξύλον

168 593 294 662 μήτε
336 599 434 647 τῶν
472 595 571 646 ὅσα
609 592 761 659 ξύλου
799 595 909 646 ἐστὶ
952 595 1279 662 ἐλαφρότερα,
1319 595 1454 646 ἀλλὰ
1495 591 1660 646 πάντα
1700 594 1838 661 σφέα

169 677 379 749 χωρέειν
409 680 460 733 ἐς
488 679 709 745 βυσσόν.
783 678 841 731 τὸ
871 681 924 732 δὲ
946 680 1075 746 ὕδωρ
1098 683 1243 730 τοῦτο
1274 680 1321 731 εἵ
1349 678 1452 746 σφί
1481 680 1590 730 ἐστι
1614 678 1840 743 ἀληθέως

169 764 277 818 οἶόν
311 785 362 816 τι
395 762 614 831 λέγεται,
647 765 727 816 διὰ
760 767 906 816 τοῦτο
942 763 1005 816 ἂν
1043 763 1160 823 ε’ἶεν,
1192 764 1349 833 τούτῳ
1379 765 1442 815 τὰ
1478 762 1642 815 πάντα
1678 765 1833 832 χρεώ-

167 869 323 915 μενοι,
368 849 651 916 μακρόβιοι.
743 847 842 901 ἆπὸ
886 851 975 913 τῆς
1029 847 1208 915 κρήνης
1259 851 1313 901 δὲ
1359 847 1838 914 ἀπαλλασσομένων
1876 870 1903 912 4

95 954 146 984 ιο
168 933 376 1001 ἀγαγεῖν
414 931 580 1000 σφέας
621 934 672 987 ἐς
717 931 1056 1001 δεσμωτήριον
1096 934 1303 1000 ἀνδρῶν,
1338 932 1458 984 ἔνθα
1494 931 1610 986 τοὺς
1649 932 1838 987 πάντας

168 1019 223 1070 ἐν
257 1016 442 1090 πέδῃσι
477 1017 726 1090 χρυσέῃσι
765 1017 1012 1070 δεδέσθαι.
1103 1018 1214 1070 ἔστι
1255 1020 1308 1069 δὲ
1348 1019 1403 1069 ἐν
1443 1018 1664 1069 τούτοισι
1704 1023 1839 1070 τοῖσι

168 1103 379 1170 Αἰθίοψι
429 1101 629 1155 πάντων
676 1104 703 1153 ὁ
753 1102 944 1171 χαλκὸς
997 1103 1342 1155 σπανιώτατον
1391 1102 1470 1153 καὶ
1522 1102 1834 1167 τιμιώτατον.

167 1185 469 1253 θεησάμενοι
507 1189 561 1239 δὲ
601 1187 681 1240 καὶ
720 1191 776 1239 τὸ
817 1186 1155 1255 δεσμωτήριον
1194 1184 1470 1252 ἐθεήσαντο
1512 1187 1591 1239 καὶ
1626 1186 1716 1250 τὴν
1752 1191 1839 1238 τοῦ

165 1271 312 1336 ἡλίου
356 1270 638 1339 λεγομένην
697 1271 959 1339 τράπεζαν.
1045 1274 1172 1338 μετὰ
1199 1273 1270 1334 Γδὲ
1314 1271 1498 1336 ταύτην
1548 1273 1838 1326 τελευταίας
1873 1285 1940 1334 24

95 1377 140 1418 15
167 1354 441 1421 ἐθεήσαντο
480 1358 571 1411 τὰς
609 1356 762 1423 θήκας
808 1356 985 1417 αὐτῶν,
1028 1357 1079 1409 αἲ
1122 1356 1360 1424 λέγονται
1405 1355 1737 1420 σκευάζεσθαι
1783 1356 1841 1421 ἐξ

0 1475 82 1502 m
165 1439 323 1512 {1de
350 1442 516 1512 τρόπῳ
550 1445 741 1495 τοιῶδε·
786 1443 939 1494 ἐπεὰν
975 1441 1063 1494 τὸν
1092 1440 1269 1508 νεκρὸν
1308 1439 1606 1509 ἰσχνήνωσι,
1641 1442 1740 1493 εἴτε
1776 1441 1833 1505 δὴ
1875 1440 2098 1537 zm

167 1523 291 1577 κατά
330 1545 423 1593 περ
463 1526 726 1594 Αἰγύπτιοι
767 1529 863 1580 εἴτε
905 1525 1074 1580 ἄλλως
1115 1548 1227 1587 κως,
1264 1526 1600 1593 γυψώσαντες
1640 1524 1837 1578 ἅπαντα

166 1609 315 1662 αὐτὸν
343 1611 514 1683 γραφῇ
547 1610 834 1677 κοσμέουσι,
862 1610 1199 1677 ἐξομοιεῦντες
1223 1610 1280 1663 τὸ
1304 1610 1432 1664 εἶδος
1455 1612 1505 1664 ἐς
1528 1609 1585 1662 τὸ
1608 1611 1832 1670 δυνατόν,

165 1694 338 1748 ἔπειτα
361 1693 416 1748 δέ
436 1697 484 1748 οἱ
506 1699 796 1763 περιιστᾶσι
821 1695 1013 1762 στήλην
1036 1695 1096 1762 ἐξ
1121 1695 1277 1748 ὑάλου
1299 1694 1636 1760 πεποιημένην
1661 1695 1835 1760 κοίλην

91 1798 141 1828 20
162 1774 210 1844 (ἡ
251 1778 307 1832 δέ
347 1776 446 1848 σφι
485 1779 652 1845 πολλὴ
694 1781 773 1833 καὶ
819 1780 1021 1849 εὐεργὸς
1065 1774 1370 1848 ὀρύσσεται)·
1409 1782 1464 1832 ἐν
1507 1778 1640 1852 μέσῃ
1684 1782 1738 1831 δὲ
1774 1780 1834 1851 τῇ
1873 1803 1897 1846 3

165 1862 327 1937 στήλῃ
374 1865 526 1918 ἐνεὼν
573 1867 887 1934 διαφαίνεται
939 1867 965 1916 ὁ
1017 1864 1175 1926 νέκυς,
1230 1865 1343 1917 οὔτε
1393 1863 1551 1931 ὀδμὴν
1601 1864 1834 1930 οὐδεμίαν

165 1947 345 2018 ἄχαριν
375 1950 715 2018 παρεχόμενος
744 1951 857 2003 οὔτε
887 1949 1017 2002 ἄλλο
1047 1951 1206 2005 ἀεικὲς
1230 1948 1390 2002 οὐδέν·
1440 1950 1518 2002 καὶ
1542 1948 1648 2017 ἔχει
1672 1947 1835 2001 πάντα

165 2035 359 2101 φανερὰ
389 2035 569 2100 ὁμοίως
601 2034 730 2105 αὐτῷ
760 2040 827 2087 τῶ
858 2034 1006 2088 νέκυϊ.
1081 2034 1307 2088 ἐνιαυτὸν
1336 2037 1429 2100 μὲν
1452 2033 1510 2099 δὴ
1536 2034 1712 2102 ἔχουσι
1743 2033 1834 2098 τὴν
1867 2044 1980 2100 4&-
2002 2042 2098 2079 uod

165 2116 360 2183 στήλην
400 2120 456 2171 ἐν
485 2123 622 2171 τοῖσι
660 2121 862 2172 οἰκίοισι
902 2123 948 2172 οἱ
987 2119 1214 2186 μάλιστα
1251 2118 1590 2187 προσήκοντες
1631 2117 1832 2171 πάντων
1931 2095 2098 2149 ‘⁶⁰4⁴‘

91 2220 138 2262 25
163 2222 218 2254 τε
248 2202 585 2272 ἀπαρχόμενοι
617 2204 696 2256 καὶ
726 2204 902 2259 θυσίας
930 2207 977 2257 οἱ
1017 2203 1376 2272 προσάγοντες·
1421 2204 1546 2269 μετὰ
1586 2206 1639 2256 δὲ
1677 2208 1833 2255 ταῦτα

165 2286 517 2353 ἐκκομίσαντες
569 2290 742 2341 ἶστᾶσι
785 2290 896 2356 περὶ
940 2288 1030 2354 τὴν
1074 2290 1240 2341 πόλιν.
1325 2287 1627 2354 θεησάμενοι
1671 2290 1724 2339 δὲ
1768 2290 1933 2353 τὰ,25

162 2369 325 2424 πάντα
341 2373 386 2424 οἱ
408 2371 715 2426 κατάσκοποι
732 2372 1138 2450 ἀπαλλάσσοντο
1158 2374 1338 2427 ὀπίσω.
1413 2371 1830 2440 ἀπαγγειλάντων

220 2523 238 2549 1
292 2511 387 2565 σφι]
428 2511 520 2553 τινά
559 2513 682 2564 σφι(η
705 2512 835 2565 R)mv
877 2512 915 2551 R
942 2513 972 2552 S
995 2512 1033 2552 V
1287 2526 1312 2551 2
1359 2510 1620 2565 γί(γ)νονται
1672 2511 1711 2548 R
1737 2510 1768 2550 S
1792 2512 1830 2550 V

160 2576 188 2614 3
235 2564 306 2618 τὸ]
345 2567 409 2608 καὶ
447 2567 495 2608 τὸ
534 2566 574 2606 R
588 2567 669 2607 SV
903 2581 924 2618 7
975 2570 1124 2621 χωρεῖν
1172 2567 1263 2606 RV
1278 2567 1350 2618 (S)
1528 2566 1653 2614 βυθόν
1693 2565 1732 2603 R
1748 2565 1778 2604 S
1793 2566 1830 2605 V

161 2621 188 2659 8
217 2618 407 2674 λέγεται]
430 2629 470 2661 λ.
493 2624 584 2663 ἐστι
602 2621 643 2661 Α
657 2622 692 2661 Β
708 2622 742 2663 C
945 2635 995 2662 10
1025 2623 1141 2675 ἄγειν
1164 2621 1202 2661 R
1219 2621 1250 2662 S
1264 2622 1302 2661 V
1470 2633 1519 2671 13
1540 2628 1582 2660 et
1607 2633 1655 2670 15
1687 2620 1826 2670 ἐθηήσ.

162 2674 197 2714 C
213 2674 247 2713 P
261 2675 300 2714 R
314 2675 354 2715 V
503 2689 549 2727 15
580 2677 605 2718 ἃ
624 2677 658 2716 C
771 2680 815 2730 ἐξ
833 2676 959 2719 ὑάλου
981 2677 1019 2715 R
1036 2678 1066 2717 S
1080 2677 1136 2716 Vc
1154 2691 1163 2715 ε
1195 2680 1236 2729 ἐξ
1256 2676 1409 2718 ὑάλλου
1428 2675 1483 2715 V¹
1501 2690 1509 2715 z
1556 2679 1598 2727 ἐξ
1624 2675 1744 2717 ὑέλου
1769 2675 1825 2715 P:

164 2732 209 2771 ἐκ
230 2729 352 2782 ξύλου
370 2729 410 2769 Α
425 2730 460 2769 Β
474 2731 509 2770 C
624 2733 675 2772 16
702 2733 931 2785 ἶσχήνωσιν
952 2732 991 2771 R
1009 2747 1017 2773 ε
1051 2732 1307 2784 ἴσχνήσωσιν
1328 2731 1362 2770 C
1552 2732 1601 2769 18
1629 2734 1826 2781 κοσμοῦσι

162 2784 203 2823 Α
219 2783 254 2822 Β
267 2785 301 2824 C
317 2785 352 2824 P
463 2786 755 2839 ἐξομοιούμενοι
776 2787 807 2827 S
1005 2800 1055 2838 19
1085 2790 1128 2839 ἐξ
1146 2785 1301 2828 ὑάλλου
1323 2785 1363 2824 R
1383 2799 1392 2823 ε
1421 2784 1463 2823 Α
1478 2785 1512 2823 Β
1526 2785 1559 2825 C
1576 2785 1610 2824 P
1629 2791 1674 2825 ut
1696 2798 1827 2836 supra

162 2852 217 2879 20
250 2842 422 2894 εὔεργῶς
454 2840 523 2879 R:
562 2844 783 2896 εὖεργετῶς
814 2842 896 2883 SV
1061 2853 1109 2880 21
1144 2840 1235 2882 οὐδὲ
1263 2840 1360 2892 μίην
1390 2839 1528 2879 R·SV
1694 2852 1745 2890 25
1777 2857 1824 2881 τε

162 2907 244 2935 om.
267 2894 307 2934 A
322 2895 355 2935 Β
370 2895 402 2934 C
419 2896 453 2935 P
563 2896 780 2952 ἀρχόμενοι
802 2897 836 2937 C
1004 2910 1053 2949 27
1087 2895 1426 2939 ἀπαλλάσσονται
1449 2895 1488 2934 R
1505 2894 1534 2933 S
1549 2894 1587 2934 V
