2098 3320
745 472 1107 534 ΙΣΤΟΡΙΩΝ
1193 480 1242 533 Γ

239 646 356 702 Ἐπὶ
386 650 558 701 τοῦτον
587 645 646 711 δὴ
683 650 770 699 τὸν
795 644 1018 713 Ἄμασιν
1059 647 1341 714 Καμβύσης
1378 649 1405 699 6
1442 649 1606 717 Κύρου
1643 653 1820 719 ε’στρα-
1860 675 1883 711 1

153 732 338 792 τεύετο,
378 731 514 799 ἄγων
560 730 639 783 καὶ
684 729 872 785 ἄλλους
915 736 1015 784 τῶν
1059 730 1182 801 ἦρχε
1224 734 1302 785 καὶ
1346 732 1612 799 Ἑλλήνων
1644 735 1824 791 Ἴωνάς

151 838 208 871 τε
258 816 338 870 καὶ
389 814 621 875 Αἰολέας,
671 815 733 868 δι’
789 817 951 882 αἰτίην
1001 815 1214 882 τοιήνδε·
1281 816 1490 885 πέμψας
1542 821 1823 886 Καμβύσης

154 903 206 956 ἐς
242 902 496 968 Αἴγυπτον
540 898 724 967 κήρυκα
765 902 898 954 αἴτεε
931 900 1156 967 ’Ἄμασιν
1197 898 1457 969 θυγατέρα,
1501 905 1629 956 αἴτεε
1671 907 1723 957 δὲ
1768 907 1822 957 ἐκ

108 988 344 1053 ὄβουλῆς
389 984 565 1053 ἀνδρὸς
610 986 900 1052 Αἰγυπτίου,
947 985 1001 1040 ὃς
1044 988 1363 1055 μεμφόμενος
1409 986 1596 1052 Ἀμάσι
1641 988 1821 1057 ἔπρηξε

150 1075 302 1122 ταῦτα
343 1070 422 1122 ὅτι
466 1090 550 1135 μιν
576 1068 653 1135 ’ἐξ
689 1068 921 1122 ἁπάντων
961 1075 1060 1122 τῶν
1103 1072 1157 1123 ἐν
1186 1071 1432 1145 ,Αἰγύπτῳ
1476 1073 1654 1139 ἰητρῶν
1695 1075 1815 1126 ἀπο-

152 1154 356 1208 σπάσας
416 1153 515 1206 ἀπὸ
574 1155 834 1222 γυναικός·
863 1176 919 1207 τε
978 1155 1057 1207 καὶ
1110 1155 1298 1208 τέκνων
1351 1156 1553 1208 ἔκδοτον
1612 1158 1820 1222 ε’ποίησε

152 1241 203 1293 ἐς
234 1238 454 1306 Πέρσας,
489 1240 572 1290 ὅτε
607 1242 769 1307 Κῦρος
810 1238 1016 1307 πέμψας
1056 1242 1189 1307 παρὰ
1224 1239 1445 1305 Ἀμασιν
1484 1242 1615 1293 αἴτεε
1654 1242 1820 1309 ἰητρὸν

91 1382 94 1385 ,
151 1324 444 1391 ὀφθαλμῶν,
493 1321 549 1376 ὃς
599 1325 673 1388 εἴη
724 1323 927 1390 ἄριστος
973 1329 1072 1376 τῶν
1120 1325 1173 1376 ἐν
1221 1324 1472 1394 Αἰγύπτῳ.
1560 1330 1711 1377 ταῦτα
1759 1326 1817 1392 δὴ
1853 1349 1878 1380 2

81 1426 128 1457 10
150 1407 554 1476 ἐπιμεμφόμενος
606 1408 632 1458 6
680 1407 950 1475 Αἰγύπτιος
996 1410 1143 1476 ἐνῆγε
1183 1409 1241 1480 τῇ
1284 1413 1551 1482 συμβουλῇ
1603 1410 1819 1463 κελεύων

150 1490 332 1545 αἰτέειν
354 1491 442 1544 τὸν
476 1492 756 1559 Καμβύσεα
782 1490 1004 1558 Ἀμασιν
1036 1491 1294 1560 θυγατέρα,
1321 1494 1402 1544 ἵνα
1431 1489 1460 1557 ἢ
1492 1493 1606 1548 δοὺς
1637 1495 1817 1565 ἀνιῷτο

148 1572 180 1642 ἢ
211 1575 278 1643 μὴ
320 1576 433 1631 δοὺς
474 1578 729 1649 Καμβύσῃ
768 1576 1056 1646 ἀπέχθοιτο.
1145 1578 1172 1628 ὁ
1209 1579 1262 1629 δὲ
1284 1577 1506 1644 Ἀμασις
1542 1586 1603 1651 τῇ
1642 1578 1817 1644 δυνάμι

147 1665 247 1715 τῶν
278 1654 521 1729 Περσέων
553 1663 832 1731 ἀχθόμενος
868 1662 946 1714 καὶ
971 1659 1230 1729 ἀρρωδέων
1253 1662 1340 1714 οὐκ
1371 1661 1477 1730 εἶχε
1506 1662 1618 1715 οὔτε
1649 1666 1818 1716 δοῦναι

147 1746 260 1799 οὔτε
307 1745 639 1814 ἀρνήσασθαι·
703 1747 755 1799 εὖ
805 1749 902 1815 γὰρ
949 1746 1194 1811 ἠπίστατο
1239 1747 1315 1798 ὅτι
1360 1746 1447 1797 οὐκ
1495 1747 1560 1800 ὡς
1607 1747 1815 1814 γυναῖκά

76 1849 124 1893 ¹5
145 1851 230 1897 μιν
276 1831 461 1897 ἔμελλε
513 1831 794 1898 Καμβύσης
843 1828 973 1894 ἕξειν
1019 1829 1137 1884 ἀλλ’
1184 1831 1248 1885 ὡς
1290 1831 1574 1896 παλλακήν.
1662 1836 1817 1884 ταῦτα

148 1914 206 1980 δὴ
244 1916 623 1984 ἐκλογιζόμενος
661 1918 871 1981 ἐποίησε
916 1914 1050 1967 τάδε·
1098 1914 1158 1980 ἣν
1195 1915 1410 1982 Ἀπρίεω
1446 1920 1533 1968 τοῦ
1576 1914 1816 1983 προτέρου

147 1993 394 2065 βασιλέος
425 1999 642 2069 θυγάτηρ
675 1999 828 2068 κάρτα
856 1999 1051 2067 μεγάλη
1096 2021 1152 2052 τε
1190 2000 1270 2051 καὶ
1307 1998 1510 2065 εὐειδής,
1542 2000 1697 2065 μούνη
1729 2004 1815 2052 τοῦ

146 2085 282 2137 οἴκου
325 2084 642 2152 λελειμμένη,
689 2085 875 2151 οὕνομα
919 2083 975 2136 δέ
1020 2087 1066 2137 οἱ
1112 2083 1172 2148 ἧν
1219 2085 1439 2149 Νίτητις.
1528 2084 1710 2149 ταύτην
1754 2084 1812 2149 δὴ

145 2167 236 2234 τὴν
266 2172 417 2222 παῖδα
447 2171 474 2220 6
507 2169 727 2235 ’Ἄμασις
765 2168 1027 2235 κοσμήσας
1068 2169 1247 2233 ε’σθῆτί
1279 2190 1333 2221 τε
1371 2169 1449 2220 καὶ
1485 2173 1655 2239 χρυσῷ
1688 2170 1810 2220 ἀπο-

74 2270 126 2302 20
146 2251 328 2319 πέμπει
371 2255 422 2308 ἐς
456 2252 661 2321 Πέρσας
702 2254 768 2308 ὡς
802 2257 985 2306 ἑωυτοῦ
1024 2251 1284 2320 θυγατέρα.
1370 2254 1496 2318 μετὰ
1536 2256 1590 2305 δὲ
1625 2253 1811 2320 χρόνον
1850 2275 1878 2316 4

145 2337 227 2391 ὥς
254 2359 340 2404 μιν
386 2337 640 2403 ἠσπάζετο
683 2334 1015 2405 (Καμβύσης)
1060 2338 1308 2404 πατρόθεν
1356 2336 1625 2402 ὀνομάζων,
1671 2336 1811 2404 λέγει

145 2421 267 2489 πρὸς
323 2422 474 2475 αὐτὸν
529 2422 560 2488 ἡ
620 2427 752 2477 παῖς·
819 2421 894 2474 ³52
952 2426 1189 2486 βασιλεῦ,
1253 2420 1657 2487 διαβεβλημένος
1714 2421 1810 2473 ὑπὸ

144 2505 385 2572 Ἀμάσιος
428 2506 486 2559 οὗ
523 2505 806 2572 μανθάνεις,
850 2505 903 2560 ὃς
947 2505 1035 2571 ἐμέ
1074 2527 1158 2557 σοι
1187 2506 1370 2575 ’κόσμῳ
1412 2504 1640 2570 ἀσκήσας
1685 2504 1806 2557 ἀπέ-

141 2596 329 2659 πεμψε,
380 2591 446 2646 ὡς
497 2594 680 2644 ἑωυτοῦ
727 2590 973 2658 θυγατέρα
1021 2590 1200 2650 διδούς,
1255 2591 1437 2642 ἐοῦσαν
1487 2597 1548 2662 τῇ
1600 2591 1808 2660 ἀληθείῃ

1853 1853 1877 1896 Q)

195 2739 222 2766 2
251 2728 315 2770 καὶ
337 2727 512 2780 ἄλλους]
534 2729 686 2770 ἄλλους
706 2745 754 2769 τε
777 2728 816 2766 R
832 2727 862 2767 S
877 2727 915 2766 V
1044 2738 1069 2777 5
1100 2727 1352 2778 συμβουλίης
1375 2726 1414 2764 R
1431 2726 1460 2765 S
1474 2726 1513 2765 V
1531 2739 1539 2765 :
1570 2730 1807 2778 συμβουλῆς

140 2780 262 2821 Theo
280 2795 400 2833 prog.
423 2794 499 2834 193
600 2781 747 2833 Ἀμάσι
770 2782 969 2832 Lhardy:
992 2782 1171 2832 Ἄμασιν
1192 2781 1226 2820 L
1397 2794 1446 2820 10
1475 2782 1701 2835 συμβουλίῃ
1723 2781 1756 2820 C
1774 2781 1808 2819 P

145 2848 195 2875 12
225 2836 386 2887 δυνάμει
409 2837 443 2877 L
657 2850 706 2887 14
737 2838 779 2879 εὖ
798 2839 877 2890 γὰρ
897 2836 1120 2887 ἠπίστατο]
1147 2836 1345 2877 ἐπίστατο
1364 2838 1442 2889 γὰρ
1465 2836 1503 2873 R
1520 2836 1549 2875 S
1566 2836 1603 2874 V
1728 2838 1807 2887 οὐχ
1871 2856 1875 2861 ·

142 2891 182 2930 Α
197 2891 233 2930 Β
248 2891 282 2931 C
298 2892 332 2931 P
497 2903 545 2943 15
574 2891 764 2941 παλακήν
784 2892 824 2931 Α
839 2891 874 2930 Β
890 2892 923 2931 C
944 2892 1070 2943 (corr.
1098 2891 1138 2940 Ι)
1160 2890 1198 2928 V
1359 2893 1407 2929 16
1434 2889 1554 2941 τάδε]
1575 2894 1705 2931 ταῦτα
1724 2891 1758 2930 C
1774 2890 1808 2928 P

144 2946 194 2984 18
222 2945 292 2997 δὴ]
313 2946 359 2987 δὲ
379 2946 412 2986 C
429 2946 460 2986 S
625 2959 673 2986 21
708 2945 928 2998 Καμβύσης
949 2946 1045 2987 add.
1072 2945 1194 2984 Stein
1362 2958 1411 2994 24
1443 2944 1624 2994 ἀληθείαι
1644 2944 1685 2984 Α
1699 2944 1734 2984 Β

195 3039 297 3069 un‘r.
321 3041 349 3070 1.
1591 3028 1641 3068 15
