2098 3320
252 78 256 97 1

732 109 1108 165 ΙΣΤΟΡΙΩΝ
1173 119 1217 165 Δ
1851 124 1938 174 IV.
1967 127 2060 177 180

145 248 192 300 οἱ
234 245 409 313 ἄνδρες
452 245 832 312 τρίτου-μηνός,
883 246 962 298 καὶ
1007 249 1073 318 τῷ
1111 248 1171 300 ἂν
1217 250 1326 321 οἴκῃ
1378 254 1477 304 τῶν
1521 251 1711 319 ἀνδρῶν
1755 253 1810 306 τὸ
1833 244 2065 328 una-¹2¹¹!

145 331 357 390 παιδίον,
391 329 566 382 τούτου
596 335 712 383 παῖς
742 331 1005 395 νομίζεται.
2026 315 2098 341 *⁶

154 487 158 493 .
228 414 384 468 Οὗτοι
441 415 533 479 μὲν
592 416 637 466 οἳ
698 414 1109 481 παραθαλάσσιοι
1168 421 1265 478 τῶν
1326 417 1553 484 νομάδων
1604 420 1810 486 Λιβύων
1849 427 1928 474 181

30 543 39 567 a
145 499 377 568 εἰρέαται,
424 499 547 566 ὑπὲρ
592 500 646 551 δὲ
689 499 879 551 τούτων
923 501 974 554 ἐς
1017 501 1295 568 μεσόγαιαν
1339 503 1367 567 ἡ
1417 504 1656 571 θηριώδης
1700 506 1811 557 ἐστὶ

28 638 30 640 ,
97 609 119 651 5
145 584 328 652 Λιβύη,
381 585 504 651 ὑπὲρ
556 585 611 635 δὲ
659 586 747 648 τῆς
800 584 1063 650 θηριώδεος
1115 586 1275 652 ὀφρύη
1335 586 1545 654 ψάμμης
1596 586 1808 653 κατήκει,
1850 590 2000 660 ”²⁴³2

26 683 27 686 ’
144 669 512 737 παρατείνουσα
547 666 644 720 ἀπὸ
678 666 899 734 Θηβέων
939 674 1038 721 τῶν
1072 669 1384 736 Αἰγυπτιέων
1423 671 1498 724 ἐπ’
1526 671 1812 739 Ἡρακλέας
2049 669 2055 674 ’

145 752 357 819 στήλας.
446 754 498 805 ἐν
530 754 582 804 δὲ
611 759 671 825 τῇ
700 752 861 824 ὀφρύῃ
893 754 1045 825 ταύτῃ
1077 752 1299 818 μάλιστα
1330 757 1409 807 διὰ
1439 754 1557 807 δέκα
1590 756 1811 825 ἡμερέων
1851 778 1876 810 2

145 840 258 891 ὁδοῦ
282 837 403 892 ἁλός
427 838 537 889 ἐστι
560 837 752 906 τρύφεα
777 839 899 889 κατὰ
922 838 1159 907 χόνδρους
1183 838 1431 906 μεγάλους
1452 842 1502 892 ἐν
1524 846 1807 901 κολωνοῖσι,
1834 856 2046 894 mam
2063 882 2073 890 .

147 923 226 975 καὶ
257 924 311 974 ἐν
343 922 591 993 κορυφῇσι
621 919 835 973 ἑκάστου
865 926 952 973 τοῦ
985 927 1206 974 κολωνοῦ
1236 924 1540 992 ἀνακ-ρντίζει
1570 927 1624 976 ἐκ
1654 924 1810 990 μέσου
1825 930 1988 979 Sko-G
2010 939 2098 1000 ur

74 1029 121 1059 10
144 1011 232 1060 τοῦ
267 1005 389 1061 ἁλὸς
424 1007 552 1073 ὕδωρ
592 1005 793 1080 ψυχρὸν
834 1006 912 1057 καὶ
952 1007 1124 1073 γλυκύ,
1160 1007 1271 1074 περὶ
1312 1011 1366 1060 δὲ
1406 1008 1521 1060 αὐτὸ
1563 1008 1812 1076 ἄνθρωποι

146 1090 367 1144 οἰκέουσι
398 1091 607 1159 ἔσχατοι
640 1090 763 1157 πρὸς
799 1093 887 1155 τῆς
925 1089 1105 1158 ἐρήμου
1138 1091 1216 1143 καὶ
1252 1093 1372 1159 ὑπὲρ
1408 1095 1494 1158 τῆς
1532 1094 1808 1160 θηριώδεος,

145 1181 331 1243 πρῶτοι
360 1178 452 1242 μὲν
482 1174 580 1228 ἀπὸ
613 1173 835 1241 Θηβέων
867 1177 946 1227 διὰ
977 1174 1095 1227 δέκα
1125 1174 1347 1244 ἡμερέων
1378 1178 1491 1228 ὁδοῦ
1520 1176 1809 1242 Ἀμμώνιοι,

146 1260 348 1328 ἔχοντες
392 1264 448 1313 τὸ
492 1258 598 1325 ἱρὸν
642 1260 739 1312 ἀπὸ
782 1263 869 1310 τοῦ
911 1259 1170 1325 Θηβαιέος
1211 1261 1349 1314 Διός·
1397 1261 1477 1312 καὶ
1521 1264 1615 1328 γὰρ
1657 1261 1714 1312 τὸ
1760 1264 1813 1313 ἐν

148 1343 397 1417 Θήβῃσι,
423 1344 488 1398 ὡς
534 1343 613 1396 καὶ
659 1344 898 1411 πρότερον
945 1345 1138 1411 εἴρηταί
1173 1366 1271 1410 μοι,
1308 1347 1687 1412 κριοπρόσωπον
1727 1351 1813 1397 τοῦ

75 1454 121 1495 15
149 1428 271 1484 Διὸς
319 1427 561 1497 τῶγαλμά
614 1430 740 1481 ἐστι.
829 1428 1066 1498 τυγχάνει
1116 1431 1168 1481 δὲ
1223 1430 1302 1481 καὶ
1354 1429 1485 1481 ἄλλο
1537 1436 1632 1496 σφι
1684 1431 1813 1496 ὕδωρ
1855 1448 1879 1490 3

149 1518 381 1581 κρηναῖον
423 1514 521 1572 ἐόν,
556 1512 613 1565 τὸ
647 1513 734 1565 τὸν
773 1515 866 1578 μὲν
907 1516 1085 1581 ὄρθρον
1127 1514 1317 1581 γίνεται
1358 1515 1584 1582 χλιαρόν,
1629 1515 1813 1580 ἀγορῆς
1855 1525 2040 1559 Μ·

147 1601 202 1651 δὲ
225 1598 546 1664 πληθυούσης
570 1597 903 1667 ψυχρότερον·
949 1599 1239 1666 μεσαμβρίη
1265 1597 1320 1650 τέ
1343 1600 1453 1650 ἐστι
1478 1598 1555 1650 καὶ
1579 1597 1635 1649 τὸ
1662 1597 1814 1665 κάρτα

147 1683 337 1751 γίνεται
365 1683 582 1751 ψυχρόν.
673 1687 938 1747 τηνικαῦτα
969 1684 1022 1733 δὲ
1055 1681 1260 1750 ἄρδουσι
1297 1683 1409 1736 τοὺς
1446 1681 1642 1748 κήπους·
1690 1684 1810 1734 ἀπο-
1849 1704 1876 1746 4

150 1765 444 1834 κλινομένης
474 1769 528 1819 δὲ
558 1770 645 1832 τῆς
675 1765 857 1834 ἡμέρης
889 1767 1084 1819 ὑπίεται
1114 1772 1200 1818 τοῦ
1229 1771 1444 1835 ψυχροῦ,
1480 1769 1530 1820 ἐς
1561 1767 1616 1818 οὗ
1648 1767 1819 1819 δύεταί

72 1873 125 1911 ,20
148 1872 201 1905 τε
233 1853 260 1903 ὁ
289 1852 431 1917 ἥλιος
464 1850 543 1903 καὶ
574 1855 629 1903 τὸ
660 1852 789 1918 ὕδωρ
822 1851 1013 1918 γίνεται
1041 1853 1269 1919 χλιαρόν·
1318 1852 1398 1903 ἐπὶ
1429 1854 1481 1903 δὲ
1511 1854 1707 1917 μᾶλλον
1740 1851 1814 1903 ἰὸν

149 1938 200 1989 ἐς
235 1935 292 1987 τὸ
329 1939 507 2004 θερμὸν
549 1937 599 1989 ἐς
636 1935 796 2001 μέσας
840 1936 1018 1989 νύκτας
1057 1935 1276 2000 πελάζει,
1320 1940 1585 2001 τηνικαῦτα
1625 1939 1678 1988 δὲ
1721 1933 1814 1999 ζέει

0 2019 463 2136 ᾖᾌήᾶμβολάδην·
510 2019 851 2088 παρέρχονταί
871 2042 925 2072 τε
948 2019 1099 2086 μέσαι
1129 2020 1297 2074 νύκτες
1323 2020 1401 2072 καὶ
1424 2021 1645 2089 ψύχεται
1667 2019 1814 2087 μέχρι

0 2094 30 2119 '¹'
149 2107 201 2158 ἐς
230 2105 319 2170 ἠῶ.
408 2105 675 2170 ἐπίκλησιν
707 2107 759 2157 δὲ
791 2106 910 2169 αὕτη
942 2105 971 2170 ἡ
1005 2102 1155 2172 κρήνη
1188 2103 1419 2157 καλέεται
1447 2105 1606 2169 ἡλίου.
1688 2105 1814 2169 μετὰ
1852 2105 1940 2151 182

148 2191 201 2242 δὲ
247 2188 572 2256 Ἀμμωνίους,
620 2190 699 2241 διὰ
750 2192 837 2254 τῆς
888 2189 1077 2256 ὀφρύης
1127 2192 1214 2254 τῆς
1257 2188 1466 2256 ψάμμου
1509 2187 1570 2240 δι’
1616 2185 1815 2240 ἀλλέων

75 2295 121 2336 25
147 2272 266 2326 δέκα
314 2271 537 2342 ἡμερέων
597 2275 727 2333 ὁδοῦ,
784 2274 1001 2327 κολωνός
1060 2295 1114 2325 τε
1174 2275 1293 2327 ἁλός
1353 2276 1463 2324 ἐστι
1521 2274 1688 2338 ὅμοιος
1746 2277 1813 2341 τῷ

147 2357 410 2429 Ἀμμωνίῳ
444 2358 523 2410 καὶ
559 2360 704 2425 ὕδωρ,
740 2359 819 2410 καὶ
854 2356 1107 2424 ἄνθρωποι
1145 2358 1254 2421 περὶ
1287 2356 1435 2409 αὐτὸν
1466 2356 1699 2408 οἰκέουσι·
1745 2361 1813 2425 τῷ

148 2442 378 2512 δὲ-χώρῳ
409 2443 565 2513 τούτῳ
597 2443 783 2507 οὔνομα
814 2440 1009 2509 Αύγιλά
1042 2442 1166 2492 ἐστι.
1242 2443 1292 2494 ἐς
1323 2445 1496 2492 τοῦτον
1525 2439 1610 2491 τὸν
1647 2445 1814 2508 χῶρον

203 2593 227 2629 4
257 2577 463 2633 μεσόγεαν
485 2578 622 2618 RSV
700 2567 701 2571 Ἰ
732 2579 758 2628 ἦ
779 2591 863 2618 om.
887 2578 926 2616 R
943 2577 1025 2617 SV
1176 2588 1201 2626 5
1231 2575 1388 2630 ψάμμος
1411 2576 1496 2615 PR
1514 2575 1623 2614 SV:
1651 2575 1812 2625 ψάμμου

152 2632 339 2674 Dindorf
476 2635 502 2672 6
531 2633 828 2675 κατατείνουσα
848 2632 888 2670 Α
902 2632 936 2670 Β
951 2632 985 2670 C
1099 2637 1247 2680 Θηβῶν
1267 2631 1306 2669 Α
1324 2632 1358 2669 Β
1376 2646 1384 2669 z
1417 2630 1606 2679 Θηβαίων
1626 2631 1660 2669 C
1677 2630 1715 2668 R
1732 2631 1812 2669 SV

150 2688 425 2740 Αἷγυπτιαίων
461 2692 520 2738 (αι
556 2701 611 2727 ex
645 2704 670 2737 η
703 2689 858 2738 ςοττ.’ἒ)
898 2688 961 2726 C:
1005 2687 1239 2739 Αἰγυπτίων
1274 2686 1408 2725 RSV
1577 2686 1641 2725 ἐπὶ
1675 2682 1812 2723 RSV

144 2743 176 2793 v9
205 2741 480 2794 ἄνακοντίζειν
503 2743 540 2782 R
558 2743 637 2782 SV
834 2755 884 2781 10
914 2742 1036 2783 αὐτὸν
1057 2741 1179 2781 stein
1385 2752 1433 2778 12
1464 2740 1650 2788 Θηβαίων
1672 2740 1705 2778 C
1722 2740 1759 2777 R
1774 2739 1812 2777 V

155 2811 203 2847 13
241 2797 311 2838 alt.
346 2798 394 2839 τὸ
425 2798 506 2837 del.
541 2797 663 2837 Stein
862 2808 911 2846 15
951 2797 999 2837 τὸ
1030 2795 1196 2848 ἄγαλμά
1228 2794 1317 2833 RV
1514 2796 1561 2832 16
1601 2794 1740 2847 ὄρθρου
1771 2794 1810 2832 R

154 2864 201 2902 17
230 2852 485 2907 μεσαμβρίης
508 2851 598 2891 RV
708 2850 776 2904 τέ]
803 2850 850 2892 δέ
866 2851 906 2889 Α
921 2851 955 2890 Β
972 2851 1005 2889 C
1020 2851 1055 2889 E
1168 2863 1221 2888 20
1250 2867 1295 2890 τε
1317 2863 1400 2889 om.
1421 2850 1457 2887 R
1474 2850 1503 2887 S
1616 2848 1755 2902 λιαρόν
1776 2849 1810 2887 C

151 2909 238 2949 ἐπεὶ
260 2907 350 2947 RV
528 2919 576 2945 21
611 2908 681 2947 alt.
709 2910 748 2947 ἐς
770 2919 851 2945 om.
879 2906 916 2943 R
934 2905 1016 2944 SV
1140 2904 1351 2957 πελαγίζει
1375 2905 1408 2942 P
1588 2917 1639 2942 22
1668 2903 1809 2955 μέχρις

149 2962 184 3001 C
199 2962 233 3002 E
248 2961 279 3002 S
411 2974 463 3012 24
492 2965 564 3011 τῆς
586 2961 735 3014 ὀφρύης
757 2974 837 3001 om.
864 2961 902 2998 R
1017 2959 1148 3001 ἆλέων
1169 2960 1201 2998 C
1222 2960 1272 3010 R,
1298 2971 1405 2999 corr.
1429 2958 1480 2999 C¹
1608 2970 1660 3008 25
1690 2957 1806 3009 δέκα]

149 3015 194 3058 δὲ
215 3017 249 3057 C
362 3018 489 3059 ἄλλος
510 3016 552 3056 Α
566 3016 601 3056 Β
618 3017 652 3056 C
765 3015 905 3067 ὁμοίως
927 3015 961 3054 C
