2098 3320
746 120 1128 194 ΙΣΤΟΡΙΩΝ
1191 147 1236 194 Δ

158 274 347 341 νήσιος,
374 275 556 328 ποιέων
586 274 724 336 ἔπεα,
752 274 1021 329 ἀπικέσθαι
1044 278 1095 332 ἐς
1116 277 1414 344 Ἰσσηδόνας
1438 279 1828 347 φοιβόλαμπτος

157 361 438 428 γενόμενος,
481 359 788 426 Ἰσσηδόνων
828 363 883 414 δὲ
922 361 1228 429 ὑπεροικέειν
1267 362 1607 431 Ἀριμασποὺς
1646 362 1828 430 ἄνδρας

156 443 587 512 μουνοφθάλμους,
613 446 736 512 ὑπὲρ
761 448 814 498 δὲ
838 446 1027 498 τούτων
1050 447 1163 501 τοὺς
1193 449 1586 516 χρυσοφύλακας
1615 452 1823 515 γρῦπας,

156 529 344 582 τούτων
392 531 444 582 δὲ
488 529 601 583 τοὺς
644 528 1011 598 Ὑπερβορέους
1062 531 1362 597 κατήκοντας
1407 532 1488 585 ἐπὶ
1536 531 1822 585 θάλασσαν.

109 640 132 682 5
155 614 356 670 τούτους
377 611 445 666 ὧν
470 613 658 668 πάντας
678 613 813 679 πλὴν
844 614 1197 684 Ὑπερβορέων
1222 616 1476 685 ἀρξάντων
1500 616 1826 684 Ἀριμασπῶν

155 699 251 752 αἰεὶ
278 703 411 751 τοῖσι
440 699 845 768 πλησιοχώροισι
877 701 1205 761 ἐπιτίθεσθαι,
1239 702 1320 754 καὶ
1359 702 1455 754 ὑπὸ
1497 703 1589 767 μὲν
1619 701 1822 768 Ἀριμα-

155 787 298 836 σπῶν
316 781 618 848 ἐξωθέεσθαι
638 785 692 835 ἐκ
713 786 799 848 τῆς
819 784 985 852 χώρης
1005 784 1316 851 Ἰσσηδόνας,
1331 788 1425 838 ὑπὸ
1446 788 1498 838 δὲ
1518 786 1825 851 Ἰσσηδόνων

155 868 360 928 Σκύθας,
393 868 687 936 Κιμμερίους
719 870 773 920 δὲ
803 867 1056 924 οἰκέοντας
1086 870 1169 924 ἐπὶ
1198 871 1258 943 τῇ
1290 872 1429 942 νοτίῃ
1461 869 1699 943 θαλάσσῃ
1729 870 1825 924 ὑπὸ

157 951 384 1006 Σκυθέων
408 951 727 1018 πιεζομένους
748 954 999 1006 ἐκλείπειν
1022 954 1111 1019 τὴν
1135 956 1320 1024 χώρην.
1395 956 1521 1007 οὕτω
1546 955 1658 1008 οὐδὲ
1684 955 1824 1011 οὗτος

83 1061 132 1090 10
155 1036 462 1106 συμφέρεται
492 1038 603 1105 περὶ
634 1040 721 1102 τῆς
753 1038 919 1106 χώρης
948 1039 1127 1105 ταύτης
1159 1041 1396 1112 Σκύθῃσι.

239 1121 336 1174 Καὶ
367 1123 482 1174 ὅθεν
510 1125 603 1188 μὲν
634 1121 694 1187 ἧν
726 1122 990 1190 Ἀριστέης
1021 1125 1047 1174 ὁ
1077 1129 1229 1176 ταῦτα
1251 1123 1480 1189 ποιήσας,
1509 1128 1692 1192 εἴρηκα·
1735 1129 1822 1178 τὸν

152 1209 206 1259 δὲ
249 1206 360 1275 περὶ
405 1206 552 1258 αὐτοῦ
591 1206 772 1272 ἤκουον
813 1209 970 1275 λόγον
1012 1211 1064 1260 ἐν
1106 1208 1447 1279 Προκοννήσῳ
1488 1210 1567 1262 καὶ
1610 1211 1818 1280 Κυζίκῳ,

151 1289 300 1357 λέξω.
389 1291 655 1358 Ἀριστέην
693 1294 787 1360 γὰρ
829 1292 1055 1360 λέγουσι,
1090 1294 1235 1346 ἐόντα
1275 1300 1371 1346 τῶν
1411 1296 1581 1346 ἀστῶν
1622 1294 1821 1348 οὐδενὸς

151 1374 296 1444 γένος
326 1375 704 1444 ὑποδεέστερον,
732 1378 1011 1430 ἐσελθόντα
1041 1380 1091 1432 ἐς
1123 1377 1369 1446 κναφήιον
1399 1381 1451 1430 ἐν
1478 1377 1819 1449 Προκοννήσῳ

80 1484 127 1525 15
152 1461 435 1520 ἀποθανεῖν,
469 1461 549 1513 καὶ
590 1461 677 1513 τὸν
721 1461 914 1528 κναφέα
956 1464 1355 1527 κατακληίσαντα
1394 1463 1450 1514 τὸ
1490 1463 1820 1531 ἐργαστήριον

150 1547 383 1614 οἴχεσθαι
414 1544 725 1613 ἀγγελέοντα
753 1550 888 1598 τοῖσι
919 1546 1232 1613 προσήκουσι
1261 1553 1326 1617 τῷ
1359 1552 1528 1616 νεκρῷ.
1611 1549 1815 1600 ἐσκεδα-

151 1629 337 1695 σμένου
379 1632 431 1682 δὲ
468 1629 559 1695 ἤδη
599 1634 685 1682 τοῦ
719 1631 873 1698 λόγου
910 1632 1005 1683 ἀνὰ
1041 1630 1130 1695 τὴν
1165 1633 1315 1683 πόλιν
1352 1632 1416 1684 ὡς
1446 1632 1656 1686 τεθνεὼς
1687 1633 1760 1697 εἵη
1793 1634 1818 1682 ὁ

151 1713 428 1782 Ἀριστέης,
453 1716 503 1769 ἐς
530 1715 890 1783 ἀμφισβασίας
913 1720 1048 1767 τοῖσι
1070 1715 1281 1783 λέγουσι
1313 1717 1636 1785 ἀπικνέεσθαι
1667 1715 1820 1783 ἄνδρα

153 1798 423 1865 Κυζικηνὸν
455 1799 639 1864 ἥκοντα
676 1798 735 1865 ἐξ
766 1799 1008 1867 Ἀρτάκης
1039 1801 1230 1861 πόλιος,
1264 1800 1432 1868 φάντα
1469 1806 1734 1869 συντυχεῖν
1764 1800 1820 1854 τέ

80 1905 130 1933 20
151 1885 197 1936 οἱ
228 1884 353 1936 ἰόντι
384 1885 465 1937 ἐπὶ
498 1885 707 1949 Κυζίκου
742 1885 821 1936 καὶ
857 1887 908 1939 ἐς
943 1886 1126 1952 λόγους
1163 1885 1444 1938 ἀπικέσθαι.
1535 1886 1613 1938 καὶ
1644 1890 1818 1938 τοῦτον

149 1970 242 2034 μὲν
285 1967 620 2035 ἐντεταμένως
666 1969 1056 2036 ἀμφισβατέειν,
1103 1970 1216 2023 τοὺς
1261 1973 1314 2022 δὲ
1359 1968 1702 2037 προσήκοντας
1748 1976 1816 2040 τῷ

151 2058 304 2124 νεκρῷ
357 2053 438 2106 ἐπὶ
488 2052 545 2105 τὸ
599 2052 845 2122 κναφήιον
892 2059 1122 2121 παρεῖναι
1174 2054 1384 2124 ἔχοντας
1435 2056 1498 2105 τὰ
1549 2055 1817 2121 πρόσφορα

151 2137 216 2192 ὦς
263 2137 701 2206 ἀναιρησομένους.
792 2138 1113 2208 ἀνοιχθέντος
1165 2141 1218 2191 δὲ
1264 2144 1349 2191 τοῦ
1395 2137 1659 2204 οἰκήματος
1705 2139 1816 2191 οὔτε

149 2226 394 2275 τεθνεῶτα
416 2223 529 2277 οὔτε
554 2223 711 2288 ζῶντα
736 2224 1008 2291 φαίνεσθαι
1030 2222 1312 2291 Ἀριστέην.
1385 2225 1510 2289 μετὰ
1541 2226 1594 2276 δὲ
1619 2224 1816 2292 ἑβδόμῳ

78 2327 124 2368 ²5
149 2305 249 2360 ἔτεϊ
277 2306 502 2375 φανέντα
532 2307 684 2360 αὐτὸν
715 2309 765 2362 ἐς
796 2309 1155 2375 Προκόννησον
1188 2311 1395 2373 ποιῆσαι
1423 2309 1485 2360 τὰ
1516 2307 1638 2360 ἔπεα
1666 2313 1819 2360 ταῦτα

149 2393 211 2442 τὰ
251 2396 338 2445 νῦν
378 2391 458 2444 ὑπ’
499 2390 765 2457 Ἑλλήνων
797 2390 1112 2460 Ἀριμάσπεα
1155 2393 1401 2453 καλέεται,
1445 2391 1728 2457 ποιήσαντα
1764 2395 1813 2445 δὲ

206 2542 224 2569 1
257 2529 541 2582 φοιβόληπτος
563 2530 602 2570 R
618 2529 648 2570 S
662 2530 701 2569 V
848 2544 872 2570 2
902 2529 947 2572 δὲ
967 2543 1047 2570 om.
1072 2529 1112 2569 A
1129 2529 1182 2569 Β1
1330 2544 1356 2582 3
1386 2530 1562 2573 τουτέων
1584 2532 1617 2570 C
1633 2531 1666 2570 P
1680 2531 1719 2570 R
1735 2531 1765 2571 S
1779 2532 1817 2570 V

148 2598 174 2635 4
202 2584 383 2627 τουτέων
403 2586 443 2624 R
459 2586 489 2625 S
503 2585 542 2624 V
669 2587 696 2624 6
726 2586 786 2626 ἀεὶ
807 2584 846 2623 Α
863 2586 896 2625 Β
1044 2599 1071 2636 9
1101 2589 1281 2628 ἐκλιπεῖν
1303 2586 1342 2625 R
1359 2587 1388 2626 S
1403 2586 1442 2625 V
1553 2586 1664 2638 οὐδὲ]
1687 2586 1730 2628 δὲ
1753 2586 1786 2625 C
1807 2601 1816 2626 :

147 2638 192 2680 δὲ
215 2641 284 2689 (δὴ
306 2640 356 2692 S)
379 2639 471 2681 οὐδὲ
493 2640 531 2679 R
547 2639 629 2680 SV
789 2653 838 2679 10
867 2639 982 2684 Σκύθ.
1007 2646 1104 2691 post
1125 2649 1250 2693 συμφ.
1277 2641 1316 2680 R
1332 2641 1362 2681 S
1377 2641 1415 2680 V
1571 2655 1614 2680 11
1649 2644 1670 2681 ὁ
1690 2644 1771 2695 Ἀρ.
1794 2644 1816 2682 ὁ

149 2693 189 2732 R
204 2694 234 2734 S
247 2693 306 2734 V·
396 2698 507 2737 εἴπας
530 2695 563 2734 Ρ
577 2695 616 2734 R
632 2695 663 2735 S
677 2695 715 2734 V
737 2694 857 2744 Orig.
875 2708 909 2736 c,
927 2695 1098 2735 Celsum
1115 2695 1170 2736 iii.
1188 2697 1242 2734 26
1354 2698 1493 2750 εἴρηκα
1507 2695 1547 2735 Α
1563 2696 1598 2735 Β
1614 2696 1647 2735 C
1664 2696 1783 2745 Orig.
1805 2710 1813 2734 ε

148 2753 298 2804 εἴρηται
319 2749 411 2791 rell.
635 2762 684 2790 12
714 2751 958 2804 Προκονήσῳ
979 2751 1012 2789 C
1029 2750 1069 2788 R
1092 2750 1210 2801 Orig.
1410 2763 1456 2801 17
1486 2752 1656 2793 τεθνεὼς
1678 2751 1717 2789 R
1734 2751 1815 2791 SV

147 2805 268 2855 Orig.
292 2819 301 2844 :
330 2806 506 2855 τεθνηὼς
525 2804 564 2844 Α
580 2805 614 2844 Β
638 2820 647 2845 :
676 2806 877 2854 τεθνηκὼς
898 2805 931 2845 C
949 2805 982 2844 P
1128 2809 1149 2847 ὁ
1170 2819 1254 2846 om.
1277 2804 1316 2845 A
1332 2806 1366 2845 B
1383 2806 1416 2844 C
1587 2807 1634 2845 18
1665 2807 1812 2858 ἀμφισ-

147 2860 293 2906 βάσιας
315 2859 374 2899 C:
411 2860 659 2912 ἆμφιβάσιας
686 2860 778 2899 RV
925 2860 1157 2903 ἀπικέεσθαι
1190 2861 1255 2899 R:
1297 2859 1509 2902 ἀπικέσθαι
1537 2861 1664 2900 PSV
1692 2861 1810 2910 Orig.

148 2914 260 2967 (ἀφ.)
433 2927 483 2964 19
521 2915 735 2968 Ἀρτακίης
767 2914 805 2952 R
822 2914 902 2954 SV
933 2915 1051 2955 Eust.
1083 2916 1165 2955 Od.
1205 2918 1308 2965 1650
1485 2929 1538 2956 20
1577 2915 1664 2958 ὄντι
1696 2915 1733 2953 R
1749 2916 1785 2954 V
1805 2929 1813 2953 ε

148 2967 258 3009 ἐόντι
281 2971 312 3009 S
424 2970 636 3012 ἀπίκεσθαι
660 2970 698 3009 R
713 2970 750 3008 V
881 2982 928 3008 21
963 2970 1260 3022 ἀμφισβατέειν
1281 2971 1399 3021 Orig.
1419 2985 1428 3011 ι
1462 2970 1758 3023 ἆμφισβητέειν
1783 2970 1815 3009 L

148 3024 274 3076 (-τεῖν
296 3024 335 3063 R
350 3023 381 3064 S
396 3025 450 3078 V)
620 3037 672 3071 25
704 3027 747 3065 ἐν
769 3024 808 3063 R
990 3027 1044 3065 26
1073 3025 1291 3068 καλέονται
1312 3027 1361 3075 C,
1384 3038 1491 3067 corr.
1520 3037 1537 3064 1

1865 146 1952 196 IV.
1974 155 2029 204 13
