2098 3320
777 91 1155 139 ΙΣΤΟΡΙΩΝ
1219 94 1257 139 Β

187 222 295 288 μιζε
323 223 415 287 μὲν
446 220 523 272 ἐπ’
547 219 660 272 ἔτεα
682 219 809 288 τρία,
837 222 1082 290 δισχίλιοι
1107 220 1163 274 δέ
1186 224 1232 274 οἱ
1256 210 1663 292 προσετετάχατο
1687 224 1860 292 ἄνδρες

187 304 423 374 ἀγωγέες,
447 304 525 356 καὶ
549 304 686 356 οὗτοι
709 303 924 358 ἅπαντες
947 304 1078 369 ἦσαν
1101 310 1417 373 κυβερνῆται.
1494 311 1581 372 τῆς
1600 312 1653 362 δὲ
1674 309 1859 378 στέγης

185 390 366 454 ταύτης
395 389 452 441 τὸ
480 391 572 454 μὲν
601 392 756 454 μῆκος
787 387 971 454 ἔξωθέν
1008 392 1119 442 ἐστι
1158 392 1227 445 εἷς
1257 412 1311 443 τε
1344 392 1422 443 καὶ
1455 394 1617 445 εἵκοσι
1654 392 1855 462 πήχεες,

187 474 326 542 εὖρος
370 475 424 526 δὲ
463 474 931 541 τεσσερεσκαίδεκα,
976 475 1109 541 ὕψος
1152 478 1205 527 δὲ
1245 476 1388 527 ὀκτώ.
1476 482 1629 529 ταῦτα
1669 481 1762 543 μὲν
1797 481 1858 531 τὰ

138 581 161 622 5
184 557 339 626 μέτρα
369 556 552 623 ἔξωθεν
582 559 668 622 τῆς
701 556 998 624 στέγηςτῆς
1029 560 1330 621 μουνολίθου
1355 561 1481 620 ἐστί,
1512 563 1636 628 ἀτὰρ
1666 562 1858 616 ἔσωθεν

184 641 243 694 τὸ
285 638 422 708 (μὲν)
461 644 616 707 μῆκος
658 643 997 693 ὀκτωκαίδεκα
1033 636 1237 710 πήχεων
1281 645 1360 695 καὶ
1406 646 1638 713 πυγόνος,
1680 643 1758 712 <τὸ
1805 650 1858 700 δὲ

186 726 325 794 εὖρος
369 726 584 778 δυώδεκα
628 723 870 793 πήχεων),
914 726 970 777 τὸ
1015 729 1066 778 δὲ
1111 728 1243 794 ὕψος
1287 727 1437 780 πέντε
1480 727 1682 798 πήχεών
1728 734 1855 784 ἐστι.

185 811 307 877 αὕτη
338 814 424 863 τοῦ
455 806 567 877 ἱροῦΝ
592 815 747 862 κεῖται
781 811 913 876 παρὰ
943 810 1034 874 τὴν
1066 812 1261 863 ἔσοδον.
1339 813 1440 864 ἔσω
1477 812 1572 880 γάρ
1602 836 1687 879 μιν
1719 817 1768 868 ἐς
1798 815 1857 867 τὸ

186 896 291 963 ἱρόν
331 901 463 964 φασι
505 898 663 947 τῶνδε
706 895 872 947 εἵνεκα
915 896 1001 947 οὐκ
1047 896 1337 947 ἐσελκύσαι·
1399 897 1488 949 τὸν
1529 899 1857 966 ἀρχιτέκτονα

113 1001 161 1030 ιο
184 979 335 1045 αὐτῆς
381 977 650 1045 ἑλκομένης
693 982 782 1044 τῆς
827 978 1012 1046 στέγης
1060 979 1396 1045 ἀναστενάξαι
1444 981 1524 1033 οἷά
1572 1005 1625 1035 τε
1672 985 1854 1051 χρόνου

186 1065 514 1133 ἐγγεγονότος
536 1068 731 1116 πολλοῦ
761 1064 840 1116 καὶ
865 1065 1145 1132 ἀχθόμενον
1168 1070 1234 1134 τῷ
1268 1066 1412 1135 ἔργῳ,
1440 1065 1528 1118 τὸν
1552 1070 1605 1119 δὲ
1630 1066 1854 1133 ’Ἄμασιν

184 1148 456 1215 ἐνθυμητὸν
507 1147 851 1214 ποιησάμενον
898 1149 985 1200 οὐκ
1030 1151 1119 1201 ε’ἃν
1164 1150 1237 1202 ἔτι
1281 1149 1580 1218 προσωτέρω
1626 1152 1852 1204 ἑλκύσαι.

182 1233 274 1300 ἤδη
306 1232 362 1286 δέ
391 1255 522 1288 τινες
551 1232 763 1300 λέγουσι
805 1233 871 1287 ὡς
912 1233 1171 1301 ἄνθρωπος
1207 1233 1449 1301 διεφθάρη
1490 1235 1569 1287 ὑπ’
1601 1235 1723 1309 αὐτῇ
1755 1243 1854 1288 τῶν

183 1339 258 1372 τις
294 1317 446 1383 αὐτὴν
479 1318 850 1387 μοχλευόντων,
885 1317 963 1368 καὶ
999 1317 1097 1370 ἀπὸ
1133 1318 1308 1371 τούτου
1345 1318 1431 1370 οὐκ
1468 1321 1851 1385 ἐσελκυσθῆναι.

113 1425 159 1466 15
183 1402 393 1468 ἀνέθηκε
423 1404 477 1455 δὲ
503 1402 583 1454 καὶ
608 1404 662 1455 ἐν
685 1408 819 1454 τοῖσι
850 1401 1058 1454 ἄλλοισι
1084 1404 1238 1470 ἱροῖσι
1260 1404 1286 1453 6
1310 1401 1534 1469 ’Ἄμασις
1559 1408 1686 1456 πᾶσι
1719 1411 1853 1457 τοῖσι

185 1489 501 1555 ἐλλογίμοισι
527 1487 648 1554 ἔργα
671 1486 728 1539 τὸ
755 1486 973 1554 μέγαθος
1002 1485 1282 1552 ἀξιοθέητα,
1311 1489 1365 1539 ἐν
1395 1491 1449 1540 δὲ
1482 1488 1560 1540 καὶ
1592 1491 1646 1541 ἐν
1672 1489 1853 1556 Μέμφι

181 1571 269 1624 τὸν
309 1573 483 1624 ὕπτιον
527 1572 751 1637 κείμενον
789 1575 1044 1623 κολοσσὸν
1086 1577 1173 1623 τοῦ
1212 1571 1542 1638 Ἡφαιστείου
1580 1573 1848 1640 ἔμπροσθε,

183 1660 269 1708 τοῦ
291 1657 441 1710 πόδες
471 1646 620 1709 πέντε
651 1655 730 1708 καὶ
761 1654 1104 1722 ἑβδομήκοντά
1136 1658 1235 1707 εἰσι
1258 1655 1313 1707 τὸ
1343 1659 1512 1721 μῆκος.
1589 1658 1669 1710 ἐπὶ
1700 1660 1753 1710 δὲ
1782 1662 1850 1727 τῷ

183 1741 312 1811 αὐτῷ
342 1740 516 1811 βάθρῳ
550 1743 731 1793 ἑστᾶσι
763 1743 1056 1793 Αἰθιοπικοῦ
1089 1741 1253 1795 ἐόντες
1282 1742 1425 1792 λίθου
1463 1741 1549 1793 δύο
1586 1744 1846 1801 κολοσσοί,

109 1846 160 1875 20
183 1827 343 1878 εἴκοσι
379 1829 545 1878 ποδῶν
588 1825 645 1877 τὸ
683 1824 902 1897 μέγαθος
945 1826 1039 1876 ἐὼν
1080 1824 1326 1892 ἑκάτερος,
1360 1826 1386 1875 6
1425 1828 1516 1890 μὲν
1558 1826 1715 1884 ἔνθεν,
1749 1827 1775 1876 ὁ
1806 1826 1848 1878 δ’

182 1909 323 1962 ἔνθεν
363 1914 448 1961 τοῦ
486 1908 724 1977 μεγάλου.
814 1909 924 1961 ἔστι
965 1912 1019 1961 δὲ
1055 1911 1247 1963 λίθινος
1287 1910 1454 1977 ἕτερος
1489 1915 1730 1964 τοσοῦτος
1771 1911 1850 1963 καὶ

182 1995 236 2046 ἐν
266 1988 375 2053 Σάϊ,
410 1996 633 2067 κείμενος
663 1995 786 2046 κατὰ
816 1998 903 2046 τὸν
935 1993 1084 2045 αὐτὸν
1115 1995 1299 2061 τρόπον
1329 1995 1395 2064 τῷ
1431 1996 1485 2046 ἐν
1518 1994 1714 2062 Μέμφι.
1788 2002 1850 2068 τῇ

118 2072 121 2073 ⁷
174 2075 277 2130 Ἴσι
306 2099 361 2131 τε
383 2078 441 2130 τὸ
463 2081 517 2131 ἐν
543 2078 724 2146 Μέμφι
755 2078 862 2144 ἱρὸν
886 2077 1108 2144 ’Άμασίς
1131 2080 1243 2130 ἐστι
1275 2079 1300 2129 ὁ
1331 2077 1732 2145 ἐξοικοδομήσας,
1767 2079 1849 2131 ἐὸν

180 2161 308 2230 μέγα
338 2184 393 2215 τε
423 2163 502 2215 καὶ
534 2161 958 2229 ἀξιοθεητότατον.

107 2267 155 2306 25
264 2246 380 2299 Ἐπ’
419 2247 663 2313 Ἀμάσιος
707 2250 759 2299 δὲ
803 2246 1053 2312 βασιλέος
1089 2245 1292 2314 λέγεται
1333 2248 1584 2315 Αἴγυπτος
1624 2247 1849 2313 μάλιστα

182 2330 238 2396 δὴ
263 2332 377 2383 τότε
401 2331 756 2397 εὐδαιμονῆσαι
781 2332 858 2383 καὶ
882 2333 943 2383 τὰ
974 2331 1072 2383 ἀπὸ
1095 2336 1181 2382 τοῦ
1203 2336 1427 2397 ποταμοῦ
1451 2339 1511 2405 τῇ
1540 2332 1679 2404 χώρῃ
1710 2333 1846 2400 γινό-

235 2480 260 2506 2
289 2467 436 2510 πάντες
458 2468 497 2507 R
513 2467 593 2507 SV
758 2480 783 2516 4
812 2483 981 2521 τεσσαρ.
1009 2467 1043 2506 Β
1060 2467 1093 2506 C
1108 2467 1146 2505 R
1161 2466 1200 2505 V
1355 2478 1379 2516 5
1408 2477 1549 2518 μονολ.
1573 2467 1613 2506 R
1727 2468 1751 2510 ἃ
1769 2470 1849 2522 γὰρ

184 2521 223 2560 R
238 2522 268 2561 S
283 2522 322 2561 V
431 2523 459 2560 6
476 2521 552 2574 μὲν
571 2521 668 2562 add.
687 2521 961 2561 Herwerden
1075 2535 1096 2572 7
1123 2522 1319 2572 suppleta
1341 2522 1371 2560 S
1394 2522 1508 2561 solus
1619 2524 1645 2562 8
1666 2522 1799 2564 κέεται
1815 2524 1847 2563 L

182 2580 339 2618 εἴσοδον
356 2576 445 2616 ΑΒ
615 2589 660 2615 11
695 2577 966 2630 ἐγγεγονότος
995 2576 1408 2626 Schweighaeuser:
1441 2581 1580 2630 ἐκγεγ.
1603 2578 1636 2616 L
1748 2587 1846 2619 πολ-

181 2635 256 2672 λοῦ
280 2631 586 2684 καταχθόμενον
605 2631 644 2669 Α
658 2631 692 2669 Β
709 2632 742 2670 C
757 2631 790 2670 P
920 2634 968 2672 τὸ
990 2632 1108 2684 ἔργον
1129 2631 1163 2670 C
1324 2644 1372 2670 12
1404 2634 1624 2682 ἐνθυμητὸν
1646 2632 1820 2672 Bekker
1837 2648 1847 2672 :

181 2688 420 2737 ἐνθυμιστὸν
438 2687 479 2726 Α
493 2687 528 2726 Β
543 2687 576 2725 C
591 2686 644 2726 P:
669 2688 913 2737 ἐσθυμιστὸν
931 2687 970 2725 R
985 2686 1014 2725 S
1029 2687 1085 2727 V:
1110 2685 1293 2736 ἐνθύμιον
1307 2686 1578 2725 Valckenaer
1679 2699 1726 2737 13
1746 2687 1844 2739 ἤδη]

182 2743 218 2782 οἱ
240 2741 375 2781 RSV
485 2741 607 2796 αὐτῇ]
631 2743 754 2789 αὐτῆς
775 2742 814 2780 Α
829 2742 863 2779 Β
879 2742 912 2780 C
940 2761 942 2763 ·
1111 2754 1159 2790 14
1190 2743 1253 2781 διὰ
1278 2745 1399 2781 τοῦτο
1423 2741 1461 2780 R
1478 2742 1507 2781 S
1522 2742 1559 2780 V
1747 2755 1794 2792 15
1826 2747 1847 2783 6

174 2795 348 2847 Ἄμασις
362 2813 404 2836 π.
420 2813 459 2837 τ.
476 2800 566 2837 ἐλλ.
584 2809 666 2836 orn.
685 2795 723 2834 R
740 2796 770 2836 S
784 2797 823 2835 V
937 2798 985 2835 16
1015 2795 1059 2836 ἓν
1079 2795 1123 2837 δὲ
1144 2795 1182 2834 Α
1197 2795 1232 2833 Β
1249 2795 1282 2833 C
1297 2795 1328 2834 S
1344 2795 1419 2848 [P]
1536 2809 1582 2846 17
1605 2797 1846 2848 Ἥφαιστιόυ

181 2849 220 2889 Α
233 2850 269 2889 Β
285 2851 319 2890 C
451 2851 673 2904 ἔμπροσθεν
714 2851 752 2890 R
766 2851 804 2890 V
994 2864 1042 2901 19
1091 2851 1340 2903 Αἰθιοπικοῦ]
1383 2854 1456 2892 τοῦ
1496 2854 1619 2892 αὐτοῦ
1659 2851 1698 2890 Α
1715 2852 1749 2890 Β
1766 2852 1799 2893 C
1815 2852 1848 2891 P

183 2904 319 2947 ἐόντες
359 2906 749 2955 Schweighaeuser
767 2921 776 2945 :
825 2906 963 2947 ἐόντος
1003 2906 1036 2943 L
1311 2919 1357 2944 21
1409 2906 1587 2958 μεγάρου
1620 2906 1659 2945 Α
1674 2906 1708 2945 Β
1724 2906 1757 2945 C
1770 2907 1802 2946 P
1815 2907 1846 2946 S

182 2971 235 2998 22
265 2962 385 3001 αὐτὸν
405 2974 486 3000 om.
514 2960 544 3000 S
558 2961 596 2999 V
761 2962 808 3001 τὸ
831 2960 919 2999 RV
938 2975 947 2999 :
975 2963 1048 3001 τοῦ
1070 2961 1101 2999 S
1268 2964 1317 3012 ἐμ
1336 2959 1391 2999 A1
1410 2975 1419 2999 ε
1451 2964 1469 3001 ἐ
1488 2962 1527 3000 V
1678 2965 1731 3016 τῇ
1746 2960 1846 3014 Ἴσι]

183 3012 354 3068 λέγουσί
377 3015 416 3053 R
432 3015 461 3055 S
476 3015 512 3054 V
679 3028 731 3066 23
761 3017 809 3056 τὸ
832 3014 934 3066 ἐμμέ
952 3024 997 3068 φι
1020 3016 1060 3054 R

1899 99 1960 149 11.
1991 109 2078 162 175

1896 652 1966 714 ’γε
1981 647 2098 695 μω

1890 1406 1986 1468 176

1886 2259 1973 2310 177
