2098 3320
5 634 7 636 ’
93 642 115 682 5

23 1055 119 1092 ἰο

728 123 1109 192 ΙΣΤΟΡΙΩΝ
1171 144 1210 192 Γ
1852 145 1942 194 111.
1972 138 2040 204 63

141 277 281 330 εἴπας
310 275 399 340 τὴν
431 276 669 341 ἀληθείην
698 275 839 328 ἄπιθι
869 277 1076 344 χαίρων,
1112 276 1289 342 κότερα
1319 275 1465 329 αὐτός
1494 296 1571 327 τοι
1601 273 1811 341 Σμέρδις

141 360 442 429 φαινόμενος
486 362 537 414 ἐς
581 362 705 428 ὄψιν
750 359 1042 412 ἐνετέλλετο
1086 364 1241 411 ταῦτα
1284 354 1314 423 ἢ
1360 364 1457 412 τῶν
1500 380 1575 413 τις
1620 360 1811 411 ἐκείνου

140 443 438 511 ὑπηρετέων.
528 446 554 496 6
593 447 646 496 δὲ
685 443 809 497 εἶπε·
855 443 991 511 Ἐγὼ
1032 443 1246 511 Σμέρδιν
1286 445 1378 508 μὲν
1417 443 1505 495 τὸν
1547 443 1723 510 Κύρου,
1756 441 1818 508 ἐξ
1851 464 1876 495 2

141 530 251 582 ὅτευ
280 528 528 594 βασιλεὺς
559 529 841 595 Καμβύσης
872 528 1036 594 ἤλασε
1061 528 1137 581 ἐπ’
1162 530 1430 595 Αἴγυπτον,
1457 528 1585 580 οὔκω
1616 530 1810 580 ὄπωπα·

142 615 168 666 6
188 612 242 666 δέ
258 634 343 679 μοι
358 612 534 681 μάγος,
557 613 645 666 τὸν
672 613 952 679 Καμβύσης
979 615 1248 680 ἐπίτροπον
1271 617 1369 665 τῶν
1395 614 1560 665 οἰκίων
1585 610 1810 678 ἀπέδεξε,

143 699 284 753 οὗτος
323 702 477 750 ταῦτα
515 699 811 758 ἐνετείλατο,
847 700 946 765 φὰς
984 697 1195 764 Σμέρδιν
1236 696 1322 749 τὸν
1364 697 1526 764 Κύρου
1564 697 1691 749 εἶναι
1725 695 1814 748 τὸν

143 788 296 835 ταῦτα
332 782 624 851 ἐπιθέμενον
661 781 795 834 εἳπαι
832 782 954 850 πρὸς
991 781 1156 847 ὑμέας.
1250 782 1276 831 6
1304 784 1397 847 μὲν
1437 780 1495 846 δή
1535 787 1633 848 σφι
1667 780 1814 847 ἔλεγε
1850 803 1876 847 3

143 868 286 920 οὐδὲν
326 866 870 935 ἐπικαταψευσάμενος,
907 867 1189 932 Καμβύσης
1226 868 1278 918 δὲ
1317 865 1440 918 εἶπε·
1489 863 1811 933 Πρήξασπες,

144 952 208 1004 σὺ
250 953 343 1017 μὲν
387 953 468 1004 οῗα
512 951 634 1020 ἀνὴρ
684 951 869 1019 ἀγαθὸς
919 950 1135 1016 ποιήσας
1179 950 1235 1002 τὸ
1282 950 1609 1016 κελευόμενον
1653 950 1816 1015 αἰτίην

143 1035 472 1104 ἐκπέφευγας·
542 1036 650 1102 ἐμοὶ
702 1039 755 1088 δὲ
799 1037 873 1090 τίς
919 1035 980 1088 ἂν
1024 1037 1097 1100 εἵη
1144 1034 1386 1102 Περσέων
1431 1036 1457 1086 6
1503 1035 1816 1088 ἐπανεστεὼς

144 1120 456 1186 ἐπιβατεύων
490 1125 576 1173 τοῦ
612 1119 850 1188 Σμέρδιος
888 1119 1182 1186 οὐνόματος;
1230 1121 1257 1170 6
1298 1122 1351 1171 δὲ
1391 1119 1514 1172 εἶπε·
1561 1119 1695 1186 Ἐγώ
1731 1140 1816 1184 μοι
1849 1140 1877 1183 4

144 1204 297 1258 δοκέω
331 1203 556 1258 συνιέναι
585 1204 642 1257 τὸ
673 1205 881 1273 γεγονὸς
911 1209 1073 1266 τοῦτο,
1105 1201 1143 1255 ὦ
1173 1208 1408 1270 βασιλεῦ·
1456 1207 1502 1256 οἱ
1532 1203 1684 1272 μάγοι
1716 1204 1820 1256 εἶσί

143 1311 220 1342 τοι
249 1285 342 1357 (oz)
375 1291 756 1350 ἐπανεστεῶτες,
780 1290 867 1341 τόν
897 1310 952 1342 τε
982 1289 1153 1343 ἔλιπες
1184 1288 1469 1354 μελεδωνὸν
1499 1293 1599 1341 τῶν
1629 1289 1812 1348 οἰκίων,

146 1375 442 1439 Πατιζείθης
476 1375 556 1427 καὶ
586 1376 613 1426 6
643 1374 819 1440 τούτου
843 1375 1090 1442 ἀδελφεὸς
1121 1372 1344 1441 Σμέρδις.
1434 1375 1646 1425 ἐνθαῦτα
1670 1373 1812 1424 ἀκού·
1855 1377 1926 1439 64

145 1480 306 1513 σαντα
340 1459 622 1526 Καμβύσεα
657 1458 714 1511 τὸ
746 1457 980 1526 Σμέρδιος
1012 1459 1198 1524 οὔνομα
1231 1457 1388 1526 ἔτυψε
1418 1457 1447 1523 ἡ
1479 1458 1686 1523 ἀληθείη
1718 1462 1817 1509 τῶν

144 1565 198 1597 τε
217 1544 384 1612 λόγων
408 1544 487 1596 καὶ
509 1548 594 1596 τοῦ
618 1543 866 1596 ἐνυπνίου·
913 1542 967 1597 ὃς
990 1544 1156 1595 ἐδόκεε
1181 1545 1236 1595 ἐν
1259 1548 1327 1614 τῷ
1350 1544 1486 1613 ὕπνῳ
1511 1543 1822 1609 ἀπαγγεῖλαί

144 1627 255 1681 τινά
279 1631 326 1681 οἱ
347 1628 412 1682 ὡς
439 1628 646 1695 Σμέρδις
670 1629 890 1694 ἱζόμενος
915 1629 965 1681 ἐς
989 1626 1074 1680 τὸν
1096 1626 1374 1694 βασιλήιον
1399 1628 1575 1694 θρόνον
1596 1626 1818 1695 ψαύσειε

145 1720 206 1786 τῇ
239 1720 437 1786 κεφαλῇ
468 1718 555 1765 τοῦ
584 1712 806 1781 οὐρανοῦ.
896 1714 1067 1777 μαθὼν
1105 1715 1156 1764 δὲ
1190 1712 1255 1766 ὡς
1284 1710 1447 1777 μάτην
1484 1711 1818 1765 ἀπολωλεκὼς
1858 1728 1884 1762 2

148 1799 221 1863 εἴη
267 1796 354 1850 τὸν
399 1798 665 1866 ἀδελφεόν,
712 1796 951 1850 ἀπέκλαιε
999 1796 1224 1863 Σμέρδιν,
1272 1795 1595 1850 ἀποκλαύσας
1639 1798 1693 1849 δὲ
1739 1795 1819 1846 καὶ

75 1904 125 1934 20
148 1880 545 1950 περιημεκτήσας
602 1889 663 1956 τῇ
720 1880 894 1953 ἁπάσῃ
946 1888 1181 1954 συμφορῇ
1240 1878 1546 1951 ἀναθρῴσκει
1598 1879 1682 1933 ἐπὶ
1730 1879 1818 1932 τὸν

148 1968 317 2026 ἵππον,
351 1968 403 2019 ἐν
443 1968 541 2037 νόῳ
581 1967 713 2036 ἔχων
753 1966 843 2031 τὴν
879 1967 1124 2034 ταχίστην
1161 1968 1211 2019 ἐς
1250 1970 1418 2017 Σοῦσα
1458 1964 1819 2032 στρατεύεσθαι

151 2052 231 2104 ἐπὶ
260 2050 362 2103 ,τὸν
405 2051 582 2119 μάγον.
671 2052 758 2104 καί
793 2053 840 2104 οἱ
881 2048 1247 2121 ἀναθρῴσκοντι
1283 2051 1363 2103 ἐπὶ
1409 2049 1495 2102 τὸν
1535 2051 1689 2102 ἵππον
1733 2053 1819 2100 τοῦ
1855 2069 1880 2113 3

150 2141 326 2188 κολεοῦ
355 2140 441 2188 τοῦ
470 2135 643 2204 ξίφεος
675 2137 701 2187 6
730 2136 885 2201 μύκης
916 2136 1201 2195 ἀποπίπτει,
1234 2136 1492 2202 γυμνωθὲν
1515 2133 1647 2186 δὲτὸ
1671 2132 1819 2200 ξίφος

150 2220 285 2272 παίει
330 2220 417 2272 τὸν
467 2222 638 2287 μηρόν·
702 2221 1062 2286 τρωματισθεὶς
1106 2222 1159 2272 δὲ
1207 2221 1328 2271 κατὰ
1379 2223 1523 2271 τοῦτο
1567 2226 1628 2291 τῇ
1676 2217 1820 2271 αὐτὸς

77 2326 124 2367 25
150 2305 392 2372 πρότερον
443 2305 528 2357 τὸν
579 2309 677 2357 τῶν
728 2306 1013 2371 Αἰγυπτίων
1068 2303 1180 2356 θεὸν
1217 2303 1369 2356 ἲΑπιν
1414 2302 1617 2368 ἔπληξε,
1665 2303 1730 2357 ὥς
1774 2304 1821 2354 οἱ

153 2391 314 2462 καιρίῃ
359 2388 499 2454 ἔδοξε
542 2389 798 2457 τετύφθαι,
845 2390 1001 2455 ε’ίρετο
1047 2389 1073 2439 6
1116 2388 1395 2454 Καμβύσης
1440 2389 1468 2439 ὅ
1507 2407 1554 2439 τι
1597 2388 1655 2459 τῇ
1702 2388 1822 2438 πόλι

151 2474 336 2539 οὔνομα
367 2476 457 2539 εἴη.
548 2476 593 2525 οἱ
630 2477 682 2526 δὲ
719 2473 864 2525 εἶπαν
900 2475 975 2524 ὅτι
1006 2471 1317 2540 Ἀγβάτανα.
1409 2473 1474 2542 τῷ
1500 2474 1553 2525 δὲ
1590 2471 1663 2523 ἔτι
1699 2472 1818 2538 πρό·
1860 2493 1888 2535 4

208 2625 234 2661 4
282 2612 375 2653 ὅτευ
425 2611 604 2651 Struve:
655 2612 748 2652 ὅτου
796 2610 1032 2649 ABCP:
1083 2610 1179 2651 ὅσον
1221 2608 1359 2649 RSV
1535 2612 1572 2651 ἐς
1613 2608 1823 2648 ABCP

154 2680 175 2717 7
219 2665 428 2718 ἐπιέμενον
469 2667 505 2705 R
526 2680 535 2706 τ
584 2665 740 2707 ἐπιένον
777 2665 840 2704 V:
882 2671 1046 2706 εἵποντα
1081 2665 1111 2703 S
1335 2665 1419 2705 εἶπε
1461 2665 1494 2703 C
1514 2664 1578 2703 V:
1629 2663 1752 2717 ἐρέειν
1793 2665 1823 2702 S

153 2722 179 2759 8
208 2720 323 2763 οὐθὲν
345 2721 384 2760 R
399 2721 479 2761 SV
591 2719 980 2772 ἐπικατεψευσμένος
1003 2719 1042 2758 Α
1058 2719 1092 2758 Β
1109 2720 1141 2758 C
1157 2719 1190 2758 P
1344 2732 1394 2757 10
1422 2718 1630 2771 Περσέων]
1653 2720 1751 2771 ἀνὴρ
1772 2725 1821 2759 Π.

157 2775 292 2817 RSV
435 2789 479 2816 11
513 2776 622 2827 ὂνόμ.
646 2775 837 2814 ABCR
984 2787 1032 2823 13
1062 2776 1098 2814 οἱ
1117 2773 1256 2812 Aldus
1392 2776 1442 2812 16
1471 2774 1666 2827 ἀγγεῖλαί
1688 2772 1825 2813 RSV

158 2843 206 2881 17
227 2829 383 2886 μέρδιος
401 2831 440 2871 R
459 2845 468 2869 t
496 2830 680 2885 σμέρδιος
694 2831 732 2870 V
826 2832 879 2872 εἰς
899 2830 936 2868 R
952 2829 989 2868 V
1118 2842 1167 2879 19
1187 2827 1363 2870 ἀπέκλαιε
1383 2828 1421 2867 R
1534 2841 1582 2867 21
1606 2831 1765 2871 Σοῦσαν
1783 2828 1822 2866 R

156 2899 208 2925 22
238 2889 274 2927 οἱ
294 2900 375 2926 om.
400 2886 434 2925 C
545 2898 598 2935 24
627 2886 759 2927 τώυτὸ
782 2885 1052 2926 Herwerden
1176 2895 1227 2933 25
1257 2885 1331 2924 τὸν
1353 2889 1434 2924 τῶν
1455 2882 1489 2921 C
1506 2883 1560 2924 P:
1592 2885 1640 2924 τὸ
1657 2887 1740 2924 τῶν
1761 2883 1795 2921 Β
1814 2895 1823 2922 :

155 2943 228 2981 τὸν
252 2941 290 2980 R
305 2942 359 2982 S:
390 2945 472 2983 τῶν
493 2940 580 2980 AV
771 2942 823 2979 26
856 2940 1010 2993 καιρίην
1032 2938 1257 2978 Blomfield
1385 2937 1482 2979 πόλι
1505 2938 1563 2977 P:
1593 2937 1711 2979 πόλει
1732 2939 1822 2978 rell.

158 2996 238 3048 [V]
451 3009 501 3046 27
543 2997 605 3038 ὅτι
634 3009 715 3037 om.
749 2995 884 3035 RSV
997 2994 1112 3041 Ἀκβ.
1151 2993 1338 3032 ABCP
1372 2993 1439 3032 hic
1473 2998 1516 3032 et
1554 2992 1662 3033 infra
1772 2994 1822 3034 τὸ

157 3051 387 3090 CPRSV
