2098 3320
766 193 1147 244 ΙΣΤΟΡΙΩΝ
1208 192 1253 242 Α

1891 197 1928 245 Ι.
1948 206 2042 257 140

179 330 391 383 ποιεῦσι.
440 325 879 392 κατακηρώσαντες
917 327 971 376 δὲ
1002 320 1072 375 ὧν
1103 327 1188 375 τὸν
1220 322 1366 376 νέκυν
1404 322 1603 391 Πέρσαι
1642 324 1706 394 γῇ
1740 325 2098 391 κρύ-ωκκὶκ.

180 432 377 467 πτουσι.
430 409 582 479 μάγοι
606 413 659 462 δὲ
684 410 1012 478 κεχωρίδαται
1038 413 1233 460 πολλὸν
1258 412 1357 460 τῶν
1382 430 1434 461 τε
1462 407 1635 460 ἄλλων
1661 409 1850 475 ἀνθρώ·
1873 416 2064 476 eustor-

179 517 285 550 πων
316 495 396 548 καὶ
430 500 529 548 τῶν
580 496 634 547 ἐν
681 494 915 564 Αἰγύπτῳ
969 491 1131 560 ἱρέων·
1178 495 1224 545 οἱ
1276 495 1368 558 μὲν
1427 495 1523 561 γὰρ
1585 492 1853 559 ἁγνεύουσι
1892 507 2098 560 3,me

179 582 411 650 ἔμψυχον
438 582 594 647 μηδὲν
619 580 844 638 κτείνειν,
879 580 922 631 εἰ
950 599 1016 644 μη
1049 579 1148 629 ὅσα
1191 577 1381 629 θύουσι·
1430 580 1475 629 οἱ
1513 579 1565 629 δὲ
1605 576 1663 641 δὴ
1700 575 1851 644 μάγοι

132 691 154 733 5
179 666 462 738 αὐτοχειρίῃ
498 663 666 718 πάντα
688 664 822 729 πλὴν
862 662 1004 717 κυνὸς
1047 662 1127 714 καὶ
1165 663 1428 729 ἀνθρώπου
1466 663 1734 720 κτείνουσι,
1772 662 1849 714 καὶ

178 750 439 819 ἀγώνισμα
482 749 613 818 μέγα
658 754 804 801 τοῦτο
851 752 1121 806 ποιεῦνται,
1170 748 1447 801 κτείνοντες
1500 748 1681 812 ὁμοίως
1727 748 1846 813 μύρ-

176 834 335 902 μηκάς
375 856 431 888 τε
469 835 548 887 καὶ
600 837 718 902 ὄφις
764 835 843 886 καὶ
889 834 1053 885 τᾶλλα
1106 833 1287 898 ἑρπετὰ
1335 831 1413 884 καὶ
1463 831 1678 884 πετεινά.
1769 831 1848 883 καὶ

179 919 308 988 ἀμφὶ
336 921 428 985 μὲν
456 925 524 990 τῷ
556 920 690 989 νόμῳ
727 919 882 988 τούτῳ
929 916 1085 986 ἐχέτω
1134 917 1198 971 ὡς
1253 916 1331 968 καὶ
1378 915 1537 984 ἀρχὴν
1587 917 1845 982 ἐνομίσθη,

179 1004 343 1070 ἄνειμι
373 1006 427 1056 δὲ
458 1005 539 1056 ἐπὶ
569 1003 656 1056 τὸν
681 1002 922 1070 πρότερον
952 1002 1126 1068 λόγον.

107 1111 157 1141 ιο
256 1087 428 1142 Ἴωνες
459 1091 513 1141 δὲ
539 1089 617 1140 καὶ
642 1086 864 1146 Αἰολέες,
892 1087 956 1140 ὡς
976 1088 1021 1138 οἱ
1045 1086 1195 1137 Λυδοὶ
1220 1084 1438 1153 τάχιστα
1465 1084 1847 1152 κατεστράφατο

177 1172 275 1226 ὑπὸ
320 1172 578 1240 Περσέων,
614 1173 835 1238 ἔπεμπον
876 1169 1123 1238 ἀγγέλους
1169 1172 1219 1223 ἐς
1265 1169 1445 1237 Σάρδις
1489 1173 1621 1236 παρὰ
1668 1173 1846 1236 Κῦρον,

180 1257 441 1312 ἐθέλοντες
482 1258 564 1310 ἐπὶ
604 1263 740 1309 τοῖσι
782 1255 977 1307 αὐτοῖσι
1017 1255 1141 1307 εἶναι
1177 1259 1310 1306 τοῖσι
1353 1255 1431 1307 καὶ
1478 1255 1679 1324 Κροίσῳ
1718 1253 1849 1319 ἦσαν

182 1341 430 1408 κατήκοοι.
499 1344 526 1393 6
566 1345 619 1394 δὲ
662 1342 881 1394 ἀκούσας
922 1339 1080 1392 αὐτῶν
1121 1341 1182 1390 τὰ
1225 1338 1532 1407 προΐσχοντο
1574 1336 1716 1403 ἔλεξέ
1753 1350 1850 1405 σφι

179 1428 352 1496 λόγον,
401 1426 557 1494 ἄνδρα
605 1428 705 1495 φὰς
754 1424 975 1490 αὐλητὴν
1022 1425 1191 1477 ἰδόντα
1234 1425 1373 1491 ἰχθῦς
1411 1425 1464 1476 ἐν
1504 1430 1565 1497 τῇ
1610 1421 1849 1495 θαλάσσῃ

108 1533 154 1575 15
180 1511 393 1572 αὐλέειν,
427 1510 664 1564 δοκέοντά
702 1516 866 1578 σφεας
903 1507 1263 1574 ἐξελεύσεσθαι
1294 1509 1345 1562 ἐς
1375 1511 1487 1575 γῆν·
1536 1508 1601 1562 ὡς
1632 1509 1684 1559 δὲ
1721 1512 1845 1574 ψευ-

182 1599 364 1662 σθῆναι
387 1600 474 1662 τῆς
499 1597 718 1655 ἐλπίδος,
744 1598 928 1660 λαβεῖν
953 1594 1350 1661 ἀμφίβληστρον
1371 1592 1449 1644 καὶ
1474 1596 1772 1659 περιβαλεῖν
1795 1613 1850 1643 τε

181 1684 373 1747 πλῆθος
405 1680 599 1734 πολλὸν
630 1685 729 1732 τῶν
754 1679 939 1747 ἰχθύων
973 1677 1051 1729 καὶ
1083 1674 1350 1744 ἐξειρύσαι,
1379 1677 1546 1729 ἰδόντα
1577 1678 1628 1728 δὲ
1654 1682 1844 1729 παλλο-

179 1765 358 1832 μένους
378 1767 536 1818 εἰπεῖν
557 1764 650 1832 ἄρα
671 1763 819 1817 αὐτὸν
843 1762 965 1830 πρὸς
985 1763 1098 1816 τοὺς
1119 1764 1275 1830 ἰχθῦς·
1314 1760 1553 1813 Παύεσθέ
1568 1782 1653 1827 μοι
1672 1761 1846 1828 ὀρχεό-

180 1871 335 1916 μενοι,
357 1851 465 1903 ἐπεὶ
490 1849 591 1902 οὐδ’
612 1848 728 1915 ἐμέο
748 1847 1017 1901 αὐλέοντος
1039 1846 1247 1911 ἠθέλετε
1269 1846 1523 1912 ἐκβαίνειν
1542 1846 1849 1913 ὀρχεόμενοι.

40 1945 42 1947 ’
107 1958 159 1988 20
182 1938 343 2002 Κῦρος
372 1938 465 2001 μὲν
496 1938 671 1987 τοῦτον
703 1932 791 1986 τὸν
818 1934 976 2000 λόγον
1006 1930 1303 1983 τοῖσιἼωσι
1335 1930 1413 1982 καὶ
1443 1934 1576 1982 τοῖσι
1613 1931 1849 1981 Αἰολεῦσι

182 2023 336 2072 τῶνδε
371 2020 536 2072 εἵνεκα
568 2017 726 2084 ἔλεξε,
760 2018 836 2069 ὅτι
874 2016 931 2080 δὴ
969 2018 1015 2068 οἱ
1039 2014 1209 2070 Ἴωνες
1241 2015 1478 2083 πρότερον
1510 2014 1657 2066 αὐτοῦ
1689 2013 1851 2080 Κύρου

182 2102 444 2169 δεηθέντος
476 2103 538 2156 δι’
576 2102 808 2170 ἀγγέλων
840 2101 1158 2153 ἀπίστασθαί
1186 2107 1350 2167 σφεας
1381 2098 1480 2152 ἀπὸ
1512 2100 1732 2166 Κροίσου
1762 2099 1850 2150 οὐκ

182 2189 455 2248 ἐπείθοντο,
506 2188 620 2240 τότε
669 2189 722 2238 δὲ
773 2183 1186 2253 κατεργασμένων
1234 2188 1332 2236 τῶν
1377 2176 1682 2251 πρηγμάτων
1717 2180 1851 2247 ἦσαν

181 2272 371 2339 ἕτοιμοι
401 2274 662 2325 πείθεσθαι
692 2271 851 2340 Κύρῳ.
899 2271 925 2320 6
955 2271 1047 2335 μὲν
1077 2268 1135 2333 δὴ
1166 2270 1290 2341 ὀργῇ
1322 2254 1560 2336 ἐχόμενος
1583 2266 1729 2334 ἔλεγέ
1752 2274 1851 2334 σφι

106 2381 156 2422 25
180 2356 312 2417 τάδε,
344 2355 518 2411 Ἴωνες
556 2358 609 2409 δὲ
649 2356 714 2409 ὡς
747 2354 971 2421 ἥκουσαν
1007 2353 1194 2405 τούτων
1237 2351 1625 2420 ἀνενειχθέντων
1663 2353 1714 2405 ἐς
1762 2353 1851 2405 τὰς

179 2442 376 2502 πόλιας,
408 2440 579 2509 τείχεά
613 2462 667 2493 τε
696 2438 1061 2507 περιεβάλοντο
1086 2438 1291 2490 ἔκαστοι
1322 2437 1401 2489 καὶ
1433 2435 1768 2504 συνελέγοντο
1799 2437 1851 2489 ἐς

179 2526 461 2578 Πανιώνιον
492 2528 538 2578 οἱ
570 2524 719 2577 ἄλλοι
752 2522 886 2588 πλὴν
918 2522 1205 2587 Μιλησίων·
1252 2521 1375 2588 πρὸς
1398 2521 1606 2587 μούνους
1625 2522 1719 2588 γὰρ
1738 2521 1848 2571 τού-

177 2630 290 2664 τους
321 2610 488 2677 ὅρκιον
511 2613 671 2676 Κῦρος
704 2606 976 2672 ἐποιήσατο
1007 2605 1086 2659 ἐπ’
1112 2607 1220 2659 οἷσί
1246 2627 1338 2672 περ
1363 2607 1389 2656 6
1419 2606 1594 2659 Λυδός·
1639 2608 1772 2656 τοῖσι
1795 2606 1849 2655 δὲ

105 2690 110 2693 “
176 2699 404 2747 λοιποῖσι
453 2693 599 2746 Ἴωσι
661 2691 801 2758 ἔδοξε
848 2696 991 2761 κοινῷ
1047 2692 1184 2760 λόγῳ
1237 2689 1449 2755 πέμπειν
1501 2688 1747 2756 ἀγγέλους
1798 2690 1849 2740 ἐς

234 2843 253 2870 1
287 2830 331 2873 δὲ
350 2831 406 2872 ὧν
427 2831 578 2871 Stein:
608 2831 657 2880 δὴ
677 2830 732 2871 ὧν
753 2830 786 2870 L
929 2842 950 2879 7
983 2828 1093 2879 ὄφεις
1116 2827 1150 2866 L
1264 2826 1420 2876 πετηνά
1441 2827 1496 2866 Cc
1645 2837 1695 2864 10
1726 2841 1845 2866 κατε-

177 2901 231 2927 στ
232 2885 390 2939 ράφατο
409 2883 498 2926 Αῗ·
488 2901 498 2926 ε
527 2886 837 2938 κατεστέψατο
857 2883 897 2923 Α
913 2884 946 2922 Β
961 2883 1022 2922 P·
1052 2881 1386 2949 κατεστρεφέατο
1407 2881 1442 2921 C
1525 2909 1532 2917 x
1615 2892 1663 2930 13
1693 2880 1846 2921 αὐτέων

176 2939 216 2980 Α
230 2940 266 2980 Β
283 2940 318 2980 P
398 2941 651 2995 προΐσχοντο
657 2902 735 2980 Ἕκ
766 2941 1021 3032 προέσχοντο
1043 2936 1079 2976 Β
1094 2936 1158 2976 Ρ.
1187 2935 1390 2990 προσέσχ.
1412 2935 1451 2975 Α
1466 2934 1501 2974 C
1646 2935 1697 2976 18
1725 2934 1844 2974 παύε-

178 2995 271 3038 σθαί
290 2993 344 3035 Β1
549 3008 596 3036 21
629 2997 667 3036 οἱ
694 3007 775 3034 om.
1047 3004 1099 3030 22
1130 2991 1313 3043 ἀγγέλου
1335 2990 1390 3031 P:
1423 2989 1472 3032 δι’
1495 2987 1687 3042 ἀγγέλων
1706 3001 1788 3028 om.
1808 2987 1844 3027 E

175 3060 229 3100 25
257 3050 442 3103 ἅνενεχθ.
466 3049 520 3089 Β1
686 3052 739 3089 26
767 2993 1004 3103 πέἰιεβάλλ
1031 3045 1065 3085 Ρ

1923 552 2098 601 ‘awa

1890 1106 1970 1154 141
