<?xml version="1.0" encoding="UTF-8"?>
<!DOCTYPE html PUBLIC "-//W3C//DTD XHTML 1.0 Transitional//EN"
    "http://www.w3.org/TR/xhtml1/DTD/xhtml1-transitional.dtd">
<html xmlns="http://www.w3.org/1999/xhtml" xml:lang="en" lang="en">
 <head>
  <title>
</title>
<meta http-equiv="Content-Type" content="text/html;charset=utf-8" />
  <meta name='ocr-system' content='tesseract 3.04.00' />
  <meta name='ocr-capabilities' content='ocr_page ocr_carea ocr_par ocr_line ocrx_word'/>
</head>
<body>
  <div class='ocr_page' id='page_1' title='image "./herodotihistoria01herouoft_0038.png"; bbox 0 0 2098 3320; ppageno 0'>
   <div class='ocr_carea' id='block_1_1' title="bbox 118 1736 183 1785">
    <p class='ocr_par' dir='ltr' id='par_1_1' title="bbox 118 1736 183 1785">
     <span class='ocr_line' id='line_1_1' title="bbox 118 1736 183 1785; baseline 0 0"><span class='ocrx_word' id='word_1_1' title='bbox 118 1736 183 1785; x_wconf 90' lang='grc'>45</span> 
     </span>
    </p>
   </div>
   <div class='ocr_carea' id='block_1_2' title="bbox 835 155 1265 214">
    <p class='ocr_par' dir='ltr' id='par_1_2' title="bbox 835 155 1265 214">
     <span class='ocr_line' id='line_1_2' title="bbox 835 155 1265 214; baseline 0 -2"><span class='ocrx_word' id='word_1_2' title='bbox 835 155 1265 214; x_wconf 76' lang='grc' dir='ltr'>ΗΡΟΔΟΤΟΤ</span> 
     </span>
    </p>
   </div>
   <div class='ocr_carea' id='block_1_3' title="bbox 214 292 2010 2048">
    <p class='ocr_par' dir='ltr' id='par_1_3' title="bbox 214 292 1878 618">
     <span class='ocr_line' id='line_1_3' title="bbox 215 292 1875 362; baseline -0.002 -13"><span class='ocrx_word' id='word_1_3' title='bbox 215 319 348 350; x_wconf 91' lang='grc' dir='ltr'>τοισι</span> <span class='ocrx_word' id='word_1_4' title='bbox 392 297 552 350; x_wconf 86' lang='grc' dir='ltr'>ἐπείτε</span> <span class='ocrx_word' id='word_1_5' title='bbox 597 297 736 349; x_wconf 80' lang='grc' dir='ltr'>οὗτος</span> <span class='ocrx_word' id='word_1_6' title='bbox 780 297 1031 362; x_wconf 82' lang='grc' dir='ltr'>ἀμείψατο</span> <span class='ocrx_word' id='word_1_7' title='bbox 1078 298 1314 361; x_wconf 82' lang='grc' dir='ltr'>Κροῖσον,</span> <span class='ocrx_word' id='word_1_8' title='bbox 1361 292 1512 358; x_wconf 82' lang='grc' dir='ltr'>ἤισαν</span> <span class='ocrx_word' id='word_1_9' title='bbox 1554 293 1680 358; x_wconf 79' lang='grc' dir='ltr'>μετὰ</span> <span class='ocrx_word' id='word_1_10' title='bbox 1721 297 1875 345; x_wconf 83' lang='grc' dir='ltr'>ταῦτα</span> 
     </span>
     <span class='ocr_line' id='line_1_4' title="bbox 217 362 1878 478; baseline -0.002 -44"><span class='ocrx_word' id='word_1_11' title='bbox 217 369 747 478; x_wconf 36' lang='grc' dir='ltr'>ἐξηρτυμένοηρλογάσι</span> <span class='ocrx_word' id='word_1_12' title='bbox 776 401 839 433; x_wconf 64' lang='grc' dir='ltr'>τε4</span> <span class='ocrx_word' id='word_1_13' title='bbox 861 381 1085 451; x_wconf 74' lang='grc' dir='ltr'>νεηνίῃσι</span> <span class='ocrx_word' id='word_1_14' title='bbox 1117 380 1195 431; x_wconf 86' lang='grc' dir='ltr'>καὶ</span> <span class='ocrx_word' id='word_1_15' title='bbox 1227 362 1377 453; x_wconf 55' lang='grc' dir='ltr'>κυσί]</span> <span class='ocrx_word' id='word_1_16' title='bbox 1419 378 1708 443; x_wconf 89' lang='grc' dir='ltr'>ἀπικόμενοι</span> <span class='ocrx_word' id='word_1_17' title='bbox 1739 379 1791 430; x_wconf 81' lang='grc' dir='ltr'>δὲ</span> <span class='ocrx_word' id='word_1_18' title='bbox 1824 379 1878 439; x_wconf 66' lang='grc' dir='ltr'>ἐς,</span> 
     </span>
     <span class='ocr_line' id='line_1_5' title="bbox 214 456 1875 531; baseline -0.003 -13"><span class='ocrx_word' id='word_1_19' title='bbox 214 471 300 518; x_wconf 86' lang='grc' dir='ltr'>τὸν</span> <span class='ocrx_word' id='word_1_20' title='bbox 322 464 589 530; x_wconf 82' lang='grc' dir='ltr'>’Όλυμπον</span> <span class='ocrx_word' id='word_1_21' title='bbox 629 464 684 516; x_wconf 89' lang='grc' dir='ltr'>τὸ</span> <span class='ocrx_word' id='word_1_22' title='bbox 725 466 837 531; x_wconf 83' lang='grc' dir='ltr'>ὅρος</span> <span class='ocrx_word' id='word_1_23' title='bbox 879 462 1075 528; x_wconf 77' lang='grc' dir='ltr'>ἐζήτεον</span> <span class='ocrx_word' id='word_1_24' title='bbox 1114 463 1171 515; x_wconf 87' lang='grc' dir='ltr'>τὸ</span> <span class='ocrx_word' id='word_1_25' title='bbox 1212 464 1398 530; x_wconf 90' lang='grc' dir='ltr'>θηρίον,</span> <span class='ocrx_word' id='word_1_26' title='bbox 1440 456 1670 529; x_wconf 82' lang='grc' dir='ltr'>εὑρόντες</span> <span class='ocrx_word' id='word_1_27' title='bbox 1699 464 1752 514; x_wconf 79' lang='grc' dir='ltr'>δὲ</span> <span class='ocrx_word' id='word_1_28' title='bbox 1796 462 1875 514; x_wconf 88' lang='grc' dir='ltr'>καὶ</span> 
     </span>
     <span class='ocr_line' id='line_1_6' title="bbox 215 544 1876 618; baseline -0.001 -16"><span class='ocrx_word' id='word_1_29' title='bbox 215 549 536 616; x_wconf 81' lang='grc' dir='ltr'>περιστάντες</span> <span class='ocrx_word' id='word_1_30' title='bbox 561 548 677 600; x_wconf 85' lang='grc' dir='ltr'>αὐτὸ</span> <span class='ocrx_word' id='word_1_31' title='bbox 702 549 861 618; x_wconf 81' lang='grc' dir='ltr'>κύκλῳ</span> <span class='ocrx_word' id='word_1_32' title='bbox 884 549 1218 613; x_wconf 78' lang='grc' dir='ltr'>ἐσηκόντιζον.</span> <span class='ocrx_word' id='word_1_33' title='bbox 1265 547 1383 599; x_wconf 82' lang='grc' dir='ltr'>ἔνθα</span> <span class='ocrx_word' id='word_1_34' title='bbox 1405 546 1463 611; x_wconf 77' lang='grc' dir='ltr'>δὴ</span> <span class='ocrx_word' id='word_1_35' title='bbox 1485 547 1510 596; x_wconf 97' lang='lat'><em>6</em></span> <span class='ocrx_word' id='word_1_36' title='bbox 1533 544 1709 611; x_wconf 81' lang='grc' dir='ltr'>ξεῖνος,</span> <span class='ocrx_word' id='word_1_37' title='bbox 1732 546 1876 600; x_wconf 75' lang='grc' dir='ltr'>οὗτος</span> 
     </span>
    </p>

    <p class='ocr_par' dir='ltr' id='par_1_4' title="bbox 217 629 2010 2048">
     <span class='ocr_line' id='line_1_7' title="bbox 217 629 1922 700; baseline -0.002 -15"><span class='ocrx_word' id='word_1_38' title='bbox 217 635 274 698; x_wconf 79' lang='grc' dir='ltr'>δὴ</span> <span class='ocrx_word' id='word_1_39' title='bbox 314 635 340 684; x_wconf 92' lang='lat'><em>6</em></span> <span class='ocrx_word' id='word_1_40' title='bbox 377 634 634 700; x_wconf 87' lang='grc' dir='ltr'>καθαρθεὶς</span> <span class='ocrx_word' id='word_1_41' title='bbox 664 636 748 684; x_wconf 86' lang='grc' dir='ltr'>τὸν</span> <span class='ocrx_word' id='word_1_42' title='bbox 784 634 955 699; x_wconf 78' lang='grc' dir='ltr'>φόνον,</span> <span class='ocrx_word' id='word_1_43' title='bbox 991 633 1288 697; x_wconf 84' lang='grc' dir='ltr'>καλεόμενος</span> <span class='ocrx_word' id='word_1_44' title='bbox 1319 633 1373 682; x_wconf 81' lang='grc' dir='ltr'>δὲ</span> <span class='ocrx_word' id='word_1_45' title='bbox 1394 629 1693 697; x_wconf 46' lang='grc' dir='ltr'>νΑδρηστος,</span> <span class='ocrx_word' id='word_1_46' title='bbox 1727 631 1870 682; x_wconf 85' lang='grc' dir='ltr'>ἀκον-</span> <span class='ocrx_word' id='word_1_47' title='bbox 1899 652 1922 692; x_wconf 89' lang='lat'>5</span> 
     </span>
     <span class='ocr_line' id='line_1_8' title="bbox 217 714 1876 790; baseline -0.003 -20"><span class='ocrx_word' id='word_1_48' title='bbox 217 718 475 782; x_wconf 53' lang='lat' dir='ltr'>rsfiourbv</span> <span class='ocrx_word' id='word_1_49' title='bbox 508 718 566 769; x_wconf 80' lang='grc' dir='ltr'>ὗν</span> <span class='ocrx_word' id='word_1_50' title='bbox 601 722 687 768; x_wconf 81' lang='grc' dir='ltr'>τοῦ</span> <span class='ocrx_word' id='word_1_51' title='bbox 721 719 812 782; x_wconf 83' lang='grc' dir='ltr'>μὲν</span> <span class='ocrx_word' id='word_1_52' title='bbox 854 715 1135 790; x_wconf 74' lang='grc' dir='ltr'>ἁμαρτάνει,</span> <span class='ocrx_word' id='word_1_53' title='bbox 1169 714 1405 783; x_wconf 81' lang='grc' dir='ltr'>τυγχάνει</span> <span class='ocrx_word' id='word_1_54' title='bbox 1446 718 1499 767; x_wconf 79' lang='grc' dir='ltr'>δὲ</span> <span class='ocrx_word' id='word_1_55' title='bbox 1533 719 1618 765; x_wconf 84' lang='grc' dir='ltr'>τοῦ</span> <span class='ocrx_word' id='word_1_56' title='bbox 1656 715 1876 781; x_wconf 89' lang='grc' dir='ltr'>Κροίσου</span> 
     </span>
     <span class='ocr_line' id='line_1_9' title="bbox 217 791 1876 872; baseline -0.002 -19"><span class='ocrx_word' id='word_1_57' title='bbox 217 802 405 856; x_wconf 88' lang='grc' dir='ltr'>παιδός.</span> <span class='ocrx_word' id='word_1_58' title='bbox 477 803 502 851; x_wconf 89' lang='grc' dir='ltr'>ὁ</span> <span class='ocrx_word' id='word_1_59' title='bbox 538 804 628 866; x_wconf 82' lang='grc' dir='ltr'>μὲν</span> <span class='ocrx_word' id='word_1_60' title='bbox 667 801 724 864; x_wconf 78' lang='grc' dir='ltr'>δὴ</span> <span class='ocrx_word' id='word_1_61' title='bbox 756 791 977 866; x_wconf 33' lang='grc' dir='ltr'>βληθεὶς)</span> <span class='ocrx_word' id='word_1_62' title='bbox 999 807 1060 872; x_wconf 80' lang='grc' dir='ltr'>τῇ</span> <span class='ocrx_word' id='word_1_63' title='bbox 1096 801 1250 871; x_wconf 80' lang='grc' dir='ltr'>αἰχμῇ</span> <span class='ocrx_word' id='word_1_64' title='bbox 1282 798 1532 863; x_wconf 76' lang='grc' dir='ltr'>ἐξέπλησε</span> <span class='ocrx_word' id='word_1_65' title='bbox 1562 803 1649 850; x_wconf 84' lang='grc' dir='ltr'>τοῦ</span> <span class='ocrx_word' id='word_1_66' title='bbox 1684 798 1876 865; x_wconf 89' lang='grc' dir='ltr'>ὀνείρου</span> 
     </span>
     <span class='ocr_line' id='line_1_10' title="bbox 217 883 1871 960; baseline 0 -24"><span class='ocrx_word' id='word_1_67' title='bbox 217 886 306 949; x_wconf 76' lang='grc' dir='ltr'>τὴν</span> <span class='ocrx_word' id='word_1_68' title='bbox 344 884 531 953; x_wconf 87' lang='grc' dir='ltr'>φήμην,</span> <span class='ocrx_word' id='word_1_69' title='bbox 567 886 673 960; x_wconf 70' lang='grc' dir='ltr'>ἔθεε</span> <span class='ocrx_word' id='word_1_70' title='bbox 710 884 763 936; x_wconf 92' lang='grc' dir='ltr'>δέ</span> <span class='ocrx_word' id='word_1_71' title='bbox 798 897 870 955; x_wconf 78' lang='grc' dir='ltr'>τις</span> <span class='ocrx_word' id='word_1_72' title='bbox 908 883 1164 952; x_wconf 83' lang='grc' dir='ltr'>ἀγγελέων</span> <span class='ocrx_word' id='word_1_73' title='bbox 1204 888 1270 953; x_wconf 80' lang='grc' dir='ltr'>τῷ</span> <span class='ocrx_word' id='word_1_74' title='bbox 1314 885 1512 952; x_wconf 80' lang='grc' dir='ltr'>Κροίσῳ</span> <span class='ocrx_word' id='word_1_75' title='bbox 1554 883 1609 934; x_wconf 87' lang='grc' dir='ltr'>τὸ</span> <span class='ocrx_word' id='word_1_76' title='bbox 1648 883 1871 950; x_wconf 85' lang='grc' dir='ltr'>γεγονός,</span> 
     </span>
     <span class='ocr_line' id='line_1_11' title="bbox 218 966 1873 1035; baseline -0.002 -14"><span class='ocrx_word' id='word_1_77' title='bbox 218 971 513 1035; x_wconf 83' lang='grc' dir='ltr'>ἀπικόμενος</span> <span class='ocrx_word' id='word_1_78' title='bbox 543 972 596 1021; x_wconf 74' lang='grc' dir='ltr'>δὲ</span> <span class='ocrx_word' id='word_1_79' title='bbox 628 971 677 1022; x_wconf 87' lang='grc' dir='ltr'>ἐς</span> <span class='ocrx_word' id='word_1_80' title='bbox 707 971 794 1023; x_wconf 81' lang='grc' dir='ltr'>τὰς</span> <span class='ocrx_word' id='word_1_81' title='bbox 824 968 1000 1035; x_wconf 84' lang='grc' dir='ltr'>Σάρδις</span> <span class='ocrx_word' id='word_1_82' title='bbox 1028 967 1117 1032; x_wconf 86' lang='grc' dir='ltr'>τήν</span> <span class='ocrx_word' id='word_1_83' title='bbox 1148 990 1200 1019; x_wconf 91' lang='grc' dir='ltr'>τε</span> <span class='ocrx_word' id='word_1_84' title='bbox 1230 966 1396 1035; x_wconf 81' lang='grc' dir='ltr'>μάχην</span> <span class='ocrx_word' id='word_1_85' title='bbox 1428 968 1506 1019; x_wconf 89' lang='grc' dir='ltr'>καὶ</span> <span class='ocrx_word' id='word_1_86' title='bbox 1536 967 1622 1019; x_wconf 87' lang='grc' dir='ltr'>τὸν</span> <span class='ocrx_word' id='word_1_87' title='bbox 1651 971 1738 1018; x_wconf 82' lang='grc' dir='ltr'>τοῦ</span> <span class='ocrx_word' id='word_1_88' title='bbox 1760 988 1873 1020; x_wconf 90' lang='grc' dir='ltr'>παι-</span> 
     </span>
     <span class='ocr_line' id='line_1_12' title="bbox 218 1044 1954 1139; baseline -0.002 -34"><span class='ocrx_word' id='word_1_89' title='bbox 218 1053 299 1107; x_wconf 85' lang='grc' dir='ltr'>δὸς</span> <span class='ocrx_word' id='word_1_90' title='bbox 328 1055 482 1119; x_wconf 90' lang='grc' dir='ltr'>μόρον</span> <span class='ocrx_word' id='word_1_91' title='bbox 512 1051 731 1118; x_wconf 87' lang='grc' dir='ltr'>ἐσήμηνέ</span> <span class='ocrx_word' id='word_1_92' title='bbox 760 1055 820 1110; x_wconf 76' lang='grc' dir='ltr'>οἱ,</span> <span class='ocrx_word' id='word_1_93' title='bbox 890 1054 914 1103; x_wconf 89' lang='grc' dir='ltr'><em>ὁ</em></span> <span class='ocrx_word' id='word_1_94' title='bbox 946 1055 998 1104; x_wconf 77' lang='grc' dir='ltr'>δὲ</span> <span class='ocrx_word' id='word_1_95' title='bbox 1031 1044 1342 1122; x_wconf 32' lang='grc' dir='ltr'>Κροῖσοςῖᾗτῷ</span> <span class='ocrx_word' id='word_1_96' title='bbox 1369 1050 1561 1121; x_wconf 81' lang='grc' dir='ltr'>θανάτῳ</span> <span class='ocrx_word' id='word_1_97' title='bbox 1592 1056 1676 1103; x_wconf 81' lang='grc' dir='ltr'>τοῦ</span> <span class='ocrx_word' id='word_1_98' title='bbox 1699 1048 1954 1139; x_wconf 42' lang='grc' dir='ltr'>παιδὸςῦιο</span> 
     </span>
     <span class='ocr_line' id='line_1_13' title="bbox 218 1134 1878 1204; baseline -0.001 -16"><span class='ocrx_word' id='word_1_99' title='bbox 218 1135 673 1204; x_wconf 89' lang='grc' dir='ltr'>συντεταραγμένος</span> <span class='ocrx_word' id='word_1_100' title='bbox 702 1137 897 1202; x_wconf 79' lang='grc' dir='ltr'>μᾶλλόν</span> <span class='ocrx_word' id='word_1_101' title='bbox 926 1158 974 1188; x_wconf 90' lang='grc' dir='ltr'>τι</span> <span class='ocrx_word' id='word_1_102' title='bbox 1005 1135 1369 1203; x_wconf 84' lang='grc' dir='ltr'>ἐδεινολογέετο</span> <span class='ocrx_word' id='word_1_103' title='bbox 1400 1137 1478 1188; x_wconf 85' lang='grc' dir='ltr'>ὅτι</span> <span class='ocrx_word' id='word_1_104' title='bbox 1505 1157 1590 1202; x_wconf 92' lang='grc' dir='ltr'>μιν</span> <span class='ocrx_word' id='word_1_105' title='bbox 1621 1134 1878 1188; x_wconf 89' lang='grc' dir='ltr'>ἀπέκτεινε</span> 
     </span>
     <span class='ocr_line' id='line_1_14' title="bbox 218 1218 1880 1296; baseline -0.001 -24"><span class='ocrx_word' id='word_1_106' title='bbox 218 1221 303 1273; x_wconf 86' lang='grc' dir='ltr'>τὸν</span> <span class='ocrx_word' id='word_1_107' title='bbox 349 1220 493 1275; x_wconf 85' lang='grc' dir='ltr'>αὐτὸς</span> <span class='ocrx_word' id='word_1_108' title='bbox 539 1221 694 1287; x_wconf 89' lang='grc' dir='ltr'>φόνου</span> <span class='ocrx_word' id='word_1_109' title='bbox 740 1220 962 1288; x_wconf 90' lang='grc' dir='ltr'>ἐκάθηρε.</span> <span class='ocrx_word' id='word_1_110' title='bbox 1031 1218 1392 1296; x_wconf 45' lang='grc' dir='ltr'>περιημεκτέων</span> <span class='ocrx_word' id='word_1_111' title='bbox 1439 1222 1493 1272; x_wconf 77' lang='grc' dir='ltr'>δὲ</span> <span class='ocrx_word' id='word_1_112' title='bbox 1538 1221 1597 1292; x_wconf 80' lang='grc' dir='ltr'>τῇ</span> <span class='ocrx_word' id='word_1_113' title='bbox 1645 1220 1880 1292; x_wconf 77' lang='grc' dir='ltr'>συμφορῇ</span> 
     </span>
     <span class='ocr_line' id='line_1_15' title="bbox 220 1280 1880 1371; baseline 0 -15"><span class='ocrx_word' id='word_1_114' title='bbox 220 1309 390 1359; x_wconf 82' lang='grc' dir='ltr'>δεινῶς</span> <span class='ocrx_word' id='word_1_115' title='bbox 421 1303 596 1357; x_wconf 89' lang='grc' dir='ltr'>ἐκάλεε</span> <span class='ocrx_word' id='word_1_116' title='bbox 625 1308 717 1371; x_wconf 81' lang='grc' dir='ltr'>μὲν</span> <span class='ocrx_word' id='word_1_117' title='bbox 742 1306 842 1356; x_wconf 90' lang='grc' dir='ltr'>Δία</span> <span class='ocrx_word' id='word_1_118' title='bbox 874 1303 1160 1371; x_wconf 89' lang='grc' dir='ltr'>καθάρσιον,</span> <span class='ocrx_word' id='word_1_119' title='bbox 1185 1305 1549 1371; x_wconf 84' lang='grc' dir='ltr'>μαρτυρόμενος</span> <span class='ocrx_word' id='word_1_120' title='bbox 1577 1306 1639 1356; x_wconf 79' lang='grc' dir='ltr'>τὰ</span> <span class='ocrx_word' id='word_1_121' title='bbox 1656 1280 1764 1369; x_wconf 67' lang='grc' dir='ltr'>(ὑπὸ</span> <span class='ocrx_word' id='word_1_122' title='bbox 1794 1308 1880 1356; x_wconf 83' lang='grc' dir='ltr'>τοῦ</span> 
     </span>
     <span class='ocr_line' id='line_1_16' title="bbox 220 1380 1872 1473; baseline -0.001 -32"><span class='ocrx_word' id='word_1_123' title='bbox 220 1380 672 1469; x_wconf 38' lang='grc' dir='ltr'>ξείνουᾊπελτφθὼς</span> <span class='ocrx_word' id='word_1_124' title='bbox 709 1391 818 1473; x_wconf 36' lang='grc' dir='ltr'>εἵην</span> <span class='ocrx_word' id='word_1_125' title='bbox 842 1389 1016 1441; x_wconf 86' lang='grc' dir='ltr'>ἐκάλεε</span> <span class='ocrx_word' id='word_1_126' title='bbox 1052 1392 1105 1441; x_wconf 80' lang='grc' dir='ltr'>δὲ</span> <span class='ocrx_word' id='word_1_127' title='bbox 1142 1389 1368 1441; x_wconf 87' lang='grc' dir='ltr'>ἐπίστιόν</span> <span class='ocrx_word' id='word_1_128' title='bbox 1403 1411 1458 1441; x_wconf 91' lang='grc' dir='ltr'>τε</span> <span class='ocrx_word' id='word_1_129' title='bbox 1495 1390 1573 1441; x_wconf 89' lang='grc' dir='ltr'>καὶ</span> <span class='ocrx_word' id='word_1_130' title='bbox 1610 1387 1872 1456; x_wconf 81' lang='grc' dir='ltr'>ἑταιρήιον,</span> 
     </span>
     <span class='ocr_line' id='line_1_17' title="bbox 220 1463 1963 1538; baseline 0.001 -14"><span class='ocrx_word' id='word_1_131' title='bbox 220 1473 307 1525; x_wconf 85' lang='grc' dir='ltr'>τὸν</span> <span class='ocrx_word' id='word_1_132' title='bbox 338 1470 484 1525; x_wconf 76' lang='grc' dir='ltr'>αὐτὸν</span> <span class='ocrx_word' id='word_1_133' title='bbox 515 1463 974 1538; x_wconf 60' lang='grc' dir='ltr'>τοῖἷᾶἶόνομάζων</span> <span class='ocrx_word' id='word_1_134' title='bbox 1006 1473 1135 1532; x_wconf 91' lang='grc' dir='ltr'>θεόν,</span> <span class='ocrx_word' id='word_1_135' title='bbox 1167 1473 1254 1524; x_wconf 87' lang='grc' dir='ltr'>τὸν</span> <span class='ocrx_word' id='word_1_136' title='bbox 1282 1475 1374 1538; x_wconf 78' lang='grc' dir='ltr'>μὲν</span> <span class='ocrx_word' id='word_1_137' title='bbox 1406 1474 1631 1525; x_wconf 90' lang='grc' dir='ltr'>ἐπίστιον</span> <span class='ocrx_word' id='word_1_138' title='bbox 1665 1472 1874 1534; x_wconf 87' lang='grc' dir='ltr'>καλέων,</span> <span class='ocrx_word' id='word_1_139' title='bbox 1906 1489 1963 1534; x_wconf 83' lang='lat'>15-</span> 
     </span>
     <span class='ocr_line' id='line_1_18' title="bbox 223 1555 1876 1625; baseline 0.002 -17"><span class='ocrx_word' id='word_1_140' title='bbox 223 1558 346 1608; x_wconf 85' lang='grc' dir='ltr'>διότι</span> <span class='ocrx_word' id='word_1_141' title='bbox 377 1556 433 1621; x_wconf 79' lang='grc' dir='ltr'>δὴ</span> <span class='ocrx_word' id='word_1_142' title='bbox 466 1558 667 1608; x_wconf 86' lang='grc' dir='ltr'>οἰκίοισι</span> <span class='ocrx_word' id='word_1_143' title='bbox 696 1555 1058 1622; x_wconf 83' lang='grc' dir='ltr'>ὑποδεξάμενος</span> <span class='ocrx_word' id='word_1_144' title='bbox 1087 1556 1173 1609; x_wconf 83' lang='grc' dir='ltr'>τὸν</span> <span class='ocrx_word' id='word_1_145' title='bbox 1203 1556 1367 1622; x_wconf 83' lang='grc' dir='ltr'>ξεῖνον</span> <span class='ocrx_word' id='word_1_146' title='bbox 1400 1555 1560 1625; x_wconf 86' lang='grc' dir='ltr'>φονέα</span> <span class='ocrx_word' id='word_1_147' title='bbox 1590 1563 1676 1610; x_wconf 86' lang='grc' dir='ltr'>τοῦ</span> <span class='ocrx_word' id='word_1_148' title='bbox 1705 1557 1876 1612; x_wconf 85' lang='grc' dir='ltr'>παιδὸς</span> 
     </span>
     <span class='ocr_line' id='line_1_19' title="bbox 222 1639 1925 1710; baseline 0.002 -18"><span class='ocrx_word' id='word_1_149' title='bbox 222 1640 465 1693; x_wconf 87' lang='grc' dir='ltr'>ἐλάνθανε</span> <span class='ocrx_word' id='word_1_150' title='bbox 495 1641 718 1706; x_wconf 82' lang='grc' dir='ltr'>βόσκων,</span> <span class='ocrx_word' id='word_1_151' title='bbox 751 1640 835 1692; x_wconf 88' lang='grc' dir='ltr'>τὸν</span> <span class='ocrx_word' id='word_1_152' title='bbox 867 1643 918 1692; x_wconf 78' lang='grc' dir='ltr'>δὲ</span> <span class='ocrx_word' id='word_1_153' title='bbox 950 1639 1208 1707; x_wconf 83' lang='grc' dir='ltr'>ἑταιρήιον,</span> <span class='ocrx_word' id='word_1_154' title='bbox 1244 1641 1307 1695; x_wconf 81' lang='grc' dir='ltr'>ὡς</span> <span class='ocrx_word' id='word_1_155' title='bbox 1337 1641 1538 1708; x_wconf 87' lang='grc' dir='ltr'>φύλακα</span> <span class='ocrx_word' id='word_1_156' title='bbox 1570 1642 1877 1710; x_wconf 77' lang='grc' dir='ltr'>συμπέμψας</span> <span class='ocrx_word' id='word_1_157' title='bbox 1922 1677 1925 1680; x_wconf 22' lang='grc' dir='ltr'><strong>Δ</strong></span> 
     </span>
     <span class='ocr_line' id='line_1_20' title="bbox 221 1723 1877 1809; baseline 0.002 -34"><span class='ocrx_word' id='word_1_158' title='bbox 221 1725 372 1794; x_wconf 58' lang='grc' dir='ltr'>αρτρν</span> <span class='ocrx_word' id='word_1_159' title='bbox 393 1723 616 1792; x_wconf 52' lang='grc' dir='ltr'>ῒὺρήκοῐ</span> <span class='ocrx_word' id='word_1_160' title='bbox 630 1724 1033 1795; x_wconf 61' lang='grc' dir='ltr'>πολεμιώτατον.</span> <span class='ocrx_word' id='word_1_161' title='bbox 1123 1729 1352 1792; x_wconf 83' lang='grc' dir='ltr'>παρῆσαν</span> <span class='ocrx_word' id='word_1_162' title='bbox 1393 1729 1445 1778; x_wconf 82' lang='grc' dir='ltr'>δὲ</span> <span class='ocrx_word' id='word_1_163' title='bbox 1460 1729 1608 1809; x_wconf 52' lang='grc' dir='ltr'>Γμετὰ</span> <span class='ocrx_word' id='word_1_164' title='bbox 1647 1727 1816 1805; x_wconf 62' lang='grc' dir='ltr'>τοῦτο]</span> <span class='ocrx_word' id='word_1_165' title='bbox 1831 1729 1877 1779; x_wconf 80' lang='grc' dir='ltr'>οἱ</span> 
     </span>
     <span class='ocr_line' id='line_1_21' title="bbox 222 1808 1875 1878; baseline 0.002 -19"><span class='ocrx_word' id='word_1_166' title='bbox 222 1810 373 1861; x_wconf 87' lang='grc' dir='ltr'>Λυδοὶ</span> <span class='ocrx_word' id='word_1_167' title='bbox 409 1808 644 1876; x_wconf 92' lang='grc' dir='ltr'>φέροντες</span> <span class='ocrx_word' id='word_1_168' title='bbox 679 1808 765 1860; x_wconf 88' lang='grc' dir='ltr'>τὸν</span> <span class='ocrx_word' id='word_1_169' title='bbox 801 1810 987 1875; x_wconf 90' lang='grc' dir='ltr'>νεκρόν,</span> <span class='ocrx_word' id='word_1_170' title='bbox 1021 1810 1201 1861; x_wconf 84' lang='grc' dir='ltr'>ὄπισθε</span> <span class='ocrx_word' id='word_1_171' title='bbox 1236 1812 1287 1861; x_wconf 76' lang='grc' dir='ltr'>δὲ</span> <span class='ocrx_word' id='word_1_172' title='bbox 1332 1810 1498 1862; x_wconf 45' lang='grc' dir='ltr'>εἵπετὲό</span> <span class='ocrx_word' id='word_1_173' title='bbox 1530 1814 1575 1862; x_wconf 85' lang='grc' dir='ltr'>οῖ</span> <span class='ocrx_word' id='word_1_174' title='bbox 1613 1811 1638 1860; x_wconf 94' lang='lat'><em>6</em></span> <span class='ocrx_word' id='word_1_175' title='bbox 1676 1812 1875 1878; x_wconf 84' lang='grc' dir='ltr'>φονεύς.</span> 
     </span>
     <span class='ocr_line' id='line_1_22' title="bbox 223 1892 2010 1964; baseline 0.001 -21"><span class='ocrx_word' id='word_1_176' title='bbox 223 1895 346 1945; x_wconf 82' lang='grc' dir='ltr'>στὰς</span> <span class='ocrx_word' id='word_1_177' title='bbox 389 1895 443 1944; x_wconf 79' lang='grc' dir='ltr'>δὲ</span> <span class='ocrx_word' id='word_1_178' title='bbox 486 1893 625 1945; x_wconf 76' lang='grc' dir='ltr'>οὗτος</span> <span class='ocrx_word' id='word_1_179' title='bbox 669 1892 762 1959; x_wconf 84' lang='grc' dir='ltr'>πρὸ</span> <span class='ocrx_word' id='word_1_180' title='bbox 807 1898 892 1944; x_wconf 83' lang='grc' dir='ltr'>τοῦ</span> <span class='ocrx_word' id='word_1_181' title='bbox 935 1898 1107 1959; x_wconf 82' lang='grc' dir='ltr'>νεκροῦ</span> <span class='ocrx_word' id='word_1_182' title='bbox 1150 1892 1410 1960; x_wconf 90' lang='grc' dir='ltr'>παρεδίδου</span> <span class='ocrx_word' id='word_1_183' title='bbox 1455 1893 1636 1946; x_wconf 86' lang='grc' dir='ltr'>ἑωυτὸν</span> <span class='ocrx_word' id='word_1_184' title='bbox 1678 1896 1876 1964; x_wconf 90' lang='grc' dir='ltr'>Κροίσῳ</span> <span class='ocrx_word' id='word_1_185' title='bbox 1905 1916 1954 1944; x_wconf 84' lang='lat'>20</span> <span class='ocrx_word' id='word_1_186' title='bbox 2006 1897 2010 1903; x_wconf 78' lang='lat'>&#39;</span> 
     </span>
     <span class='ocr_line' id='line_1_23' title="bbox 222 1976 1875 2048; baseline 0.001 -20"><span class='ocrx_word' id='word_1_187' title='bbox 222 1978 491 2043; x_wconf 90' lang='grc' dir='ltr'>προτείνων</span> <span class='ocrx_word' id='word_1_188' title='bbox 513 1978 600 2029; x_wconf 79' lang='grc' dir='ltr'>τὰς</span> <span class='ocrx_word' id='word_1_189' title='bbox 629 1982 814 2044; x_wconf 79' lang='grc' dir='ltr'>χεῖρας,</span> <span class='ocrx_word' id='word_1_190' title='bbox 841 1976 1242 2044; x_wconf 81' lang='grc' dir='ltr'>ἐπικατασφάξαι</span> <span class='ocrx_word' id='word_1_191' title='bbox 1263 1999 1347 2043; x_wconf 94' lang='grc' dir='ltr'>μιν</span> <span class='ocrx_word' id='word_1_192' title='bbox 1372 1978 1588 2029; x_wconf 79' lang='grc' dir='ltr'>κελεύων</span> <span class='ocrx_word' id='word_1_193' title='bbox 1617 1983 1681 2047; x_wconf 81' lang='grc' dir='ltr'>τῷ</span> <span class='ocrx_word' id='word_1_194' title='bbox 1704 1983 1875 2048; x_wconf 80' lang='grc' dir='ltr'>νεκρῷ,</span> 
     </span>
    </p>
   </div>
   <div class='ocr_carea' id='block_1_4' title="bbox 181 2058 1898 2134">
    <p class='ocr_par' dir='ltr' id='par_1_5' title="bbox 181 2058 1898 2134">
     <span class='ocr_line' id='line_1_24' title="bbox 181 2058 1898 2134; baseline 0.002 -23"><span class='ocrx_word' id='word_1_195' title='bbox 181 2066 184 2070; x_wconf 86' lang='grc'><strong><em>’</em></strong></span> <span class='ocrx_word' id='word_1_196' title='bbox 222 2060 387 2127; x_wconf 87' lang='grc' dir='ltr'>λέγων</span> <span class='ocrx_word' id='word_1_197' title='bbox 416 2058 505 2125; x_wconf 89' lang='grc' dir='ltr'>τήν</span> <span class='ocrx_word' id='word_1_198' title='bbox 534 2082 586 2111; x_wconf 90' lang='grc' dir='ltr'>τε</span> <span class='ocrx_word' id='word_1_199' title='bbox 617 2059 858 2130; x_wconf 77' lang='grc' dir='ltr'>προτέρην</span> <span class='ocrx_word' id='word_1_200' title='bbox 889 2064 1068 2113; x_wconf 81' lang='grc' dir='ltr'>ἑωυτοῦ</span> <span class='ocrx_word' id='word_1_201' title='bbox 1101 2060 1379 2129; x_wconf 88' lang='grc' dir='ltr'>συμφορήν,</span> <span class='ocrx_word' id='word_1_202' title='bbox 1409 2062 1486 2114; x_wconf 90' lang='grc' dir='ltr'>καὶ</span> <span class='ocrx_word' id='word_1_203' title='bbox 1518 2061 1689 2124; x_wconf 74' lang='grc' dir='ltr'>ὡς(ἐπ’</span> <span class='ocrx_word' id='word_1_204' title='bbox 1716 2064 1898 2134; x_wconf 49' lang='grc' dir='ltr'>ἐκείνῃῖ</span> 
     </span>
    </p>
   </div>
   <div class='ocr_carea' id='block_1_5' title="bbox 159 2249 185 2280">
    <p class='ocr_par' dir='ltr' id='par_1_6' title="bbox 159 2249 185 2280">
     <span class='ocr_line' id='line_1_25' title="bbox 159 2249 185 2280; baseline 0 0"><span class='ocrx_word' id='word_1_205' title='bbox 159 2249 185 2280; x_wconf 87' lang='lat'>2</span> 
     </span>
    </p>
   </div>
   <div class='ocr_carea' id='block_1_6' title="bbox 224 2138 1872 2213">
    <p class='ocr_par' dir='ltr' id='par_1_7' title="bbox 224 2138 1872 2213">
     <span class='ocr_line' id='line_1_26' title="bbox 224 2138 1872 2213; baseline 0.002 -18"><span class='ocrx_word' id='word_1_206' title='bbox 224 2144 311 2196; x_wconf 84' lang='grc' dir='ltr'>τὸν</span> <span class='ocrx_word' id='word_1_207' title='bbox 364 2143 639 2210; x_wconf 89' lang='grc' dir='ltr'>καθήραντα</span> <span class='ocrx_word' id='word_1_208' title='bbox 662 2138 1022 2213; x_wconf 68' lang='grc' dir='ltr'>[ἀπολωλεκὼς</span> <span class='ocrx_word' id='word_1_209' title='bbox 1075 2147 1164 2210; x_wconf 84' lang='grc' dir='ltr'>ε’ίη,</span> <span class='ocrx_word' id='word_1_210' title='bbox 1218 2145 1329 2197; x_wconf 81' lang='grc' dir='ltr'>οὐδέ</span> <span class='ocrx_word' id='word_1_211' title='bbox 1388 2148 1434 2198; x_wconf 82' lang='grc' dir='ltr'>οἱ</span> <span class='ocrx_word' id='word_1_212' title='bbox 1486 2148 1558 2211; x_wconf 80' lang='grc' dir='ltr'>ε’ίη</span> <span class='ocrx_word' id='word_1_213' title='bbox 1607 2147 1872 2212; x_wconf 85' lang='grc' dir='ltr'>βιώσιμον.</span> 
     </span>
    </p>
   </div>
   <div class='ocr_carea' id='block_1_7' title="bbox 219 2221 1950 2548">
    <p class='ocr_par' dir='ltr' id='par_1_8' title="bbox 219 2221 1950 2548">
     <span class='ocr_line' id='line_1_27' title="bbox 224 2221 1874 2296; baseline 0.001 -17"><span class='ocrx_word' id='word_1_214' title='bbox 224 2231 440 2294; x_wconf 84' lang='grc' dir='ltr'>Κροῖσος</span> <span class='ocrx_word' id='word_1_215' title='bbox 477 2231 529 2280; x_wconf 81' lang='grc' dir='ltr'>δὲ</span> <span class='ocrx_word' id='word_1_216' title='bbox 566 2227 751 2280; x_wconf 87' lang='grc' dir='ltr'>τούτων</span> <span class='ocrx_word' id='word_1_217' title='bbox 787 2222 1003 2281; x_wconf 81' lang='grc' dir='ltr'>ἀκούσας</span> <span class='ocrx_word' id='word_1_218' title='bbox 1038 2221 1215 2281; x_wconf 42' lang='lat' dir='ltr'>{gh-{e</span> <span class='ocrx_word' id='word_1_219' title='bbox 1240 2228 1524 2296; x_wconf 83' lang='grc' dir='ltr'>’Άδρηστον</span> <span class='ocrx_word' id='word_1_220' title='bbox 1567 2232 1874 2296; x_wconf 88' lang='grc' dir='ltr'>κατοικτίρει,</span> 
     </span>
     <span class='ocr_line' id='line_1_28' title="bbox 227 2312 1950 2387; baseline 0.002 -25"><span class='ocrx_word' id='word_1_221' title='bbox 227 2313 397 2378; x_wconf 86' lang='grc' dir='ltr'>καίπερ</span> <span class='ocrx_word' id='word_1_222' title='bbox 429 2312 523 2363; x_wconf 87' lang='grc' dir='ltr'>ἐὼν</span> <span class='ocrx_word' id='word_1_223' title='bbox 555 2313 607 2363; x_wconf 85' lang='grc' dir='ltr'>ἐν</span> <span class='ocrx_word' id='word_1_224' title='bbox 645 2317 772 2381; x_wconf 77' lang='grc' dir='ltr'>κακῷ</span> <span class='ocrx_word' id='word_1_225' title='bbox 809 2313 975 2381; x_wconf 84' lang='grc' dir='ltr'>οἰκηίῳ</span> <span class='ocrx_word' id='word_1_226' title='bbox 1012 2313 1248 2382; x_wconf 86' lang='grc' dir='ltr'>τοσούτῳ,</span> <span class='ocrx_word' id='word_1_227' title='bbox 1285 2313 1362 2364; x_wconf 86' lang='grc' dir='ltr'>καὶ</span> <span class='ocrx_word' id='word_1_228' title='bbox 1393 2313 1533 2381; x_wconf 85' lang='grc' dir='ltr'>λέγει</span> <span class='ocrx_word' id='word_1_229' title='bbox 1560 2313 1688 2387; x_wconf 56' lang='grc' dir='ltr'>πρὸς</span> <span class='ocrx_word' id='word_1_230' title='bbox 1710 2315 1874 2366; x_wconf 84' lang='grc' dir='ltr'>αὐτόν·</span> <span class='ocrx_word' id='word_1_231' title='bbox 1903 2342 1950 2383; x_wconf 89' lang='lat'>25</span> 
     </span>
     <span class='ocr_line' id='line_1_29' title="bbox 219 2377 1876 2472; baseline 0.002 -27"><span class='ocrx_word' id='word_1_232' title='bbox 219 2393 377 2463; x_wconf 76' lang='grc' dir='ltr'>”Εχω,</span> <span class='ocrx_word' id='word_1_233' title='bbox 410 2392 448 2445; x_wconf 72' lang='grc' dir='ltr'><strong>ὦ</strong></span> <span class='ocrx_word' id='word_1_234' title='bbox 479 2394 624 2460; x_wconf 83' lang='grc' dir='ltr'>ξεῖνε,</span> <span class='ocrx_word' id='word_1_235' title='bbox 644 2377 789 2472; x_wconf 57' lang='grc' dir='ltr'>(παρὰ</span> <span class='ocrx_word' id='word_1_236' title='bbox 819 2400 908 2448; x_wconf 82' lang='grc' dir='ltr'>σεῦ</span> <span class='ocrx_word' id='word_1_237' title='bbox 983 2399 1113 2447; x_wconf 82' lang='grc' dir='ltr'>ἃσαν</span> <span class='ocrx_word' id='word_1_238' title='bbox 1148 2396 1236 2461; x_wconf 80' lang='grc' dir='ltr'>τὴν</span> <span class='ocrx_word' id='word_1_239' title='bbox 1269 2398 1423 2462; x_wconf 84' lang='grc' dir='ltr'>δίκην,</span> <span class='ocrx_word' id='word_1_240' title='bbox 1457 2386 1645 2469; x_wconf 38' lang='lat' dir='ltr'>{ER-{325</span> <span class='ocrx_word' id='word_1_241' title='bbox 1658 2387 1876 2450; x_wconf 55' lang='grc' dir='ltr'>ἷέωυτοῦ</span> 
     </span>
     <span class='ocr_line' id='line_1_30' title="bbox 227 2474 1884 2548; baseline 0.002 -19"><span class='ocrx_word' id='word_1_242' title='bbox 227 2477 559 2543; x_wconf 81' lang='grc' dir='ltr'>καταδικάζεις</span> <span class='ocrx_word' id='word_1_243' title='bbox 599 2478 826 2532; x_wconf 85' lang='grc' dir='ltr'>θάνατον.</span> <span class='ocrx_word' id='word_1_244' title='bbox 917 2479 986 2533; x_wconf 72' lang='grc' dir='ltr'>εἷς</span> <span class='ocrx_word' id='word_1_245' title='bbox 1026 2482 1078 2531; x_wconf 81' lang='grc' dir='ltr'>δὲ</span> <span class='ocrx_word' id='word_1_246' title='bbox 1117 2480 1174 2531; x_wconf 83' lang='grc' dir='ltr'>οὐ</span> <span class='ocrx_word' id='word_1_247' title='bbox 1214 2481 1280 2532; x_wconf 86' lang='grc' dir='ltr'>σύ</span> <span class='ocrx_word' id='word_1_248' title='bbox 1313 2483 1427 2546; x_wconf 72' lang='grc' dir='ltr'>μοι(</span> <span class='ocrx_word' id='word_1_249' title='bbox 1430 2485 1572 2548; x_wconf 82' lang='grc' dir='ltr'>τοῦδε</span> <span class='ocrx_word' id='word_1_250' title='bbox 1605 2487 1692 2533; x_wconf 84' lang='grc' dir='ltr'>τοῦ</span> <span class='ocrx_word' id='word_1_251' title='bbox 1730 2474 1884 2541; x_wconf 47' lang='lat' dir='ltr'>mxci}</span> 
     </span>
    </p>
   </div>
   <div class='ocr_carea' id='block_1_8' title="bbox 226 2562 1877 2630">
    <p class='ocr_par' dir='ltr' id='par_1_9' title="bbox 226 2562 1877 2630">
     <span class='ocr_line' id='line_1_31' title="bbox 226 2562 1877 2630; baseline 0.004 -17"><span class='ocrx_word' id='word_1_252' title='bbox 226 2564 395 2621; x_wconf 91' lang='grc' dir='ltr'>α’ίτιος,</span> <span class='ocrx_word' id='word_1_253' title='bbox 430 2564 472 2615; x_wconf 89' lang='grc' dir='ltr'>εἰ</span> <span class='ocrx_word' id='word_1_254' title='bbox 500 2562 566 2628; x_wconf 72' lang='grc' dir='ltr'>μὴ</span> <span class='ocrx_word' id='word_1_255' title='bbox 599 2564 722 2615; x_wconf 83' lang='grc' dir='ltr'>ὅσον</span> <span class='ocrx_word' id='word_1_256' title='bbox 753 2562 910 2616; x_wconf 85' lang='grc' dir='ltr'>ἀέκων</span> <span class='ocrx_word' id='word_1_257' title='bbox 942 2562 1234 2630; x_wconf 76' lang='grc' dir='ltr'>ἐξεργάσαο,</span> <span class='ocrx_word' id='word_1_258' title='bbox 1268 2566 1402 2616; x_wconf 82' lang='grc' dir='ltr'>ἀλλὰ</span> <span class='ocrx_word' id='word_1_259' title='bbox 1432 2569 1557 2618; x_wconf 84' lang='grc' dir='ltr'>θεῶν</span> <span class='ocrx_word' id='word_1_260' title='bbox 1588 2565 1674 2617; x_wconf 86' lang='grc' dir='ltr'>κού</span> <span class='ocrx_word' id='word_1_261' title='bbox 1702 2587 1790 2625; x_wconf 88' lang='grc' dir='ltr'>τις,</span> <span class='ocrx_word' id='word_1_262' title='bbox 1821 2566 1877 2619; x_wconf 83' lang='grc' dir='ltr'>ὅς</span> 
     </span>
    </p>
   </div>
   <div class='ocr_carea' id='block_1_9' title="bbox 166 2624 1878 2751">
    <p class='ocr_par' dir='ltr' id='par_1_10' title="bbox 166 2624 1878 2751">
     <span class='ocr_line' id='line_1_32' title="bbox 166 2624 1878 2751; baseline 0.004 -54"><span class='ocrx_word' id='word_1_263' title='bbox 166 2668 191 2712; x_wconf 91' lang='lat'>3</span> <span class='ocrx_word' id='word_1_264' title='bbox 225 2667 308 2711; x_wconf 89' lang='grc' dir='ltr'>μοι</span> <span class='ocrx_word' id='word_1_265' title='bbox 341 2647 418 2698; x_wconf 83' lang='grc' dir='ltr'>καὶ</span> <span class='ocrx_word' id='word_1_266' title='bbox 448 2645 602 2698; x_wconf 89' lang='grc' dir='ltr'>πάλαι</span> <span class='ocrx_word' id='word_1_267' title='bbox 633 2646 966 2713; x_wconf 89' lang='grc' dir='ltr'>προεσήμαινε</span> <span class='ocrx_word' id='word_1_268' title='bbox 995 2649 1056 2698; x_wconf 81' lang='grc' dir='ltr'>τὰ</span> <span class='ocrx_word' id='word_1_269' title='bbox 1085 2647 1338 2712; x_wconf 88' lang='grc' dir='ltr'>μέλλοντα</span> <span class='ocrx_word' id='word_1_270' title='bbox 1368 2649 1591 2701; x_wconf 86' lang='grc' dir='ltr'>ἔσεσθαι.</span> <span class='ocrx_word' id='word_1_271' title='bbox 1611 2624 1878 2751; x_wconf 49' lang='grc' dir='ltr'>ἱῖζροΐσος</span> 
     </span>
    </p>
   </div>
   <div class='ocr_carea' id='block_1_10' title="bbox 226 2753 1878 3110">
    <p class='ocr_par' dir='ltr' id='par_1_11' title="bbox 226 2753 1878 3110">
     <span class='ocr_line' id='line_1_33' title="bbox 281 2753 1875 2838; baseline 0.004 -16"><span class='ocrx_word' id='word_1_272' title='bbox 281 2797 305 2822; x_wconf 80' lang='lat'>2</span> <span class='ocrx_word' id='word_1_273' title='bbox 345 2784 428 2836; x_wconf 76' lang='grc' dir='ltr'>καὶ]</span> <span class='ocrx_word' id='word_1_274' title='bbox 463 2801 509 2825; x_wconf 79' lang='grc' dir='ltr'>τε</span> <span class='ocrx_word' id='word_1_275' title='bbox 539 2785 602 2826; x_wconf 78' lang='grc' dir='ltr'>καὶ</span> <span class='ocrx_word' id='word_1_276' title='bbox 635 2784 809 2823; x_wconf 87' lang='lat' dir='ltr'>RSVb</span> <span class='ocrx_word' id='word_1_277' title='bbox 1029 2798 1054 2834; x_wconf 87' lang='grc'>3</span> <span class='ocrx_word' id='word_1_278' title='bbox 1089 2798 1150 2835; x_wconf 84' lang='lat' dir='ltr'>pr.</span> <span class='ocrx_word' id='word_1_279' title='bbox 1184 2787 1232 2826; x_wconf 81' lang='grc' dir='ltr'>τὸ</span> <span class='ocrx_word' id='word_1_280' title='bbox 1261 2800 1343 2825; x_wconf 87' lang='lat' dir='ltr'>om.</span> <span class='ocrx_word' id='word_1_281' title='bbox 1378 2786 1460 2824; x_wconf 89' lang='lat' dir='ltr'>SV</span> <span class='ocrx_word' id='word_1_282' title='bbox 1597 2753 1649 2805; x_wconf 50' lang='lat' dir='ltr'>V</span> <span class='ocrx_word' id='word_1_283' title='bbox 1679 2800 1702 2836; x_wconf 82' lang='lat'>4</span> <span class='ocrx_word' id='word_1_284' title='bbox 1738 2787 1875 2838; x_wconf 69' lang='grc' dir='ltr'>οὗτος]</span> 
     </span>
     <span class='ocr_line' id='line_1_34' title="bbox 227 2839 1876 2893; baseline 0 -14"><span class='ocrx_word' id='word_1_285' title='bbox 227 2841 345 2880; x_wconf 81' lang='grc' dir='ltr'>αὐτὸς</span> <span class='ocrx_word' id='word_1_286' title='bbox 367 2839 406 2876; x_wconf 91' lang='lat' dir='ltr'><strong>R</strong></span> <span class='ocrx_word' id='word_1_287' title='bbox 422 2839 451 2878; x_wconf 91' lang='lat' dir='ltr'>S</span> <span class='ocrx_word' id='word_1_288' title='bbox 465 2839 502 2877; x_wconf 96' lang='lat' dir='ltr'>V</span> <span class='ocrx_word' id='word_1_289' title='bbox 516 2840 540 2878; x_wconf 92' lang='lat' dir='ltr'>b</span> <span class='ocrx_word' id='word_1_290' title='bbox 651 2841 678 2877; x_wconf 89' lang='lat'><em>6</em></span> <span class='ocrx_word' id='word_1_291' title='bbox 706 2856 752 2880; x_wconf 88' lang='grc' dir='ltr'>υν</span> <span class='ocrx_word' id='word_1_292' title='bbox 773 2841 803 2880; x_wconf 86' lang='lat' dir='ltr'>S</span> <span class='ocrx_word' id='word_1_293' title='bbox 817 2839 895 2879; x_wconf 75' lang='lat' dir='ltr'>Vc:</span> <span class='ocrx_word' id='word_1_294' title='bbox 929 2843 1003 2880; x_wconf 82' lang='grc' dir='ltr'>σῦν</span> <span class='ocrx_word' id='word_1_295' title='bbox 1023 2840 1111 2879; x_wconf 86' lang='lat' dir='ltr'><strong>rell.</strong></span> <span class='ocrx_word' id='word_1_296' title='bbox 1135 2865 1138 2867; x_wconf 98' lang='lat'>-</span> <span class='ocrx_word' id='word_1_297' title='bbox 1234 2841 1259 2878; x_wconf 89' lang='lat'>8</span> <span class='ocrx_word' id='word_1_298' title='bbox 1289 2843 1414 2890; x_wconf 83' lang='grc' dir='ltr'>φῆμιν</span> <span class='ocrx_word' id='word_1_299' title='bbox 1436 2841 1465 2880; x_wconf 86' lang='lat' dir='ltr'>S</span> <span class='ocrx_word' id='word_1_300' title='bbox 1479 2840 1533 2879; x_wconf 87' lang='lat' dir='ltr'>Vc</span> <span class='ocrx_word' id='word_1_301' title='bbox 1617 2847 1673 2893; x_wconf 77' lang='grc' dir='ltr'>τῷ</span> <span class='ocrx_word' id='word_1_302' title='bbox 1693 2855 1772 2880; x_wconf 89' lang='lat' dir='ltr'>om.</span> <span class='ocrx_word' id='word_1_303' title='bbox 1801 2841 1839 2879; x_wconf 86' lang='lat' dir='ltr'>A</span> <span class='ocrx_word' id='word_1_304' title='bbox 1855 2855 1876 2880; x_wconf 89' lang='lat' dir='ltr'>e</span> 
     </span>
     <span class='ocr_line' id='line_1_35' title="bbox 229 2892 1878 2947; baseline 0.002 -17"><span class='ocrx_word' id='word_1_305' title='bbox 229 2906 279 2931; x_wconf 92' lang='lat'>10</span> <span class='ocrx_word' id='word_1_306' title='bbox 321 2892 515 2943; x_wconf 80' lang='grc' dir='ltr'>ἐσήμαινέ</span> <span class='ocrx_word' id='word_1_307' title='bbox 552 2893 590 2930; x_wconf 88' lang='lat' dir='ltr'><strong>R</strong></span> <span class='ocrx_word' id='word_1_308' title='bbox 607 2894 637 2931; x_wconf 86' lang='lat' dir='ltr'>S</span> <span class='ocrx_word' id='word_1_309' title='bbox 650 2894 687 2931; x_wconf 89' lang='lat' dir='ltr'>V</span> <span class='ocrx_word' id='word_1_310' title='bbox 701 2894 725 2931; x_wconf 91' lang='lat' dir='ltr'>b</span> <span class='ocrx_word' id='word_1_311' title='bbox 948 2897 996 2932; x_wconf 87' lang='lat'>16</span> <span class='ocrx_word' id='word_1_312' title='bbox 1039 2895 1187 2942; x_wconf 85' lang='grc' dir='ltr'>οἶκίησι</span> <span class='ocrx_word' id='word_1_313' title='bbox 1227 2896 1256 2933; x_wconf 86' lang='lat' dir='ltr'>S</span> <span class='ocrx_word' id='word_1_314' title='bbox 1270 2894 1307 2931; x_wconf 89' lang='lat' dir='ltr'>V</span> <span class='ocrx_word' id='word_1_315' title='bbox 1320 2895 1345 2932; x_wconf 90' lang='lat' dir='ltr'>b</span> <span class='ocrx_word' id='word_1_316' title='bbox 1511 2896 1666 2947; x_wconf 81' lang='grc' dir='ltr'>ἀποδεξ.</span> <span class='ocrx_word' id='word_1_317' title='bbox 1703 2895 1741 2933; x_wconf 89' lang='lat' dir='ltr'><strong>R</strong></span> <span class='ocrx_word' id='word_1_318' title='bbox 1757 2895 1787 2934; x_wconf 87' lang='lat' dir='ltr'>S</span> <span class='ocrx_word' id='word_1_319' title='bbox 1801 2896 1838 2934; x_wconf 92' lang='lat' dir='ltr'>V</span> <span class='ocrx_word' id='word_1_320' title='bbox 1851 2896 1878 2933; x_wconf 84' lang='lat' dir='ltr'>b</span> 
     </span>
     <span class='ocr_line' id='line_1_36' title="bbox 231 2947 1874 2999; baseline 0.001 -14"><span class='ocrx_word' id='word_1_321' title='bbox 231 2950 279 2986; x_wconf 91' lang='lat'>18</span> <span class='ocrx_word' id='word_1_322' title='bbox 309 2950 413 2999; x_wconf 80' lang='grc' dir='ltr'>αὐτῷ</span> <span class='ocrx_word' id='word_1_323' title='bbox 446 2947 669 2986; x_wconf 87' lang='lat' dir='ltr'>PRSVb</span> <span class='ocrx_word' id='word_1_324' title='bbox 742 2972 745 2974; x_wconf 94' lang='lat'><em>-</em></span> <span class='ocrx_word' id='word_1_325' title='bbox 892 2961 940 2997; x_wconf 91' lang='lat'>19</span> <span class='ocrx_word' id='word_1_326' title='bbox 968 2949 1041 2988; x_wconf 79' lang='grc' dir='ltr'>τὸν</span> <span class='ocrx_word' id='word_1_327' title='bbox 1061 2961 1141 2987; x_wconf 90' lang='lat' dir='ltr'>om.</span> <span class='ocrx_word' id='word_1_328' title='bbox 1174 2948 1358 2987; x_wconf 86' lang='lat' dir='ltr'>PRSV</span> <span class='ocrx_word' id='word_1_329' title='bbox 1576 2964 1626 2987; x_wconf 77' lang='lat'>22</span> <span class='ocrx_word' id='word_1_330' title='bbox 1657 2950 1814 2998; x_wconf 84' lang='grc' dir='ltr'>ἐκείνην</span> <span class='ocrx_word' id='word_1_331' title='bbox 1836 2949 1874 2987; x_wconf 90' lang='lat' dir='ltr'><strong>R</strong></span> 
     </span>
     <span class='ocr_line' id='line_1_37' title="bbox 226 3001 1876 3057; baseline 0.004 -18"><span class='ocrx_word' id='word_1_332' title='bbox 226 3015 278 3051; x_wconf 84' lang='lat'>23</span> <span class='ocrx_word' id='word_1_333' title='bbox 309 3003 531 3052; x_wconf 83' lang='grc' dir='ltr'>καθάραντα</span> <span class='ocrx_word' id='word_1_334' title='bbox 553 3002 636 3040; x_wconf 73' lang='lat' dir='ltr'>RS</span> <span class='ocrx_word' id='word_1_335' title='bbox 651 3003 688 3039; x_wconf 89' lang='lat' dir='ltr'>V</span> <span class='ocrx_word' id='word_1_336' title='bbox 702 3002 726 3039; x_wconf 91' lang='lat' dir='ltr'>b</span> <span class='ocrx_word' id='word_1_337' title='bbox 853 3016 904 3051; x_wconf 74' lang='lat'>24</span> <span class='ocrx_word' id='word_1_338' title='bbox 935 3002 1087 3043; x_wconf 78' lang='grc' dir='ltr'>ἀκούων</span> <span class='ocrx_word' id='word_1_339' title='bbox 1106 3001 1159 3040; x_wconf 85' lang='grc' dir='ltr'>Α1</span> <span class='ocrx_word' id='word_1_340' title='bbox 1176 3016 1197 3041; x_wconf 88' lang='lat' dir='ltr'>c</span> <span class='ocrx_word' id='word_1_341' title='bbox 1299 3004 1562 3057; x_wconf 82' lang='grc' dir='ltr'>κατοικτείρει</span> <span class='ocrx_word' id='word_1_342' title='bbox 1585 3004 1618 3043; x_wconf 90' lang='lat' dir='ltr'><strong>L</strong></span> <span class='ocrx_word' id='word_1_343' title='bbox 1741 3006 1795 3044; x_wconf 83' lang='lat'>26</span> <span class='ocrx_word' id='word_1_344' title='bbox 1824 3005 1876 3045; x_wconf 86' lang='grc' dir='ltr'>σὺ</span> 
     </span>
     <span class='ocr_line' id='line_1_38' title="bbox 228 3055 1415 3110; baseline -0.001 -13"><span class='ocrx_word' id='word_1_345' title='bbox 228 3059 374 3097; x_wconf 84' lang='grc' dir='ltr'>ἑωυτοῦ</span> <span class='ocrx_word' id='word_1_346' title='bbox 396 3058 425 3096; x_wconf 88' lang='lat' dir='ltr'>S</span> <span class='ocrx_word' id='word_1_347' title='bbox 439 3057 494 3095; x_wconf 84' lang='lat' dir='ltr'>Vc</span> <span class='ocrx_word' id='word_1_348' title='bbox 645 3069 696 3107; x_wconf 87' lang='lat'>27</span> <span class='ocrx_word' id='word_1_349' title='bbox 728 3057 765 3097; x_wconf 80' lang='grc' dir='ltr'>εἶ</span> <span class='ocrx_word' id='word_1_350' title='bbox 783 3057 812 3096; x_wconf 83' lang='lat' dir='ltr'>S</span> <span class='ocrx_word' id='word_1_351' title='bbox 827 3057 863 3094; x_wconf 90' lang='lat' dir='ltr'>V</span> <span class='ocrx_word' id='word_1_352' title='bbox 1014 3058 1067 3095; x_wconf 79' lang='lat'>28</span> <span class='ocrx_word' id='word_1_353' title='bbox 1097 3055 1313 3110; x_wconf 78' lang='grc' dir='ltr'>ἐξεργάσας</span> <span class='ocrx_word' id='word_1_354' title='bbox 1335 3058 1364 3097; x_wconf 81' lang='lat' dir='ltr'>S</span> <span class='ocrx_word' id='word_1_355' title='bbox 1378 3059 1415 3096; x_wconf 90' lang='lat' dir='ltr'>V</span> 
     </span>
    </p>
   </div>
  </div>
 </body>
</html>
