2098 3320
48 98 131 146 IV.
163 113 254 148 120

0 327 240 398 3223&

232 500 258 530 2

232 1010 256 1053 Ω.)

178 1845 256 1880 121

166 2349 255 2385 122

933 95 980 141 H
996 93 1364 144 ΡΟΔΟΤΟΎ

296 232 393 292 σφι
424 226 563 276 οὗτοί
588 246 654 292 γε.
681 225 937 291 σύμμαχοι
977 223 1033 274 οὗ
1071 224 1448 290 προσεγίνοντο,
1479 220 1762 287 ὑπεξιόντες
1797 225 1853 276 δὲ
1886 223 1968 276 καὶ

293 309 715 374 ὑπεξελαύνοντες
736 310 797 359 τὰ
817 307 1009 375 φρέατα
1033 309 1094 358 τὰ
1121 306 1403 380 παρεξίοιεν
1422 306 1561 358 αὐτοὶ
1584 307 1769 361 καὶτὰς
1791 305 1969 375 κρήνας
1979 325 2098 373 μου

296 398 532 460 συγχοῦν,
572 392 844 459 τὴν,ποίην
882 413 937 444 τε
974 394 1027 443 ἐκ
1069 394 1156 455 τῆς
1192 395 1285 458 γῆς
1322 392 1588 458 ἐκτρίβειν,
1625 395 1766 459 διχοῦ
1805 374 2098 460 σφέαςᾳαμ

294 478 560 531 διελόντες.
637 478 717 529 καὶ
749 481 871 544 πρὸς
903 479 993 542 μὲν
1025 475 1115 540 τὴν
1148 477 1265 541 μίαν
1289 481 1387 528 τῶν
1415 474 1642 542 μοιρέων,
1666 479 1754 540 τῆς
1785 477 1964 541 ἐβασί-

292 569 408 614 λευε
449 562 731 620 Σκώπασις,
773 559 1119 629 προσχωρέειν
1162 559 1494 627 Σαυρομάτας·
1539 560 1739 613 τούτους
1777 562 1871 626 μὲν
1907 559 1966 625 δὴ
1991 580 2014 622 5

290 646 516 714 ὑπάγειν,
562 641 624 709 ἢν
667 646 749 697 ἐπὶ
796 650 940 696 τοῦτο
985 643 1231 716 τράπηται
1279 646 1305 695 ὁ
1346 643 1564 711 Πέρσης,
1607 643 1684 696 ἰθὺ
1721 643 1968 700 Τανάϊδος

294 735 517 796 ποταμοῦ
567 731 701 795 παρὰ
752 751 842 794 την
895 732 1115 793 Μαιῆτιν
1169 730 1351 794 λίμνην
1401 729 1794 796 ὑποφεύγοντας,
1845 729 1964 782 ἀπε-

291 815 563 868 λαύνοντός
591 836 644 866 τε
675 819 760 865 τοῦ
792 800 1004 880 Πέρσεω
1044 814 1273 867 ἐπιόντας
1304 813 1513 865 διώκειν.
1597 814 1716 878 αὕτη
1747 811 1840 879 μέν
1869 820 1968 881 σφι

291 901 380 964 μία
415 898 476 964 ἧν
510 904 658 966 μοῖρα
693 902 781 964 τῆς
817 899 1111 964 βασιληίης,
1151 896 1424 966 τεταγμένη
1458 897 1638 962 ταύτην
1668 896 1758 962 τὴν
1791 897 1905 950 ὁδὸν
1933 897 1967 963 ἤ

293 1005 384 1051 περ
422 985 623 1050 εἴρηται.
711 985 800 1036 τὰς
837 985 889 1035 δὲ
927 983 1013 1035 δύο
1056 988 1153 1034 τῶν
1190 983 1494 1047 βασιληίων,
1527 980 1618 1046 τήν
1653 1003 1707 1034 τε
1741 981 1966 1050 μεγάλην
1993 1000 2044 1030 10

291 1071 379 1133 τῆς
401 1067 526 1136 ἦρχε
549 1067 866 1135 Ἰδάνθυρσος
900 1067 978 1118 καὶ
1012 1066 1102 1131 τὴν
1125 1068 1296 1135 τρίτην
1321 1070 1408 1132 τῆς
1439 1067 1711 1132 ἐβασίλευε
1732 1065 1964 1131 Τάξακις,

294 1153 638 1207 συνελθούσας
670 1155 721 1206 ἐς
752 1152 907 1204 τώυτὸ
944 1151 1023 1203 καὶ
1060 1155 1301 1204 Γελωνῶν
1330 1173 1384 1203 τε
1419 1151 1498 1202 καὶ
1529 1152 1776 1203 Βουδίνων
1808 1173 1963 1218 προσ·

293 1236 589 1303 γενομένων,
612 1236 796 1303 ἡμέρης
823 1237 901 1288 καὶ
924 1237 1127 1289 τούτους
1155 1237 1249 1306 ὁδ”ᾢ
1275 1234 1583 1304 προέχοντας
1605 1240 1703 1287 τῶν
1722 1234 1966 1302 Περσέων

293 1320 574 1388 ὑπεξάγειν,
624 1322 857 1374 ὑπιόντας
905 1342 959 1373 τε
1013 1321 1090 1372 καὶ
1148 1325 1403 1374 ποιεῦντας
1456 1322 1517 1371 τὰ
1568 1319 1965 1385 βεβουλευμένα.

293 1411 461 1471 πρῶτα
491 1405 583 1471 μέν
615 1426 701 1457 νυν
731 1404 939 1471 ὑπάγειν
964 1404 1131 1472 σφέας
1170 1404 1245 1456 ἰθὺ
1276 1409 1372 1456 τῶν
1404 1403 1607 1472 χωρέων
1631 1409 1729 1456 τῶν
1754 1405 1961 1457 ἀπειπα-
1991 1419 2039 1462 15

292 1489 455 1554 μένων
485 1489 575 1553 τὴν
608 1488 859 1557 σφετέρην
892 1490 1194 1557 συμμαχίην,
1222 1490 1303 1540 ἵνα
1340 1490 1418 1541 καὶ
1448 1489 1648 1542 τούτους
1681 1489 1962 1554 ἐκπολεμώ-

294 1594 443 1625 σωσι·
499 1576 540 1626 εἰ
585 1576 679 1640 γὰρ
724 1573 791 1638 μὴ
840 1574 1035 1627 ἑκόντες
1080 1595 1139 1640 γε
1183 1572 1436 1626 ὑπέδυσαν
1481 1572 1567 1625 τὸν
1611 1573 1834 1638 πόλεμον
1877 1567 1966 1625 τὸν

294 1658 415 1725 πρὸς
454 1658 676 1726 Πέρσας,
717 1657 832 1709 ἀλλ’
870 1656 1107 1712 ἀέκοντας
1155 1659 1518 1723 ἐκπολεμῶσαι·
1563 1659 1688 1722 μετὰ
1727 1659 1781 1709 δὲ
1819 1661 1964 1709 τοῦτο

292 1741 632 1810 ὑποστρέφειν
654 1745 704 1797 ἐς
727 1741 818 1806 τὴν
840 1741 1093 1809 σφετέρην
1118 1743 1195 1794 καὶ
1224 1741 1533 1810 ἐπιχειρέειν,
1555 1737 1616 1806 ἢν
1637 1741 1694 1806 δὴ
1718 1747 1961 1807 βουλευο-

291 1826 490 1892 μένοισι
520 1826 681 1899 δοκέῃ.
761 1831 915 1878 ταῦτα
945 1829 991 1879 οἱ
1022 1826 1206 1878 Σκύθαι
1239 1825 1638 1892 βουλευσάμενοι
1667 1825 1964 1891 ὑπηντίαζον
1988 1843 2041 1874 20

291 1911 618 1984 rhv‘Aapet'ov
638 1908 893 1978 στρατιήν,
917 1911 1225 1977 προδρόμους
1246 1901 1637 1963 ἀποστείλαντες
1657 1915 1755 1962 τῶν
1774 1909 1966 1972 ἱππέων

291 1995 406 2049 τοὺς
430 1997 678 2062 ἀρίστους.
743 1997 830 2048 τὰς
850 1998 903 2047 δὲ
923 1993 1129 2060 ἁμάξας,
1156 1997 1211 2047 ἐν
1230 1994 1354 2067 τῇσί
1376 2002 1474 2062 σφι
1497 1998 1718 2046 διαιτᾶτο
1738 1982 1798 2046 τά
1815 1993 1964 2046 τέκνα

291 2101 346 2131 τε
379 2080 458 2131 καὶ
489 2082 539 2132 αἱ
564 2085 792 2147 γυναῖκες
817 2083 990 2138 πᾶσαι,
1028 2079 1108 2131 καὶ
1141 2081 1201 2130 τὰ
1231 2079 1466 2146 πρόβατα
1496 2078 1673 2138 πάντα,
1700 2077 1834 2142 πλὴν
1863 2080 1963 2130 ὅσα

293 2169 391 2230 σφι
431 2165 482 2218 ἐς
525 2163 727 2231 φορβὴν
769 2165 911 2216 ἱκανὰ
956 2162 1032 2228 ἧν,
1071 2168 1292 2215 τοσαῦτα
1331 2164 1690 2228 ὑπολιπόμενοι
1727 2164 1789 2214 τὰ
1828 2162 1963 2215 ἄλλα

291 2247 392 2312 ἅμα
428 2249 546 2319 τῇσι
585 2246 808 2320 ἁμάξῃσι
847 2247 1198 2315 προέπεμψαν,
1239 2246 1576 2313 ἐντειλάμενοι
1616 2247 1712 2299 αἰεὶ
1747 2244 1805 2298 τὸ
1840 2244 1962 2314 πρὸς
1987 2260 2036 2303 25

291 2331 457 2400 βορέω
479 2333 723 2384 ἐλαύνειν.
794 2336 948 2384 ταῦτα
969 2335 1061 2397 μὲν
1083 2332 1140 2397 δὴ
1160 2332 1525 2399 προεκομίζετο,
1547 2336 1644 2383 τῶν
1662 2334 1715 2383 δὲ
1735 2330 1962 2384 Σκυθέων

351 2481 369 2507 1
402 2468 703 2522 προσεγένοντο
726 2468 757 2508 S
907 2481 931 2507 2
961 2468 1088 2523 τάπερ
1110 2469 1252 2520 ἐξίοιεν
1273 2468 1307 2507 Β
1325 2469 1364 2508 R
1381 2469 1410 2507 S
1424 2469 1462 2508 V
1610 2482 1636 2518 3
1665 2469 1802 2521 διχοὺς
1823 2468 1862 2507 R
1877 2466 1909 2508 S
1923 2467 1962 2508 V

294 2537 319 2574 5
351 2525 539 2565 Κώπασις
562 2525 601 2562 R
618 2524 701 2563 SV
839 2523 1098 2577 Σαυρομάτης
1120 2523 1159 2561 R
1173 2524 1212 2562 V
1345 2537 1366 2573 7
1398 2525 1476 2573 τὴν
1496 2537 1578 2564 om.
1603 2524 1637 2563 C
1768 2536 1818 2563 10
1845 2528 1961 2571 βασι·

296 2578 444 2628 ληιέων
467 2579 861 2628 Schweighaeuser
1048 2591 1092 2616 11
1125 2577 1173 2626 ’ἧς
1193 2577 1233 2616 Α
1247 2579 1281 2617 Β
1298 2579 1332 2618 C
1349 2578 1410 2617 P.
1401 2592 1410 2601 ·
1440 2591 1519 2618 om.
1547 2579 1587 2617 R
1717 2581 1791 2627 τῆς
1810 2590 1892 2618 om.
1919 2578 1960 2617 R

299 2646 346 2672 12
375 2632 711 2727 vrffcr‘yevopee'chv
729 2632 960 2726 BekkerV.
957 2650 1141 2686 προσγιν.
1156 2633 1195 2727 ἑ,
1215 2633 1323 2685 (-νην
1339 2633 1369 2672 S
1383 2633 1441 2725 Y)
1515 2647 1692 2687 προσγ..
1741 2631 1961 2702 ,Περσέων

295 2702 383 2782 {ms-
397 2743 435 2781 V
647 2701 708 2792 Ι137
727 2705 967 2796 ᾜΞιῖηέῐθίη
989 2688 1153 2795 ,¹⁴ssssan
1169 2742 1199 2782 S
1211 2742 1277 2782 V:
1307 2741 1352 2783 δὲ
1377 2699 1466 2781 resll.
1465 2688 1610 2741 χώρων
1627 2689 1961 2791 τὺἶέδῗιῖζγνμῖἔωῦ

299 2799 348 2836 18
378 2799 550 2839 ἄκοντας
583 2798 616 2836 L
785 2798 1142 2848 ἐκπολεμώσεσθαι
1174 2797 1350 2846 Madvig
1572 2809 1622 2846 19
1657 2797 1849 2850 στρέφειν
1878 2794 1960 2834 SV

295 2852 345 2900 ’ἣν
369 2853 407 2891 R
521 2852 564 2893 δὲ
586 2853 619 2890 C
734 2852 1022 2902 βουλομένοισι
1045 2852 1083 2889 R
1100 2851 1130 2889 S
1145 2851 1182 2888 V
1316 2864 1367 2889 22
1390 2854 1591 2892 ἐδιαιτᾶτο
1611 2850 1650 2889 Α
1665 2850 1700 2889 Β
1839 2863 1892 2899 23
1911 2866 1957 2890 τε

295 2919 377 2945 om.
402 2905 443 2944 A
456 2907 491 2944 B
507 2907 540 2945 C
556 2907 589 2945 P
699 2907 831 2948 πάσας
848 2906 878 2946 S
991 2906 1124 2947 πάντα
1139 2919 1222 2945 om.
1241 2905 1280 2944 A
1296 2905 1330 2944 B
1347 2905 1380 2945 C
1493 2919 1543 2955 24
1566 2907 1727 2962 ἀπολιπ.
1747 2904 1781 2944 Ρ
1795 2904 1834 2942 R
1849 2904 1881 2944 S
1894 2905 1956 2944 V:

295 2963 478 3002 ὑπολειπ.
506 2961 540 2999 Β
