2098 3320
9 77 74 128 ΙΙ.
98 78 169 127 26

833 75 1263 124 ΗΡΟΔΟΤΟΎ

208 207 331 257 κατὰ
362 206 562 272 γνώμην
593 204 682 270 τὴν
713 205 835 271 ἐμὴν
869 208 948 259 καὶ
977 207 1064 260 τὸν
1095 206 1217 275 ἠέρα
1246 207 1398 275 ξηρὸν
1427 207 1512 260 τὸν
1542 208 1694 280 ταύτῃ
1726 209 1867 270 εἶναι,

208 290 442 342 διακαίων
485 289 577 354 τὴν
623 289 845 355 διέξοδον
890 286 1072 361 [αὐτῷ]·
1122 293 1247 344 οὕτω
1291 295 1379 356 τῆς
1423 292 1618 357 Λιβύης
1661 294 1723 344 τὰ
1737 290 1868 345 μᾶνω

147 393 171 424 2
207 372 350 439 θέρος
391 373 486 426 αἰεὶ
529 373 741 442 κατέχει.
832 377 875 427 εἰ
915 378 969 427 δὲ
1013 376 1043 440 ἡ
1081 375 1263 429 στάσις
1302 374 1527 441 ἤλλακτο
1568 381 1664 429 τῶν
1702 376 1868 444 ὡρέων

99 1059 161 1109 27

91 1387 155 1435 28

0 1650 156 1691 ‚W

130 1743 153 1774 2

130 2078 154 2122 3

208 457 287 508 καὶ
331 462 417 509 τοῦ
461 458 668 525 οὐρανοῦ
712 460 770 532 τῇ
814 461 906 524 μὲν
956 464 1042 512 νῦν
1082 461 1117 510 .6
1161 459 1346 526 βορέης
1388 482 1443 512 τε
1489 460 1568 512 καὶ
1611 461 1638 511 6
1679 462 1869 529 χειμὼν

207 543 405 601 ἑστᾶσι,
437 542 589 614 ταύτῃ
628 545 720 608 μὲν
759 547 846 594 τοῦ
885 544 1031 596 νότου
1067 543 1128 608 ἣν
1158 544 1187 609 ἡ
1224 543 1405 598 στάσις
1442 544 1521 596 καὶ
1557 547 1644 609 τῆς
1672 566 1864 612 μεσαμ-

203 627 367 691 βρίης,
407 627 465 699 τῇ
500 629 553 678 δὲ
593 628 619 678 ὁ
663 627 807 681 νότος
851 632 944 685 νῦν,
984 628 1181 693 ἕστηκε,
1225 628 1376 700 ταύτῃ
1417 630 1470 680 δὲ
1513 629 1538 679 6
1581 627 1780 696 βορέης,
1823 631 1868 683 εἰ

202 714 357 761 ταῦτα
385 711 539 764 οὕτως
571 711 692 779 εἶχε,
728 713 754 761 6
790 711 930 776 ἥλιος
971 711 1032 764 ἂν
1070 713 1473 778 ἀπελαυνόμενος
1510 714 1563 764 ἐκ
1593 711 1751 778 μέσου
1780 718 1868 766 τοῦ

203 793 412 860 οὐρανοῦ
451 794 545 847 ὑπὸ
581 800 668 847 τοῦ
708 800 953 864 χειμῶνος
997 797 1075 848 καὶ
1115 801 1201 848 τοῦ
1240 795 1405 863 βορέω
1444 795 1524 861 ἤιε
1563 795 1625 850 ἂν
1663 799 1725 848 τὰ
1764 797 1865 854 ἄνω

202 882 289 943 τῆς
322 878 562 944 Εὐρώπης
606 878 729 931 κατά
767 901 859 946 περ
893 884 979 932 νῦν
1015 883 1102 945 τῆς
1146 881 1339 946 Λιβύης
1371 881 1583 948 ἔρχεται,
1618 880 1866 946 διεξιόντα

201 961 241 1011 δ’
291 961 352 1014 ἄν
397 984 482 1028 μιν
530 965 610 1015 διὰ
657 962 843 1029 πάσης
872 963 1114 1031 Εὐρώπης
1163 966 1379 1030 ἔλπομαι
1431 964 1619 1017 ποιέειν
1669 965 1730 1018 ἂν
1778 969 1865 1019 τὸν

1892 570 1915 612 5

1893 990 1941 1018 10

192 1044 394 1113 Ἴστρον
434 1047 494 1099 τά
531 1069 622 1115 περ
658 1052 746 1101 νῦν
785 1047 1043 1116 ἐργάζεται
1083 1047 1172 1102 τὸν
1214 1053 1421 1101 Νεῖλον.
1511 1053 1598 1114 τῆς
1630 1050 1780 1116 αὔρης
1810 1052 1899 1109 δὲ,

197 1129 324 1198 πέρι,
359 1132 435 1183 ὅτι
473 1131 560 1183 οὐκ
597 1131 855 1193 ἀποπνέει,
896 1131 1043 1197 τήνδε
1085 1132 1187 1202 ἔχω
1219 1133 1436 1200 γνώμην,
1471 1133 1536 1187 ὡς
1578 1132 1729 1201 κάρτα
1765 1132 1863 1187 ἀπὸ

196 1214 416 1281 θερμέων
454 1215 659 1284 χωρέων
699 1216 784 1286 οὐκ
826 1218 960 1271 οἰκός
1000 1219 1111 1270 ἐστι
1143 1217 1286 1269 οὐδὲν
1325 1216 1608 1278 ἀποπνέειν,
1649 1218 1770 1287 αὔρη
1809 1220 1863 1271 δὲ

195 1298 293 1352 ἀπὸ
323 1304 523 1368 ψυχροῦ
554 1321 686 1354 τινος
718 1299 887 1368 φιλέει
919 1300 1103 1354 πνέειν.
1198 1332 1208 1341 r

277 1388 448 1436 Ταῦτα
482 1383 573 1449 μέν
611 1406 698 1436 νυν
730 1385 861 1437 ἔστω
901 1385 965 1438 ὡς
1002 1385 1111 1437 ἔστι
1148 1407 1201 1437 τε
1236 1387 1314 1438 καὶ
1351 1385 1415 1440 ὥς
1450 1384 1612 1454 ἀρχὴν
1643 1384 1857 1453 ἐγένετο.

193 1472 279 1519 τοῦ
309 1471 362 1520 δὲ
394 1469 582 1520 Νείλου
616 1471 703 1523 τὰς
736 1471 900 1536 πηγὰς
931 1469 1044 1521 οὔτε
1076 1471 1359 1536 Αἰγυπτίων
1383 1470 1495 1522 οὔτε
1519 1471 1724 1535 Λιβύων
1747 1470 1860 1523 οὔτε

191 1550 457 1617 Ἑλλήνων
493 1558 591 1604 τῶν
626 1553 734 1618 ἐμοὶ
771 1552 1084 1618 ἀπικομένων
1117 1556 1167 1608 ἐς
1201 1555 1384 1621 λόγους
1413 1554 1570 1607 οὐδεὶς
1608 1554 1858 1622 ὑπέσχετο

192 1635 390 1695 εἰδέναι,
424 1638 466 1688 εἰ
497 1636 563 1702 μὴ
597 1639 652 1690 ἐν
687 1637 920 1707 Αἰγύπτῳ
954 1640 1007 1690 ἐν
1037 1637 1131 1690 Σάϊ
1162 1638 1282 1690 πόλι
1306 1640 1331 1689 ὁ
1356 1638 1732 1705 γραμμῃιστὴς
1761 1644 1858 1691 τῶν

192 1722 308 1787 ἱρῶν
353 1721 621 1789 χρημάτων
669 1725 756 1786 τῆς
801 1721 1083 1787 Ἀθηναίης.
1171 1723 1314 1777 οὗτος
1358 1722 1399 1774 δ’
1445 1723 1616 1790 ἔμοιγε
1667 1724 1858 1787 παίζειν

191 1806 370 1865 ἐδόκεε,
407 1804 631 1872 φάμενος
667 1804 848 1858 εἰδέναι
881 1805 1140 1874 ἀτρεκέως.
1217 1807 1362 1874 ἔλεγε
1393 1810 1446 1859 δὲ
1475 1808 1586 1866 ῶδε,
1614 1806 1740 1859 εἶναι
1769 1807 1855 1859 δύο

189 1891 306 1955 ὄρεα
330 1891 380 1943 ἐς
404 1888 492 1954 ὀξὺ
517 1892 603 1943 τὰς
632 1892 853 1957 κορυφᾶς
879 1889 1157 1957 ἀπηγμένα,
1183 1889 1368 1956 μεταξὺ
1393 1889 1581 1955 Συήνης
1604 1912 1657 1943 τε
1681 1892 1856 1946 πόλιος

190 1975 388 2038 κείμενα
425 1977 511 2039 τῆς
545 1972 810 2039 Θηβαΐδος
849 1974 927 2025 καὶ
958 1974 1336 2041 Ἐλεφαντίνης,
1371 1975 1617 2040 οὐνόματα
1648 1977 1700 2026 δὲ
1731 1975 1855 2027 εἶναι

188 2062 320 2109 τοῖσι
345 2059 484 2123 ὄρεσι
516 2063 583 2127 τῷ
613 2060 704 2122 μὲν
741 2061 934 2124 Κρῶφι,
962 2064 1029 2127 τῷ
1061 2061 1114 2110 δὲ
1139 2062 1312 2124 Μῶφι.
1386 2060 1473 2112 τὰς
1506 2057 1573 2110 ῶν
1604 2058 1660 2122 δὴ
1693 2060 1854 2125 πηγὰς

187 2146 272 2192 τοῦ
298 2142 485 2193 Νείλου
511 2143 694 2195 ἐούσας
720 2141 981 2206 ἀβύσσους
1006 2143 1058 2193 ἐκ
1084 2147 1170 2193 τοῦ
1190 2141 1347 2207 μέσου
1371 2147 1469 2194 τῶν
1493 2141 1646 2208 ὀρέων
1668 2143 1854 2194 τούτων

184 2223 331 2290 ῥέειν,
367 2226 447 2277 καὶ
478 2229 533 2276 τὸ
572 2228 662 2290 μὲν
699 2226 853 2290 ἥμισυ
889 2230 975 2276 τοῦ
1009 2227 1184 2279 ὕδατος
1223 2225 1299 2277 ἐπ’
1331 2226 1584 2293 Αἰγύπτου
1614 2225 1743 2292 ῥέειν
1775 2227 1853 2278 καὶ

187 2308 308 2375 πρὸς
348 2308 536 2375 βορέην
580 2309 779 2374 ἄνεμον,
819 2307 874 2359 τὸ
917 2309 957 2360 δ’
996 2309 1164 2375 ἕτερον
1200 2309 1352 2374 ἥμισυ
1388 2309 1466 2362 ἐπ’
1504 2311 1765 2374 Αἰθιοπίης
1800 2331 1853 2361 τε

248 2458 265 2485 1
299 2445 369 2487 alt.
389 2446 460 2486 τὸν
480 2459 559 2486 om.
581 2446 665 2484 PR
681 2446 761 2485 SV
845 2447 946 2495 αὕτη
969 2445 1051 2485 SV
1161 2460 1185 2484 2
1216 2450 1375 2487 δικαιῶν
1396 2447 1433 2484 R
1450 2447 1530 2485 SV
1641 2449 1746 2499 αὐτῷ
1768 2459 1850 2487 om.

191 2502 230 2540 R
246 2501 326 2540 SV
437 2514 463 2550 3
485 2503 542 2541 ἀεὶ
561 2501 598 2539 Α
613 2500 647 2538 Β
758 2513 782 2549 4
805 2500 893 2552 νῦν]
912 2501 981 2542 οὖν
998 2501 1031 2539 C
1142 2513 1167 2550 5
1195 2500 1390 2542 σύστασις
1408 2501 1440 2539 C
1550 2503 1577 2539 6
1602 2513 1666 2551 pr.
1683 2505 1704 2541 ὃ
1720 2514 1799 2540 om.
1818 2502 1852 2540 C

190 2559 258 2596 νῦν
280 2555 391 2608 ἔστη]
416 2554 579 2596 συνέστ.
606 2555 638 2593 C
655 2555 693 2593 R
709 2555 790 2595 SV
984 2568 1005 2604 7
1037 2556 1230 2596 ἀπολαυν.
1260 2555 1299 2592 R
1491 2569 1517 2604 9
1547 2557 1696 2608 διεξιὼν
1718 2556 1754 2594 R
1770 2555 1853 2607 SV

195 2623 243 2649 10
273 2611 368 2661 ἡμῖν
392 2611 431 2649 R
447 2611 476 2650 S
490 2610 526 2647 V
679 2622 726 2648 12
758 2609 945 2651 ἀποπνέει
968 2611 1044 2651 ἀπὸ
1065 2613 1135 2650 τοῦ
1156 2610 1302 2650 Νείλου
1326 2610 1364 2647 R
1379 2609 1460 2649 SV
1602 2623 1650 2661 13
1681 2609 1851 2662 θερμέων

191 2665 314 2703 Stein
334 2679 343 2703 :
376 2670 526 2716 θερμῶν
549 2665 581 2702 L
694 2665 835 2717 χώρων
858 2666 896 2703 R
912 2666 991 2704 SV
1160 2677 1206 2713 14
1237 2663 1393 2715 φιλέειν
1416 2665 1454 2703 R
1612 2676 1658 2714 15
1688 2666 1753 2705 καὶ
1773 2666 1852 2712 τὴν

191 2721 324 2812 ἀρἐχὴνΙ
346 2720 493 2813 Κὸςλὲ)
508 2774 546 2812 R
562 2774 640 2827 [V]
719 2721 768 2759 16
796 2721 943 2811 Ἶείλεου
964 2719 1068 2812 {kz}
1084 2720 1113 2757 S
1128 2719 1164 2757 V
1179 2772 1231 2824 δ’]
1288 2774 1296 2786 ’
1320 2721 1467 2812 R‘IgAG.
1494 2721 1589 2791 οὔτε
1603 2719 1851 2814 [gg-5555

193 2787 245 2867 {3¹
267 2785 389 2866 VOML
498 2842 544 2868 21
589 2816 803 2880 ἀπηγμένα
833 2787 1028 2867 {gii-er:
1071 2829 1211 2880 ἀπιγμ.
1243 2790 1329 2866 KB
1345 2829 1377 2866 C
1395 2828 1426 2866 P
1446 2842 1454 2866 ε
1494 2830 1670 2879 ἀπηγημ.
1708 2827 1749 2866 R
1765 2828 1795 2867 S
1812 2803 1854 2865 V

192 2883 343 2931 Συήνης
366 2884 468 2933 κείμ.
491 2883 583 2924 πόλ.
612 2884 650 2922 R
666 2883 746 2922 SV
901 2896 952 2920 22
984 2881 1161 2933 ὀνόματα
1182 2882 1219 2920 Α
1238 2883 1270 2920 Β
1288 2883 1325 2920 R
1342 2882 1421 2921 SV
1570 2896 1623 2933 23
1650 2884 1784 2935 Χρωφὶ
1808 2888 1850 2921 et

193 2939 311 2990 Μωφὶ
333 2938 373 2977 R
387 2939 417 2977 S
431 2938 469 2977 V
605 2951 655 2987 24
685 2936 842 2979 τούτων
862 2937 987 2991 ῥέειν]
1009 2937 1187 2978 τουτέειν
1212 2937 1250 2976 R
1265 2938 1294 2976 S
1308 2936 1344 2975 V

1887 1410 1934 1453 ¹5

1883 1831 1933 1858 20

1879 2248 1927 2288 25
