2098 3320
5 84 8 85 ¹
0 0 33 66 ‘qm-23.

744 115 1121 188 ΙΣΤΟΡΙΩΝ
1179 143 1215 189 Γ

154 271 386 338 Ὀροίτης
426 269 754 338 Πολυκράτεϊ
783 272 879 324 ὧδε
918 271 1073 339 λέγει.
1165 272 1479 339 πυνθάνομαί
1517 294 1577 325 σε
1621 274 1824 339 ἐπιβου-

152 350 320 409 λεύειν
363 358 455 422 μὲν
492 354 752 423 πρήγμασι
786 355 1072 423 μεγάλοισι,
1106 356 1339 425 χρήματα
1373 356 1428 410 δέ
1465 377 1542 409 τοι
1576 357 1663 409 οὐκ
1700 357 1828 409 εἶναι

155 442 280 492 κατὰ
323 442 384 492 τὰ
429 438 740 507 φρονήματα.
829 440 895 492 σύ
935 462 1021 493 νυν
1061 442 1156 493 ὧδε
1199 439 1412 506 ποιήσας
1456 442 1696 509 ὀρθώσεις
1734 443 1827 506 μὲν

155 525 390 583 σεωυτόν,
425 524 612 578 σώσεις
642 525 693 576 δὲ
728 524 807 576 καὶ
839 524 940 590 ἐμέ·
986 526 1095 591 ἐμοὶ
1128 528 1222 593 γὰρ
1255 526 1503 592 βασιλεὺς
1542 525 1825 591 Καμβύσης

106 633 128 674 5
153 608 473 675 ἐπιβουλεύει
503 608 717 661 θάνατον
748 610 833 661 καί
857 630 943 675 μοι
971 614 1115 662 τοῦτο
1148 608 1512 677 ἐξαγγέλλεται
1537 609 1822 678 σαφηνέως.

153 693 220 745 σύ
262 714 349 746 νυν
389 695 478 759 ἐμὲ
517 694 786 762 ἐκκομίσας
826 693 974 745 αὐτὸν
1021 694 1099 746 καὶ
1143 693 1391 762 χρήματα,
1430 696 1491 746 τὰ
1531 697 1624 760 μὲν
1664 694 1825 747 αὐτῶν

151 777 299 832 αὐτὸς
328 778 433 846 ἔχε,
467 779 527 829 τὰ
558 780 611 829 δὲ
644 779 731 843 ἐμὲ
761 777 818 829 ἔα
849 778 1000 846 ἔχειν·
1048 778 1236 831 εἵνεκέν
1268 800 1323 831 τε
1360 777 1629 848 χρημάτων
1660 777 1824 845 ἄρξεις

153 861 351 927 ἁπάσης
395 865 483 927 τῆς
517 860 780 915 Ἑλλάδος.
874 864 916 914 εἰ
953 861 1007 915 δέ
1041 884 1125 928 μοι
1172 863 1427 917 ἀπιστέεις
1465 865 1526 915 τὰ
1570 863 1680 930 περὶ
1724 868 1823 915 τῶν

150 945 432 1015 χρημάτων,
473 945 676 1013 πέμψον
712 947 853 999 ὅστις
889 968 965 998 τοι
1001 948 1303 1002 πιστότατος
1339 947 1578 1017 τυγχάνει
1613 947 1725 1006 ἐών,
1759 948 1826 1017 τῷ

79 1049 129 1080 10
152 1031 252 1097 ἐγὼ
282 1028 524 1095 ἀποδέξω.
614 1035 766 1082 ταῦτα
804 1031 1022 1085 ἀκούσας
1053 1033 1080 1082 ὁ
1112 1030 1441 1099 Πολυκράτης
1481 1032 1614 1097 ἥσθη
1650 1053 1705 1084 τε
1742 1031 1821 1083 καὶ

151 1115 411 1181 ἐβούλετο·
467 1114 551 1166 καί
586 1136 681 1168 κως
722 1116 932 1182 ἱμείρετο
971 1118 1067 1183 γὰρ
1107 1116 1376 1184 χρημάτων
1413 1115 1661 1183 μεγάλως,
1694 1116 1815 1169 ἀπο-

150 1198 336 1266 πέμπει
376 1203 545 1266 πρῶτα
586 1200 932 1267 κατοψόμενον
970 1199 1280 1267 Μαιάνδριον
1320 1201 1631 1268 Μαιανδρίου
1667 1199 1820 1267 ἄνδρα

148 1289 248 1336 τῶν
291 1285 478 1344 ἀστῶν,
523 1284 577 1338 ὅς
617 1286 663 1336 οἱ
710 1282 771 1348 ἧν
812 1283 1206 1352 γραμματιστής·
1255 1283 1309 1339 ὃς
1349 1286 1513 1356 χρόνῳ
1552 1283 1610 1336 οὗ
1649 1286 1823 1355 πολλῷ

147 1368 359 1436 ὕστερον
406 1368 593 1421 τούτων
641 1367 727 1421 τὸν
788 1369 978 1435 κόσμον
1029 1369 1117 1421 τὸν
1176 1371 1230 1422 ἐκ
1277 1375 1365 1422 τοῦ
1412 1371 1687 1436 ἀνδρεῶνος
1733 1374 1820 1420 τοῦ

78 1473 124 1515 15
151 1452 502 1521 Πολυκράτεος
525 1454 671 1506 ἐόντα
693 1451 982 1519 ἀξιοθέητον
1007 1453 1216 1519 ἀνέθηκε
1233 1454 1404 1507 ’πάντα
1428 1456 1478 1508 ἐς
1501 1459 1557 1506 τὸ
1579 1452 1814 1521 ‘'H-pawn.

149 1539 175 1589 ὁ
216 1541 269 1591 δὲ
308 1537 540 1606 Ὀροίτης
582 1539 753 1604 μαθὼν
797 1538 885 1591 τὸν
931 1538 1248 1592 κατάσκοπον
1292 1540 1438 1592 ἐόντα
1481 1539 1818 1606 προσδόκιμον

148 1624 312 1676 ἐποίεε
340 1623 521 1676 τοιάδε·
567 1622 819 1692 &pugnas
849 1624 975 1675 ὀκτὼ
1007 1624 1279 1691 πληρώσας
1307 1626 1463 1676 λίθων
1499 1623 1633 1688 πλὴν
1665 1622 1817 1689 κάρτα

146 1707 369 1776 βραχέος
420 1712 508 1760 τοῦ
558 1708 669 1776 περὶ
713 1708 837 1760 αὐτὰ
886 1711 947 1760 τὰ
990 1711 1183 1777 χείλεα,
1231 1711 1475 1774 ἐπιπολῆς
1519 1713 1617 1760 τῶν
1661 1708 1817 1760 λίθων

147 1791 340 1860 χρυσὸν
372 1792 610 1858 ἐπέβαλε,
646 1791 929 1858 καταδήσας
960 1796 1015 1846 δὲ
1044 1795 1130 1847 τὰς
1169 1792 1422 1860 λάρνακας
1463 1793 1570 1862 εἶχε
1601 1793 1813 1858 ἑτοίμας.

75 1897 127 1927 20
147 1877 309 1929 ἐλθὼν
362 1880 416 1930 δὲ
467 1879 495 1929 ὁ
547 1877 854 1944 Μαιάνδριος
909 1878 987 1929 καὶ
1042 1877 1351 1944 θεησάμενος
1402 1876 1697 1945 ἀπήγγελλε
1747 1882 1815 1947 τῷ

147 1960 479 2029 Πολυκράτεϊ.
570 1963 597 2013 ὁ
626 1965 680 2014 δὲ
704 1964 873 2015 πολλὰ
902 1965 994 2027 μὲν
1024 1968 1122 2014 τῶν
1150 1964 1371 2028 μαντίων
1402 1962 1816 2029 ἀπαγορευόντων

147 2049 316 2099 πολλὰ
347 2049 401 2100 δὲ
429 2051 526 2099 τῶν
559 2049 727 2114 φίλων
756 2045 1030 2099 ἐστέλλετο
1068 2046 1215 2101 αὐτὸς
1251 2046 1464 2106 ἀπιέναι,
1498 2046 1619 2113 πρὸς
1650 2049 1702 2097 δὲ
1733 2045 1815 2097 καὶ

148 2131 351 2196 ἰδούσης
380 2135 467 2197 τῆς
499 2131 741 2200 θυγατρὸς
771 2133 896 2198 ὄψιν
926 2133 1159 2184 ἐνυπνίου
1193 2130 1406 2197 τοιήνδε*
1454 2130 1621 2183 ἐδόκεέ
1649 2132 1695 2183 οἱ
1726 2129 1815 2182 τὸν

146 2214 332 2283 πατέρα
377 2218 431 2269 ἐν
470 2221 539 2287 τῷ
578 2215 687 2284 ἠέρι
728 2215 976 2283 μετέωρον
1019 2217 1166 2268 ἐόντα
1204 2220 1422 2269 λοῦσθαι
1464 2218 1555 2282 μὲν
1594 2214 1690 2268 ὑπὸ
1729 2219 1816 2266 τοῦ

72 2319 121 2361 25
147 2300 285 2360 Διός,
332 2303 568 2369 χρίεσθαι
612 2304 667 2355 δὲ
710 2300 805 2354 ὑπὸ
849 2306 936 2353 τοῦ
977 2300 1175 2353 ἹτΙλίου.
1281 2301 1462 2365 ταύτην
1510 2302 1684 2353 ἰδοῦσα
1722 2299 1814 2364 τὴν

144 2385 268 2451 ὄψιν
298 2386 504 2452 παντοίη
536 2384 728 2454 ἐγίνετο
758 2385 823 2451 μὴ
856 2387 1176 2451 ἀποδημῆσαι
1206 2385 1291 2438 τὸν
1323 2383 1650 2452 Πολυκράτεα
1679 2386 1812 2451 παρὰ

144 2467 231 2520 τὸν
254 2468 504 2536 Ὀροίτεα,
533 2470 613 2523 καὶ
641 2472 701 2536 δὴ
726 2470 810 2522 καὶ
841 2471 1000 2523 ἰόντος
1030 2471 1181 2522 αὐτοῦ
1205 2470 1286 2522 ἐπὶ
1309 2469 1400 2535 τὴν
1425 2470 1813 2534 πεντηκόντερον

202 2620 219 2646 1
257 2623 303 2650 σε
344 2611 528 2658 ἐπιβουλ.
563 2609 638 2660 μὲν
673 2610 780 2649 SV:
824 2614 868 2651 οε
899 2612 1083 2657 ἐπιβουλ.
1115 2607 1190 2660 μὲν
1226 2609 1294 2647 R:
1334 2612 1517 2656 ἐπιβουλ.
1550 2624 1597 2649 σε
1627 2607 1814 2647 ABCP

144 2676 169 2701 2
197 2664 318 2718 χρήμ.
341 2663 406 2715 δέ]
427 2666 491 2706 καὶ
512 2664 634 2718 χρήμ.
658 2663 845 2703 ABCP
973 2665 1000 2702 6
1028 2665 1080 2705 τὰ
1099 2677 1182 2702 om.
1210 2663 1248 2701 R
1377 2677 1398 2714 7
1430 2663 1462 2704 δ’
1487 2661 1643 2714 ἐμὲΗτ
1673 2663 1813 2704 6'SV

143 2718 169 2757 8
197 2721 270 2767 τῆς
291 2718 450 2769 ἁπάσης
472 2720 508 2758 R
525 2719 555 2759 S
569 2719 605 2755 V
786 2733 813 2769 9
841 2717 1006 2771 πέμψων
1028 2718 1067 2756 R
1266 2731 1315 2757 10
1345 2717 1518 2771 ὑποδέξω
1540 2717 1574 2756 Ρ
1684 2721 1705 2758 ὃ
1726 2731 1806 2758 om.

142 2772 231 2812 AB
247 2773 281 2812 C
297 2773 330 2812 P
445 2786 490 2813 11
525 2774 705 2828 ἐμείρετο
728 2774 767 2812 R
893 2785 941 2822 13
973 2775 1103 2815 αὐτῶν
1125 2774 1164 2812 R
1269 2775 1321 2826 οἱ]
1347 2776 1381 2814 εἶ
1403 2773 1442 2811 R
1559 2786 1606 2822 14
1634 2772 1812 2814 τουτέων

145 2827 281 2868 RSV
461 2841 510 2879 15
540 2831 686 2883 οἱραῖον
708 2828 748 2866 R
946 2830 995 2867 16
1022 2830 1148 2880 μαθὸν
1171 2829 1210 2867 R
1396 2829 1446 2867 18
1473 2831 1547 2868 τοῦ
1568 2841 1649 2867 om.
1676 2827 1812 2867 RSV

144 2884 238 2924 ἐπεὶ
250 2886 407 2932 πολλῆς
428 2883 463 2922 C
683 2896 737 2924 20
765 2885 828 2925 καὶ
851 2882 1095 2934 θεησάμενος
1115 2897 1197 2923 om.
1220 2884 1260 2922 R
1275 2883 1304 2923 S
1318 2883 1356 2921 V
1503 2882 1730 2935 ἀπήγγειλε
1752 2882 1782 2921 S
1800 2896 1810 2921 t

144 2937 357 2991 ἆπήγγελε
379 2937 413 2977 C
427 2938 463 2977 V
655 2951 703 2977 21
735 2939 940 2990 μαντηίων
962 2938 995 2977 C
1011 2938 1043 2977 P
1058 2939 1096 2977 R
1112 2939 1142 2978 S
1155 2939 1192 2978 V
1373 2950 1424 2976 22
1455 2937 1604 2978 αὐτόσε
1623 2937 1663 2976 Α
1677 2937 1711 2975 Β
1728 2937 1761 2976 C
1777 2937 1811 2975 P

144 2992 302 3035 ἀπιέναι
337 3006 419 3032 om.
461 2993 649 3032 ABCP
866 3007 918 3042 24
962 2991 1151 3035 λούεσθαι
1188 2992 1278 3032 ΑΒ
1499 3004 1552 3043 25
1590 2993 1743 3041 ταύτης
1774 2992 1809 3032 C

144 3050 197 3087 26
227 3047 392 3102 ἐγένετο
417 3049 456 3086 R
472 3049 501 3088 S
515 3049 553 3087 V
720 3062 770 3099 27
803 3047 1099 3100 πεντηκότερον
1120 3049 1160 3087 R

1869 143 1961 192 111.
1990 148 2075 193 122

1859 1042 1949 1089 123

1847 1627 2021 1682 cla-vac-

1853 1975 1942 2024 124
