2098 3320
29 77 208 136 11.1o5

113 547 211 594 106

191 900 215 930 2

870 73 1296 122 ΗΡΟΔΟΤΟΎ

250 207 481 273 Κόλχων,
526 206 589 259 ὡς
639 206 953 272 Αἰγυπτίοισι
999 202 1310 270 προσφερέες
1355 205 1470 255 εἰσί.
1557 206 1702 256 λίνον
1739 210 1914 270 μοῦνοι

247 291 387 342 οὗτοί
421 311 474 341 τε
517 291 593 341 καὶ
635 290 899 356 Αἰγύπτιοι
944 286 1231 354 ἐργάζονται
1273 290 1397 339 κατὰ
1437 287 1604 347 ταύτά,
1642 288 1721 340 καὶ
1755 289 1785 354 ἡ
1829 290 1912 355 ζόη

248 378 386 426 πᾶσα
419 376 496 426 καὶ
527 374 556 439 ἡ
588 379 806 440 γλῶσσα
838 370 1059 439 ἐμφερής
1093 374 1202 423 ἐστι
1238 370 1528 436 ἀλλήλοισι.
1600 374 1744 425 λίνον
1774 376 1827 426 δὲ
1856 373 1913 426 τὸ

247 462 338 522 μὲν
371 457 622 525 Κολχικὸν
653 458 747 510 ὑπὸ
769 455 1033 521 Ἑλλήνων
1065 455 1368 522 Σαρδονικὸν
1393 455 1640 521 κέκληται,
1666 461 1722 508 τὸ
1744 454 1913 522 μέντοι

250 542 332 593 ἀπ’
381 542 633 609 Αἰγύπτου
686 542 1043 606 ἀπικνεύμενον
1092 536 1322 591 καλέεται
1366 540 1654 606 Αἰγύπτιον.
1728 543 1816 595 τὰς
1859 544 1959 600 ὃὲ5

250 624 441 689 στήλας
485 628 572 679 τὰς
617 628 733 677 ἵστα
781 627 903 676 κατὰ
947 626 1035 677 τὰς
1082 623 1250 691 χώρας
1294 625 1321 674 ὁ
1366 624 1619 690 Αἰγύπτου
1664 625 1913 690 βασιλεὺς

249 708 554 776 Σέσωστρις,
589 713 637 762 αἱ
667 712 759 775 μὲν
792 714 1001 761 πλεῦνες
1032 705 1196 759 οὐκέτι
1229 708 1492 774 φαίνονται
1523 714 1825 775 περιεοῦσαι,
1859 711 1913 762 ἐν

247 796 301 846 δὲ
324 795 383 865 τῇ
409 795 730 865 Παλαιστίνῃ
756 795 904 865 Συρίῃ
930 791 1076 846 αὐτὸς
1098 792 1238 859 ὥρων
1259 791 1438 845 ἐούσας
1464 792 1543 843 καὶ
1566 794 1627 844 τᾶ
1645 792 1914 860 ’γράμματα

248 880 307 929 τὰ
339 876 570 945 εἰρημένα
602 879 806 930 ἐνεόντα
840 878 918 929 καὶ
949 880 1182 943 γυναικὸς
1213 877 1391 927 αἰδοῖα.
1466 877 1565 928 εἰσὶ
1602 879 1655 928 δὲ
1693 877 1772 929 καὶ
1801 877 1913 945 περὶ

247 961 438 1027 Ἰωνίην
478 963 562 1014 δύο
606 963 749 1014 τύποι
797 964 849 1014 ἐν
895 959 1107 1032 πέτρῃσι
1149 958 1568 1026 ἐγκεκολαμμένοι
1610 961 1782 1014 τούτου
1825 966 1912 1014 τοῦ
1939 977 1988 1008 10

248 1047 438 1113 ἀνδρός,
472 1054 532 1120 τῇ
561 1068 615 1098 τε
646 1048 699 1097 ἐκ
728 1050 816 1111 τῆς
847 1045 1090 1112 Ἐφεσίης
1123 1046 1173 1098 ἐς
1205 1044 1441 1097 Φώκαιαν
1471 1045 1702 1113 ἔρχονται
1740 1046 1818 1098 καὶ
1851 1046 1911 1118 τῇ

195 1155 218 1197 3
250 1134 303 1183 ἐκ
343 1133 566 1197 Σαρδίων
606 1133 657 1185 ἐς
698 1130 942 1198 Σμύρνην.
1019 1127 1282 1195 ἑκατέρωθι
1325 1131 1379 1181 δὲ
1419 1128 1542 1195 ἀνὴρ
1578 1128 1912 1197 ἐγγέγλυπται

0 1219 177 1263 mabit„

246 1215 462 1282 μέγαθος
486 1214 1001 1283 πέμπτηΕ-πιθαμῆς,
1025 1214 1082 1283 τῇ
1107 1215 1198 1278 μὲν
1229 1211 1361 1284 δεξιῇ
1393 1214 1523 1280 χειρὶ
1554 1212 1685 1280 ἔχων
1708 1212 1909 1282 αἰχμήν,

247 1301 306 1371 τῇ
326 1302 379 1351 δὲ
403 1301 635 1371 ἀριστερῇ
659 1297 794 1363 τόξα,
819 1298 896 1350 καὶ
919 1297 1009 1362 τὴν
1029 1296 1192 1362 ἄλλην
1213 1296 1396 1361 σκευὴν
1417 1297 1667 1364 ὡσαύτως·
1715 1299 1793 1350 καὶ
1816 1300 1912 1365 γὰρ
1926 1314 2069 1388 ...ἢ
2090 1352 2098 1361 ,

193 1404 220 1446 4
251 1385 524 1450 Αἰγυπτίην
557 1385 633 1435 καὶ
666 1384 931 1435 Αἰθιοπίδα
951 1382 1074 1450 ἔχει·
1124 1383 1177 1432 ἐκ
1208 1384 1259 1432 δὲ
1289 1385 1375 1432 τοῦ
1406 1382 1538 1446 ὤμου
1562 1383 1613 1434 ἐς
1636 1381 1722 1434 τὸν
1743 1382 1913 1449 ἕτερον
1939 1399 1986 1440 15

249 1465 382 1533 ὦμον
434 1469 513 1519 διὰ
568 1473 666 1519 τῶν
726 1465 952 1531 στηθέων
1009 1464 1273 1532 γράμματα
1332 1467 1411 1531 ἱρὰ
1463 1465 1709 1532 Αἰγύπτια
1758 1464 1918 1530 διήκει,
1945 1488 1951 1492 ·

252 1551 671 1618 ἐγκεκολαμμένα,
697 1550 912 1618 λέγοντα
942 1549 1076 1601 τάδε·
1123 1550 1221 1616 ἐγὼ
1245 1547 1390 1613 τήνδε
1422 1549 1511 1613 τὴν
1535 1549 1702 1617 χώρην
1733 1549 1914 1619 ὤμοισι

251 1640 384 1687 τοῖσι
415 1638 582 1702 ἐμοῖσι
612 1634 913 1700 ἐκτησάμην.
986 1636 1127 1687 ὅστις
1156 1636 1209 1685 δὲ
1240 1633 1319 1684 καὶ
1350 1634 1524 1685 ὁκόθεν
1554 1635 1679 1692 ἐστί,
1706 1635 1915 1686 ἐνθαῦτα

198 1741 218 1784 5
251 1722 341 1785 μὲν
371 1720 427 1771 οὐ
458 1724 616 1785 δηλοῖ,
644 1718 845 1786 ἑτέρωθι
877 1721 930 1770 δὲ
963 1716 1226 1782 δεδήλωκε.
1315 1719 1376 1768 τὰ
1406 1716 1464 1781 δὴ
1498 1717 1577 1768 καὶ
1605 1716 1912 1785 μετεξέτεροι

122 1980 213 2030 107

251 1808 349 1855 τῶν
370 1803 691 1869 θεησαμένων
713 1802 975 1869 Μέμνονος
996 1802 1161 1854 εἰκόνα
1182 1799 1434 1865 εἰκάζουσί
1451 1821 1535 1866 μιν
1556 1802 1696 1861 εῖναι,
1719 1801 1911 1854 πολλὸν
1937 1817 1988 1854 20

252 1890 338 1952 τῆς
369 1890 602 1953 ἀληθείης
634 1885 1065 1952 ἀπολελειμμένοι.

334 1976 524 2024 Τοῦτον
565 1972 621 2036 δὴ
663 1972 749 2023 τὸν
792 1971 1063 2037 Αἰγύπτιον
1110 1970 1401 2037 Σέσωστριν
1444 1970 1792 2038 ἀναχωρέοντα
1832 1971 1912 2023 καὶ

253 2055 501 2123 ἀνάγοντα
545 2056 765 2109 πολλοὺς
802 2055 1088 2121 ἀνθρώπους
1125 2060 1223 2106 τῶν
1266 2055 1446 2107 ἐθνέων
1482 2061 1580 2107 τῶν
1619 2058 1708 2108 τὰς
1745 2055 1911 2122 χώρας

254 2139 646 2207 κατεστρέψατο,
690 2140 867 2206 ἔλεγον
905 2141 950 2190 οἱ
997 2138 1136 2205 ἱρέες,
1181 2141 1344 2191 ἐπείτε
1381 2139 1580 2205 ἐγένετο
1617 2138 1908 2204 ἀνακομιζό-

251 2245 399 2288 μενος
441 2226 495 2274 ἐν
526 2223 770 2295 Δάφνῃσι
809 2225 927 2294 τῇσι
968 2225 1305 2294 Πηλουσίῃσι,
1332 2222 1417 2273 τὸν
1458 2222 1705 2288 ἀδελφεὸν
1746 2222 1907 2280 αὐτοῦ,
1937 2236 1985 2278 ²5

252 2313 319 2377 τῷ
361 2307 606 2374 ἐπέτρεψε
650 2307 935 2373 Σέσωστρις
981 2306 1070 2370 τὴν
1108 2309 1374 2373 Αἴγυπτον,
1413 2311 1586 2357 τοῦτον
1629 2306 1709 2361 ἐπὶ
1754 2302 1911 2368 ξείνια

252 2391 401 2444 αὐτὸν
446 2391 730 2444 καλέσαντα
791 2392 868 2443 καὶ
912 2391 1035 2458 πρὸς
1086 2390 1213 2460 αὐτῷ
1259 2389 1370 2443 τοὺς
1421 2393 1597 2443 παῖδας
1648 2392 1911 2456 περινῆσαι

309 2545 328 2572 1
358 2537 506 2584 μοῦνον
527 2533 557 2572 S
577 2549 586 2574 ε
614 2538 762 2586 μοῦνον
784 2537 819 2575 οἷ
837 2533 876 2571 V
1055 2546 1078 2570 2
1111 2532 1175 2572 καὶ
1197 2530 1300 2571 κατὰ
1319 2528 1359 2567 Α
1376 2529 1409 2567 Β
1430 2528 1463 2567 C
1573 2531 1625 2570 τὰ
1646 2527 1747 2570 αὐτά
1768 2529 1807 2567 R
1825 2528 1855 2568 S
1870 2528 1911 2567 V

252 2586 330 2638 ζωη
352 2586 402 2626 C¹
421 2588 460 2626 R
477 2589 506 2627 S
519 2589 558 2627 V
767 2603 793 2638 3
823 2588 1034 2637 ἀλλήλησι
1058 2587 1091 2625 Ρ
1104 2585 1194 2625 RV
1399 2597 1423 2631 4
1454 2587 1620 2636 Σαρδον.
1644 2583 1683 2621 R
1697 2582 1743 2622 V.
1757 2583 1909 2622 Pollux
1928 2609 1931 2610 ν

249 2655 288 2680 ν.
313 2645 395 2682 26:
432 2648 604 2698 Σαρδων.
635 2644 723 2682 rell.
945 2654 969 2690 5
1000 2639 1288 2689 ἀπικνεύμενον
1317 2637 1454 2676 RSV
1618 2640 1657 2678 αἱ
1685 2637 1728 2678 δὲ
1758 2639 1908 2685 στῆλαι

249 2696 437 2736 ABCP
628 2701 655 2738 6
694 2700 792 2745 ἵστη
823 2697 960 2736 RSV
1152 2695 1178 2732 8
1216 2692 1405 2746 ὥρονΒτ
1446 2695 1547 2745 ὁρῶν
1576 2692 1694 2731 RV:
1733 2691 1906 2739 ὅρεονὸ

254 2763 299 2789 ΙΙ
334 2754 373 2793 ἐς
392 2760 522 2794 Φωκαι
543 2752 681 2805 ἆνέρχ.
709 2752 826 2792 RV:
860 2749 923 2804 ἐφ’
947 2750 975 2791 ὧ
996 2751 1061 2792 καὶ
1083 2749 1221 2802 ἂνέρχ.
1245 2747 1275 2786 S
1482 2759 1530 2785 12
1555 2745 1805 2800 ἑκατέρωθεν
1826 2744 1909 2785 SV

254 2818 301 2855 14
331 2809 586 2857 κατασκευὴν
606 2807 646 2846 R
663 2807 743 2846 SV
964 2818 1011 2856 17
1043 2804 1199 2856 νόμοισι
1221 2802 1252 2841 S
1268 2801 1324 2840 Vc
1534 2814 1589 2840 20
1617 2805 1742 2850 θειησ.
1766 2799 1806 2839 R
1823 2799 1854 2839 S
1869 2798 1908 2837 V

248 2862 356 2902 πολὺ
376 2861 411 2900 L
640 2875 693 2912 24
724 2861 888 2914 ἐγένετο
911 2861 951 2900 R
969 2874 978 2899 :
1009 2860 1167 2912 ἐγίνετο
1188 2855 1280 2896 rell.
1512 2867 1564 2905 25
1595 2857 1742 2897 ἑωυτοῦ
1761 2853 1802 2893 Α
1818 2853 1852 2893 Β
1871 2853 1917 2893 C'

250 2917 305 2954 26
333 2919 354 2956 ὁ
374 2916 603 2971 Σέσωστρις
624 2916 663 2956 Α
679 2917 714 2956 Β
734 2917 767 2954 C
933 2928 984 2965 27
1014 2928 1227 2968 περινηησ.·
1267 2909 1355 2951 PR
1369 2908 1452 2950 SV
1473 2909 1535 2963 (it.
1559 2910 1688 2961 infra)
