2098 3320
113 80 279 139 IIl.13

937 77 1366 127 ΗΡΟΔΟΤΟΥ

254 231 279 274 3
317 229 497 262 σαντες
529 209 740 276 ἐφόρεον
766 210 815 261 ἐς
837 207 895 260 τὸ
917 213 1099 276 τεῖχος.
1169 208 1248 260 καὶ
1279 208 1542 276 Αἰγύπτιοι
1570 210 1661 275 μὲν
1681 210 1806 276 μετὰ
1833 213 1980 262 τοῦτο

0 275 290 332 Μ
317 293 723 359 πολιορκεόμενοι
756 293 921 363 χρόνῳ
951 292 1293 360 παρέστησαν,
1327 295 1374 345 οἱ
1404 296 1459 346 δὲ
1487 291 1763 363 προσεχέες
1794 294 1979 360 Λίβυες

318 378 573 431 δείσαντες
602 378 664 428 τὰ
691 377 804 445 περὶ
833 376 924 441 τὴν
949 379 1200 444 Αἴγυπτον
1219 378 1467 445 ιγεγονότα
1496 377 1782 446 παρέδοσαν
1813 376 1979 445 σφέας

318 460 491 514 αὐτοὺς
527 462 744 530 ἀμαχητὶ
782 461 862 513 καὶ
899 463 1057 529 φόρον
1091 483 1146 514 τε
1182 459 1419 526 ἐτάξαντο
1456 462 1535 514 καὶ
1570 465 1703 530 δῶρα
1739 461 1975 527 ἔπεμπον.
2039 471 2041 473 ’

319 545 383 597 ὣς
403 547 454 596 δὲ
476 548 742 611 Κυρηναῖοι
763 546 841 597 καὶ
861 550 1111 613 Βαρκαῖοι,
1136 547 1391 599 δείσαντες
1411 547 1590 614 ὁμοίως
1609 546 1688 598 καὶ
1707 548 1754 598 οἱ
1774 547 1974 612 Λίβυες,
1999 566 2023 608 5

318 629 461 695 ἕτερα
483 634 685 680 τοιαῦτα
708 631 965 695 ἐποίησαν.
1043 630 1323 696 Καμβύσης
1346 632 1399 682 δὲ
1421 632 1483 682 τὰ
1504 632 1596 696 μὲν
1619 632 1751 698 παρὰ
1774 631 1978 696 Λιβύων

318 713 530 765 ἐλθόντα
567 717 698 780 δῶρα
728 715 1053 782 φιλοφρόνως
1089 713 1306 779 ἐδέξατο,
1338 716 1398 765 τὰ
1435 716 1488 766 δὲ
1524 715 1656 782 παρὰ
1687 716 1977 782 Κυρηναίων

318 797 592 862 ἀπικόμενα
619 800 880 866 μεμφθείς,
915 798 980 853 ὡς
1010 798 1117 864 ἐμοὶ
1146 797 1319 858 δοκέει,
1352 800 1429 850 ὅτι
1459 797 1520 863 ἣν
1549 799 1698 866 ὀλίγα
1724 797 1976 867 (ἔπεμψαν

317 882 411 947 γὰρ
448 881 506 957 δὴ
544 884 875 936 πεντακοσίας
914 881 1064 948 μνέας
1105 883 1338 950 ἀργυρίου
1378 885 1423 935 οἱ
1463 882 1761 949 Κυρηναῖοι),
1798 883 1976 937 ταύτας

317 966 662 1031 δρασσόμενος
701 967 983 1039 αὐτοχειρίῃ
1024 966 1276 1034 διέσπειρε
1319 967 1377 1039 τῇ
1417 968 1639 1039 στρατιῇ.
1727 965 1884 1039 ἡμέρῃ
1923 970 1983 1021 δὲ.

315 1050 494 1124 δεκάτῃ
525 1050 609 1103 ἀπ’
633 1050 692 1116 ἧς
722 1050 983 1119 παρέλαβε
1011 1051 1068 1103 τὸ
1097 1055 1264 1120 τεῖχος
1294 1050 1350 1103 τὸ
1381 1053 1434 1104 ἐν
1465 1050 1646 1119 Μέμφι
1677 1051 1974 1118 Καμβύσης,

318 1136 523 1191 κατίσας
542 1137 593 1189 ἐς
611 1133 668 1186 τὸ
686 1134 960 1202 προάστιον
980 1136 1060 1188 ἐπὶ
1078 1135 1210 1207 λύμῃ
1229 1139 1315 1188 τὸν
1332 1135 1557 1202 βασιλέα
1575 1141 1674 1189 τῶν
1690 1137 1976 1204 Αἰγυπτίων

315 1219 654 1285 Ψαμμήνιτον,
697 1220 1083 1285 βασιλεύσαντα
1120 1224 1279 1286 μῆνας
1314 1218 1384 1285 ἕξ,
1423 1225 1598 1272 τοῦτον
1633 1222 1840 1275 κατίσας
1880 1220 1977 1274 σὺν

314 1303 521 1356 ἄλλοισι
566 1306 885 1372 Αἰγυπτίοισι
931 1307 1206 1370 διεπειρᾶτο
1253 1303 1402 1356 αὐτοῦ
1446 1307 1534 1370 τῆς
1576 1308 1747 1374 ψυχῆς
1793 1302 1976 1358 ποιέων

314 1388 495 1440 τοιάδε·
539 1390 744 1442 στείλας
767 1389 914 1440 αὐτοῦ
932 1388 1022 1453 τὴν
1043 1387 1286 1456 θυγατέρα
1308 1390 1482 1454 ἐσθῆτι
1504 1391 1708 1461 δουληίῃ
1731 1388 1975 1455 ἐξέπεμπε

315 1472 391 1525 ἐπ’
410 1474 538 1540 ὕδωρ
559 1472 777 1541 ἔχουσαν
795 1471 1009 1539 ὑδρήιον,
1033 1471 1317 1538 συνέπεμπε
1341 1475 1394 1524 δὲ
1419 1474 1497 1525 καὶ
1521 1473 1681 1527 ἄλλας
1703 1473 1975 1540 παρθένους

314 1555 562 1621 ἀπολέξας
603 1558 794 1623 ἀνδρῶν
828 1562 926 1608 τῶν
962 1557 1186 1624 πρώτων,
1227 1558 1407 1622 ὁμοίως
1449 1556 1759 1623 ἐσταλμένας
1794 1559 1852 1629 τῇ
1887 1545 1976 1609 τοῦ

313 1640 576 1706 βασιλέος.
652 1641 716 1694 ὡς
739 1644 792 1693 δὲ
822 1642 921 1713 βοῇ
946 1662 1000 1693 τε
1033 1642 1111 1693 καὶ
1137 1644 1368 1711 κλαυθμῷ
1393 1640 1643 1708 παρήισαν
1666 1644 1716 1694 αἱ
1740 1639 1974 1709 παρθένοι

312 1727 445 1792 παρὰ
478 1725 592 1779 τοὺς
627 1724 855 1792 πατέρας,
896 1728 943 1778 οἳ
981 1727 1072 1790 μὲν
1107 1724 1258 1777 ἄλλοι
1292 1724 1473 1778 πάντες
1509 1726 1765 1792 ἀντεβόων
1799 1747 1853 1778 τε
1895 1726 1974 1777 καὶ

312 1809 606 1861 ἀντέκλαιον
638 1811 845 1876 ὁρῶντες
875 1812 936 1861 τὰ
965 1808 1114 1862 τέκνα
1151 1808 1480 1875 κεκακωμένα,
1513 1811 1539 1860 ὁ
1575 1813 1629 1863 δὲ
1657 1807 1974 1877 Ψαμμήνιτος

251 1916 278 1958 4
312 1895 524 1960 προϊδὼν
568 1895 647 1946 καὶ
685 1895 856 1959 μαθὼν
893 1895 1048 1961 ἔκυψε
1090 1896 1140 1948 ἐς
1178 1893 1267 1958 τὴν
1302 1896 1412 1961 γῆν.
1501 1893 1884 1961 παρελθουσέων
1920 1895 1975 1946 δὲ

311 1983 411 2030 τῶν
448 1979 753 2045 ὑδροφόρων,
793 1978 995 2045 δεύτερά
1033 1980 1078 2030 οἱ
1118 1978 1205 2031 τὸν
1246 1981 1397 2030 παῖδα
1435 1979 1623 2044 ἔπεμπε
1661 1977 1767 2044 μετ’
1803 1977 1974 2030 ἄλλων

314 2064 597 2128 Αἰγυπτίων
638 2064 904 2131 δισχιλίων
945 2061 1033 2127 τὴν
1074 2062 1225 2126 αὐτὴν
1264 2063 1461 2127 ἡλικίην
1500 2064 1736 2131 ἐχόντων,
1771 2062 1884 2116 τούς
1919 2083 1975 2114 τε

314 2146 527 2214 αὐχένας
553 2145 685 2216 κάλῳ
717 2145 1002 2212 δεδεμένους
1035 2146 1113 2197 καὶ
1136 2148 1197 2198 τὰ
1222 2147 1447 2212 στόματα
1471 2145 1971 2215 ἐγκεχαλινωμένους.

2002 987 2052 1017 10

2002 1412 2048 1453 Ι5

2000 1831 2050 1860 20

257 2253 277 2299 5
314 2230 492 2298 ἤγοντο
534 2233 587 2283 δὲ
625 2230 802 2296 ποινὴν
843 2232 1093 2285 τείσοντες
1132 2231 1486 2296 Μυτιληναίων
1524 2235 1659 2284 τοῖσι
1701 2233 1753 2284 ἐν
1793 2228 1974 2297 Μέμφι
2000 2251 2047 2292 ²5

371 2380 389 2407 1
423 2369 488 2409 καὶ
519 2379 600 2407 om.
624 2366 663 2405 V
886 2382 910 2406 2
940 2367 1267 2421 πολιορκούμενοι
1290 2367 1407 2407 AB:
1436 2366 1691 2420 πολιορκεύμ.
1718 2366 1800 2407 CP
1830 2366 1972 2421 (-ερκ-)

311 2432 336 2472 5
367 2423 510 2475 ἀβαρκ.
528 2423 562 2461 C
581 2436 590 2462 :
620 2423 658 2462 οἶ
680 2428 722 2463 Β.
749 2422 788 2461 R
804 2421 834 2461 S
849 2422 887 2461 V
1023 2423 1251 2474 δείσαντες]
1275 2427 1310 2464 δ.
1331 2440 1379 2463 τε
1402 2422 1441 2461 R
1457 2423 1487 2462 S
1500 2423 1539 2461 V
1665 2423 1728 2463 καὶ
1746 2422 1972 2461 Schaefer:

313 2476 987 2519 &aazABCszsnalRSV
1183 2476 1666 2531 6ἕτεραοῐῐι.ΑΒ(ἶΡ
1776 2476 1970 2525 πἐποίη-

313 2547 391 2572 σαν
412 2532 451 2571 R
472 2546 482 2571 :
510 2549 605 2573 πεπ.
626 2532 655 2571 S
668 2532 707 2571 V
816 2545 844 2583 9
870 2534 919 2582 δὴ
937 2545 1018 2572 om.
1036 2532 1076 2571 R
1187 2549 1354 2581 πεντηκ.
1371 2531 1411 2570 Α
1426 2532 1460 2570 Β
1477 2532 1510 2570 C
1525 2531 1559 2570 P
1673 2544 1718 2570 11
1743 2527 1889 2582 {fie'mpt
1903 2530 1943 2569 A
1962 2544 1971 2569 :

313 2590 363 2636 ἐμ
382 2586 479 2639 με’φι
503 2586 542 2624 R
671 2601 719 2626 12
749 2586 990 2642 προάστειον
1007 2588 1041 2626 L
1156 2600 1204 2636 14
1235 2590 1482 2640 διεπειρεᾶτο
1504 2586 1544 2625 R
1559 2586 1589 2626 S
1603 2586 1642 2625 V
1754 2598 1802 2636 15
1832 2585 1971 2633 δουλίη

313 2641 395 2680 SV
619 2643 668 2681 16
717 2645 757 2684 ἐς
797 2642 832 2681 Ε
852 2642 963 2681 RV:
1013 2642 1075 2683 ἐπ’
1115 2643 1216 2695 ὕδωρ
1247 2654 1328 2682 om.
1370 2642 1401 2681 S
1568 2640 1798 2693 συνέπεμψε
1834 2640 1972 2679 RSV

316 2697 364 2734 18
384 2697 584 2750 παρήισαν
605 2697 711 2736 Reiz
730 2711 738 2738 :
769 2696 976 2751 παρήεσαν
993 2696 1033 2735 R
1049 2698 1078 2736 S
1091 2696 1130 2734 V
1146 2711 1154 2734 :
1185 2700 1369 2748 παρῆσαν
1385 2696 1424 2735 Α
1438 2696 1472 2735 Β
1489 2696 1521 2735 C
1537 2696 1571 2735 E
1587 2696 1621 2735 P
1736 2708 1784 2745 19
1803 2694 1968 2742 πάντες]

310 2751 480 2805 πατέρες
511 2752 550 2790 R
567 2752 650 2791 SV
760 2750 968 2800 ἀντεβόων
998 2751 1064 2790 E:
1108 2750 1288 2798 ἀνεβόων
1316 2751 1404 2790 rell.
1563 2764 1617 2790 20
1647 2750 1859 2791 ἀνέκλαιον
1887 2749 1972 2788 CP

275 2809 284 2816 “
311 2817 358 2843 21
393 2807 590 2859 προσιδὼν
613 2808 651 2846 R
668 2806 699 2845 S
712 2806 752 2845 V
861 2805 1210 2860 παρεξελθουσέων
1232 2805 1270 2843 R
1286 2805 1316 2843 S
1330 2805 1368 2843 V
1505 2818 1558 2854 23
1587 2805 1819 2857 Αἰγυπτίων
1832 2816 1913 2842 om.
1934 2802 1968 2841 E

310 2858 378 2910 τε]
400 2860 444 2901 δὲ
467 2859 500 2898 Ρ
516 2860 554 2898 R
570 2860 651 2900 SV
874 2873 925 2910 24
955 2859 1042 2911 καὶ]
1064 2859 1166 2912 ἦγον
1185 2860 1250 2901 καὶ
1275 2859 1309 2897 R
1330 2859 1411 2898 SV
1636 2871 1688 2908 25
1719 2860 1867 2911 ἄγον-το
1888 2857 1921 2896 C
1937 2857 1970 2896 P

310 2915 522 2956 πείσοντες
563 2914 624 2954 E:
672 2916 810 2957 τ-ί-ίσ.
854 2915 921 2955 V:
967 2915 1051 2956 τίσ.
1093 2914 1183 2954 rell.
1296 2918 1379 2955 τῶν
1418 2917 1459 2955 ἐν
1499 2921 1551 2954 Μ.
1583 2913 1841 2964 ἀπολομένων
1879 2911 1914 2951 E
