2098 3320
811 82 1188 132 ιΣΤοΡιΩΝ
1252 83 1291 130 Β
1925 81 2098 142 11.135

208 212 478 279 ἐξικέσθαι.
560 215 671 277 ’τῆς
711 213 807 280 γὰρ
847 211 938 276 τὴν
977 211 1187 277 δεκάτην
1227 216 1327 264 τῶν
1371 208 1641 280 χρημάτων
1689 209 1886 263 ἰδέσθαι
1922 233 1947 276 3

207 296 320 350 ἔστι
349 297 423 350 ἔτι
453 295 532 348 καὶ
563 297 614 350 ἐς
643 296 756 349 τόδε
786 296 933 349 παντὶ
963 301 1030 367 τῷ
1061 295 1376 366 βουλομένῳ,
1411 296 1553 348 οὐδὲν
1583 298 1660 348 δεῖ
1684 294 1885 362 μεγάλα

208 383 255 434 οἱ
285 379 515 450 χρήματα
551 382 823 433 ἀναθεῖναι.
914 381 1198 447 ἐπεθύμησε
1232 383 1329 449 γὰρ
1359 380 1599 433 Ῥοδῶπις
1634 378 1883 444 μνημήιον

208 468 392 531 ἑωυτῆς
436 467 490 518 ἐν
533 473 594 538 τῇ
637 464 850 517 Ἑλλάδι
903 465 1286 525 καταλιπέσθαι,
1334 467 1523 530 ποίημα
1566 463 1880 530 ποιησαμένη

159 575 183 616 5
206 555 352 602 τοῦτο
381 549 438 602 τὸ
467 549 532 616 μὴ
564 548 802 619 τυγχάνει
833 549 972 620 ἄλλῳ
1005 549 1330 617 ἐξευρημένον
1364 549 1442 601 καὶ
1473 549 1796 614 ἀνακείμενον
1828 551 1881 602 ἐν
1941 573 1945 576 ⁴

208 636 306 705 ἱρῷ,
338 638 483 686 τοῦτο
512 636 770 687 ἀναθεῖναι
806 636 857 688 ἐς
890 635 1129 702 Δελφοὺς
1164 635 1486 700 μνημόσυνον
1517 636 1717 698 ἑωυτῆς.
1793 637 1882 698 τῆς
1915 657 1943 699 4

205 717 274 771 ὧν
310 717 517 782 δεκάτης
556 724 655 771 τῶν
690 718 959 788 χρημάτων
997 718 1310 785 ποιησαμένη
1348 718 1564 784 ὀβελοὺς
1599 717 2098 791 βουπόρουςίωνςιυ

205 803 428 857 πολλοὺς
469 802 744 870 σιδηρέους,
787 804 912 855 ὅσον
954 804 1197 872 ἐνεχώρεε
1233 803 1262 869 ἡ
1301 802 1479 868 δεκάτη
1521 805 1584 862 οἱ,
1619 785 2098 880 ἀπέπεμπεῖζὲωῢἯι

207 888 257 941 ἐς
304 886 558 955 Δελφούς·
604 887 651 940 οἳ
699 887 778 940 καὶ
823 893 910 940 νῦν
955 888 1028 940 ἔτι
1074 887 1399 940 συννενέαται
1444 889 1626 939 ὄπισθε
1665 889 1759 952 μὲν
1794 892 1882 939 τοῦ

133 993 182 1023 10
204 976 381 1038 βωμοῦ
437 971 524 1024 τὸν
575 976 693 1025 Χῖοι
744 972 1007 1032 ἀνέθεσαν,
1063 974 1236 1025 ἀντίον
1288 975 1342 1024 δὲ
1395 972 1546 1024 αὐτοῦ
1605 976 1692 1023 τοῦ
1741 976 1878 1036 νηοῦ.

205 1055 444 1125 φιλέουσι
497 1055 552 1109 δέ
605 1079 698 1112 κως
749 1059 804 1109 ἐν
851 1058 910 1129 τῇ
963 1056 1220 1126 Ναυκράτι
1268 1057 1595 1124 ἐπαφρόδιτοι
1647 1058 1880 1123 γίνεσθαι
1917 1076 1938 1122 5

205 1143 411 1208 ἑταῖραι·
456 1146 600 1194 τοῦτο
622 1145 715 1207 μὲν
746 1143 843 1209 γὰρ
874 1143 1011 1206 αὕτη,
1034 1144 1121 1206 τῆς
1146 1140 1258 1208 πέρι
1287 1141 1491 1208 λέγεται
1514 1142 1598 1192 ὅδε
1620 1136 1683 1206 [ὁ]
1704 1142 1875 1208 λόγος,

205 1226 331 1277 οὕτω
379 1224 438 1290 δή
484 1247 532 1277 τι
580 1225 749 1291 κλεινὴ
803 1225 1004 1294 ἐγένετο
1056 1226 1121 1280 ὦς
1175 1227 1255 1278 καὶ
1308 1228 1353 1278 οἱ
1400 1224 1583 1279 πάντες
1623 1223 1878 1290 ’Έλληνες

203 1308 473 1364 Ῥοδώπιος
514 1310 572 1363 τὸ
617 1312 803 1377 οὕνομα
847 1309 1106 1377 ἐξέμαθον,
1154 1314 1300 1363 τοῦτο
1344 1313 1399 1362 δὲ
1441 1312 1653 1377 ὕστερον
1697 1310 1877 1374 ταύτης

132 1415 180 1458 15
205 1395 263 1466 τῇ
285 1395 480 1461 ,οὔνομα
511 1393 572 1459 ῆν
602 1395 861 1464 Ἀρχιδίκη
894 1396 1119 1461 ἀοίδιμος
1149 1396 1244 1465 ἀνᾷ
1273 1394 1365 1460 τὴν
1394 1394 1622 1446 Ἑλλάδα
1653 1391 1870 1461 ἐγένετο,
1887 1445 1915 1484 ὲ
2086 1454 2098 1476 ε

204 1478 373 1544 ἧσσον
421 1483 475 1532 δὲ
520 1482 607 1545 τῆς
656 1477 828 1547 ἑτέρης
868 1478 1337 1554 περιλεσχήνευτος.
1426 1477 1657 1546 Χάραξος
1705 1481 1758 1530 δὲ
1808 1479 1874 1533 ὡς
1910 1489 1938 1533 6

144 1602 150 1609 x
203 1562 488 1630 λυσάμενος
530 1563 770 1618 Ῥοδῶπιν
811 1565 1132 1630 ἀπενόστησε
1178 1566 1228 1618 ἐς
1272 1562 1583 1629 Μυτιλήνην,
1633 1565 1685 1615 ἐν
1730 1560 1875 1629 μέλεϊ

205 1649 402 1716 Σαπφὼ
434 1651 603 1702 πολλὰ
634 1647 1032 1717 κατεκερτόμησέ
1054 1671 1156 1716 μιν.
1243 1648 1511 1703 Ῥοδώπιος
1534 1645 1625 1714 μέν
1651 1669 1736 1701 νυν
1761 1646 1874 1715 πέρι

205 1729 475 1799 πέπαυμαι.
1521 1727 1524 1729 ’

133 1839 183 1868 20
291 1820 434 1870 Μετὰ
465 1821 518 1871 δὲ
549 1822 830 1886 Μυκερῖνον
866 1818 1103 1887 γενέσθαι
1139 1818 1395 1886 Αἰγύπτου
1434 1816 1660 1883 βασιλέα
1696 1817 1874 1885 ἔλεγον
1911 1813 2006 1873 136

205 1903 251 1954 οἱ
283 1900 408 1969 ἱρέες
425 1901 663 1971 Ἀσυχιν,
697 1903 783 1955 τὸν
819 1906 880 1955 τὰ
917 1902 1039 1971 πρὸς
1074 1903 1218 1967 ἥλιον
1250 1903 1531 1971 ἀνίσχοντα
1560 1905 1768 1967 ποιῆσαι
1804 1907 1872 1972 τῷ

205 1984 475 2058 Ἱ-Ιφαίστῳ
507 1988 809 2055 προπύλαια,
842 1989 989 2040 ἐόντα
1019 1992 1279 2058 πολλῷᾲτε
1311 1987 1562 2039 κάλλιστα
1592 1988 1671 2039 καὶ
1702 1988 1877 2057 πολλῷ

205 2069 436 2138 μέγιστα.
527 2072 633 2140 ἔχει
661 2075 754 2138 μὲν
778 2074 873 2140 γὰρ
904 2071 982 2123 καὶ
1012 2074 1074 2123 τᾶ
1097 2071 1260 2125 πάντα
1290 2073 1575 2140 προπύλαια
1606 2072 1788 2126 τύπους
1818 2093 1873 2123 τε

205 2156 638 2223 ἐγγεγλυμμένους
691 2158 770 2209 καὶ
827 2156 992 2222 ἄλλην
1043 2158 1167 2224 ὄψιν
1194 2155 1628 2222 “οῑκοὸομημάτων
1678 2158 1871 2223 μυρίην,

132 2259 181 2302 25
206 2240 371 2292 ἐκεῖνα
407 2243 459 2293 δὲ
506 2241 584 2293 καὶ
627 2242 795 2312 μακρῷ
835 2241 1074 2307 μάλιστα.
1163 2242 1243 2294 ἐπὶ
1287 2242 1464 2294 τούτου
1506 2241 1872 2307 βασιλεύοντος
1907 2263 1932 2295 2

205 2323 384 2392 ἔλεγον
426 2323 648 2391 ἀμειξίης
690 2326 870 2401 ἐούσης
911 2329 1107 2393 πολλῇς
1143 2325 1412 2394 χρημάτων
1446 2325 1684 2393 γενέσθαι
1719 2317 2098 2411 νόμονμᾚῃ

0 2406 542 2496 ξψίγυπτίοισι,
584 2409 1221 2481 ἀποδεικνύντοι-ἐνέχυρον,
1258 2416 1345 2462 τοῦ
1384 2410 1570 2478 πατρὸς
1605 2409 1692 2462 τὸν
1729 2410 1874 2462 νέκυν

258 2559 283 2584 2
313 2547 377 2588 καὶ
409 2546 469 2587 ἔτι
500 2549 562 2588 καὶ
596 2547 635 2586 R
774 2529 890 2589 οὐδὲν
919 2550 983 2588 δεῖ
1011 2547 1079 2598 (δὴ
1109 2546 1194 2599 R).
1212 2548 1463 2588 ..ἀναθεῖναι
1496 2547 1645 2597 (θῆναι
1671 2547 1725 2598 R,
1756 2548 1799 2587 it.
1823 2548 1871 2598 6)

205 2600 285 2639 del.
312 2602 525 2652 Gomperz
671 2615 697 2652 3
728 2602 972 2654 ἐπεθύμησαι
995 2602 1034 2641 R
1184 2615 1209 2651 4
1239 2604 1363 2650 αὐτῆς
1385 2602 1424 2639 Α
1439 2601 1474 2639 Β
1490 2602 1523 2640 C
1540 2600 1590 2640 Pl
1726 2603 1754 2640 6
1783 2603 1873 2655 ἴερῶ

206 2655 298 2694 RV
406 2670 433 2707 9
462 2655 700 2698 συνενέαται
721 2657 779 2697 C:
811 2656 1000 2698 συνέαται
1023 2657 1062 2695 R
1078 2657 1107 2696 S
1121 2657 1159 2696 V
1271 2656 1437 2697 ὄπισθεν
1459 2656 1498 2694 R
1512 2657 1550 2695 V
1663 2669 1713 2696 10
1743 2658 1872 2698 ἀντίοι

207 2707 244 2748 R
261 2710 292 2749 S
306 2710 343 2748 V
539 2724 586 2750 12
618 2714 658 2754 αἱ
678 2715 829 2766 ἑταῖραι
850 2713 889 2750 Α
904 2712 938 2750 Β
956 2712 989 2750 C
1006 2711 1038 2750 P
1167 2714 1187 2751 ὁ
1210 2723 1291 2750 om.
1317 2711 1354 2749 A
1372 2711 1406 2749 B
1605 2713 1655 2750 16
1687 2711 1873 2764 κρέσσων

206 2765 245 2804 R
263 2764 344 2804 SV
452 2768 539 2820 περὶ
559 2766 723 2819 λέσχην
742 2766 859 2808 οὗτος
881 2767 921 2805 R
936 2767 966 2805 S
979 2765 1018 2805 V
1179 2777 1225 2815 17
1256 2765 1511 2816 λυσσόμενος
1534 2766 1626 2805 RV
1737 2766 1796 2817 ἐς]
1821 2768 1873 2808 ὥς

204 2818 244 2858 Α
259 2819 293 2858 Β
309 2820 343 2859 C
512 2828 659 2862 Μιτυλ.
685 2821 719 2861 L
886 2824 929 2862 ἐν
950 2834 1030 2860 om.
1056 2821 1094 2859 R
1111 2820 1140 2859 S
1155 2822 1193 2860 V
1378 2833 1438 2860 2Ι“
1461 2821 1627 2870 ποιῆσαί
1645 2838 1712 2872 μιν
1734 2821 1774 2860 R
1790 2821 1820 2860 S
1833 2820 1872 2860 V

204 2887 256 2924 24
288 2875 330 2916 εὖ
348 2876 655 2928 γεγλυμμένους
680 2878 719 2917 Α
737 2876 772 2915 Β
791 2877 823 2916 Ρ
842 2891 851 2916 :
882 2876 926 2917 εὖ
944 2874 1219 2928 λελεγμένους
1241 2875 1274 2914 C
1438 2877 1491 2914 26
1521 2877 1686 2928 αμαξίης
1708 2876 1747 2914 R
1763 2876 1793 2915 S
1808 2876 1844 2914 V
1862 2890 1872 2916 ε

204 2930 356 2983 ἀμιξίης
380 2931 470 2971 rell.
