2098 3320
145 61 231 110 lv,
257 42 325 122 83
982 60 1409 109 HPOAOTOT

361 191 423 241 τᾶ
452 189 615 243 πάντα
647 190 1044 258 παρεσκεύαστο,
1080 189 1323 257 ἐξήλαυνε
1351 190 1438 243 τὸν
1469 190 1683 257 στρατὸν
1714 193 1768 244 ἐκ
1800 191 2024 246 Σούσων.

256 279 323 340 84
362 276 572 327 ἐνθαῦτα
630 279 729 327 τῶν
780 274 1023 342 Περσέων
1076 276 1329 341 Οἰόβαζος
1387 274 1563 340 ἐδεήθη
1620 277 1834 343 Δαρείου
1880 281 2026 344 τριῶν

360 360 545 412 ἐόντων
596 361 643 411 οἳ
665 356 669 361 ’
691 360 880 412 παίδων
934 359 1014 412 καὶ
1061 358 1262 412 πάντων
1309 358 1715 426 στρατευομένων
1767 360 1854 412 ἕνα
1897 361 2026 430 αὐτῷ

362 446 773 511 καταλειφθῆναι.
863 445 889 495 6
930 443 985 496 δέ
1021 446 1068 496 οἱ
1110 444 1208 511 ἔφη
1242 443 1306 497 ὡς
1348 444 1482 513 φίλῳ
1533 444 1667 495 ἐόντι
1702 445 1781 497 καὶ
1815 445 2027 510 μετρίων

302 549 326 580 2
360 526 576 597 δεομένῳ
636 526 824 582 πάντας
883 527 995 581 τοὺς
1053 531 1234 581 παῖδας
1306 527 1646 595 καταλείψειν.
1734 529 1761 579 6
1818 530 1910 594 μὲν
1967 527 2071 594 δῆ5

360 612 614 677 Οἰόβαζος
670 610 944 680 περιχαρὴς
1002 610 1079 677 ἣν,
1135 612 1351 676 ἐλπίζων
1411 611 1524 666 τοὺς
1574 610 1709 666 υἱέας
1761 612 2028 680 στρατηίης

360 695 723 755 ἀπολελύσθαι,
774 698 800 747 6
849 699 902 749 δὲ
950 697 1142 750 κελεύει
1192 696 1306 749 τοὺς
1353 695 1436 748 ἐπὶ
1482 695 1669 748 τούτων
1715 697 2027 751 ἐπεστεῶτας

360 781 648 832 ἀποκτεῖναι
683 778 874 834 πάντας
914 780 1028 834 τοὺς
1067 779 1322 846 Οἰοβάζου
1359 783 1552 834 παῖδας.
1641 781 1722 832 καὶ
1763 780 1897 832 οὗτοι
1935 782 2028 846 μὲν

260 867 325 928 85
361 863 749 932 ἀποσφαγέντες
791 864 941 916 αὐτοῦ
981 865 1133 936 ταύτῃ
1180 864 1457 916 ἐλείποντο·
1510 868 1723 931 Δαρεῖος
1767 866 1820 916 δὲ
1861 863 2028 917 ἐπείτε

359 949 690 1016 πορευόμενος
721 948 777 1000 ἐκ
817 949 1026 1001 Σούσων
1068 949 1272 1001 ἀπίκετο
1308 951 1396 1013 τῆς
1435 948 1785 1017 Καλχηδονίης
1819 947 1905 1000 ἐπὶ
1939 947 2028 1001 τὸν

361 1033 639 1100 Βόσπορον,
679 1034 760 1085 ἵνα
808 1033 1003 1098 ἔζευκτο
1038 1034 1068 1098 ἡ
1110 1032 1322 1101 γέφυρα,
1358 1031 1584 1085 ἐνθεῦτεν
1629 1031 1794 1098 ἐσβὰς
1841 1032 1893 1086 ἐς
1939 1031 2028 1085 νέα

358 1116 508 1169 ἔπλεε
537 1117 620 1170 ἐπὶ
650 1119 737 1172 τὰς
771 1117 994 1172 Κυανέας
1028 1116 1347 1183 καλευμένας,
1381 1119 1468 1171 τὰς
1499 1117 1740 1185 πρότερον
1769 1117 2027 1184 πλαγκτὰς

349 1199 605 1266 ’Έλληνές
657 1209 788 1269 φασι
840 1203 981 1261 εἶναι,
1039 1202 1269 1268 ἑζόμενος
1316 1204 1370 1254 δὲ
1423 1201 1503 1255 ἐπὶ
1547 1202 1637 1271 ῥίῳ
1693 1202 1886 1265 ἐθηεῖτο
1937 1199 2026 1254 τὸν

300 1305 325 1335 2
360 1286 577 1344 Πόντον,
613 1287 759 1338 ἐόντα
790 1285 1098 1352 ἀξιοθέητον·
1145 1284 1407 1354 πελαγέων
1437 1287 1534 1353 γὰρ
1570 1284 1802 1338 ἁπάντων
1833 1283 2026 1353 πέφυκε

360 1370 762 1435 θωμασιώτατος,
806 1375 892 1422 τοῦ
927 1371 983 1422 τὸ
1023 1373 1115 1436 μὲν
1154 1373 1308 1436 μῆκος
1353 1369 1552 1422 στάδιοί
1589 1371 1690 1422 εἰσι
1729 1368 1904 1422 ἑκατὸν
1945 1368 2025 1422 καὶ

360 1455 518 1522 χίλιοι
549 1454 628 1506 καὶ
663 1455 842 1521 μύριοι,
877 1454 934 1506 τὸ
969 1458 1022 1507 δὲ
1065 1455 1219 1522 εὖρος,
1254 1462 1315 1527 τῇ
1354 1454 1614 1522 εὐρύτατος
1650 1453 1796 1508 αὐτὸς
1825 1456 2022 1514 ἑωυτοῦ,

299 1559 324 1603 3
361 1537 556 1590 στάδιοι
586 1540 863 1606 τριηκόσιοι
895 1540 974 1592 καὶ
1004 1540 1298 1608 τρισχίλιοι.
1372 1540 1547 1591 τούτου
1575 1543 1662 1590 τοῦ
1691 1536 1939 1606 πελάγεος
1967 1542 2024 1590 τὸ

359 1623 522 1688 στόμα
552 1623 662 1675 ἐστὶ
694 1624 832 1690 εὖρος
861 1623 1101 1691 τέσσερες
1133 1622 1343 1682 στάδιοι,
1375 1625 1529 1689 μῆκος
1560 1625 1614 1675 δὲ
1642 1627 1730 1674 τοῦ
1758 1622 2021 1688 στόματος,

358 1708 384 1758 6
429 1705 605 1776 αὐχήν,
652 1706 708 1759 τὸ
753 1707 812 1772 δὴ
860 1709 1120 1776 Βόσπορος
1166 1706 1413 1773 κέκληται,
1454 1706 1558 1758 κατ’
1595 1706 1622 1758 ὃ
1660 1706 1718 1772 δὴ
1763 1706 1958 1771 ἔζευκτο
1992 1705 2023 1771 ἡ

358 1790 567 1858 γέφυρα,
610 1793 691 1844 ἐπὶ
734 1794 966 1846 σταδίους
1007 1794 1167 1845 ε’ίκοσι
1206 1793 1285 1845 καὶ
1324 1792 1502 1844 ἑκατόν
1540 1793 1666 1843 ἐστι’
1711 1791 1862 1843 τείνει
1898 1789 1940 1843 δ’
1973 1792 2025 1845 ἐς

293 1895 320 1938 4
357 1875 447 1940 τὴν
479 1877 800 1943 Προποντίδα
831 1878 857 1928 6
888 1877 1167 1945 Βόσπορος.
1241 1877 1345 1942 ἡδὲ
1378 1876 1676 1943 Προποντίς,
1703 1877 1858 1927 ἐοῦσα
1886 1874 2024 1943 εὖρος

356 1962 447 2025 μὲν
479 1962 695 2013 σταδίων
726 1962 1085 2022 πεντακοσίων,
1110 1964 1264 2027 μῆκος
1284 1963 1337 2013 δὲ
1358 1961 1692 2027 τετρακοσίων
1716 1959 1794 2011 καὶ
1823 1960 2020 2028 χιλίων,

360 2048 612 2097 καταδιδοῖ
639 2046 691 2099 ἐς
720 2049 806 2098 τὸν
836 2044 1240 2111 Ἑλλήσποντον,
1276 2045 1421 2097 ἐόντα
1452 2045 1746 2109 στεινότητα
1776 2046 1868 2110 μὲν
1898 2045 2024 2096 ἑπτὰ

358 2130 604 2188 σταδίους,
626 2132 780 2194 μῆκος
804 2132 858 2182 δὲ
880 2130 1246 2197 τετρακοσίους.
1323 2131 1506 2181 ἐκδιδοῖ
1522 2131 1575 2181 δὲ
1595 2129 1621 2179 6
1642 2126 2024 2193 Ἑλλήσποντος

249 2219 319 2268 86
358 2214 408 2267 ἐς
444 2212 621 2281 χάσμα
665 2213 914 2281 πελάγεος
960 2213 1017 2266 τὸ
1063 2214 1121 2278 δὴ
1160 2216 1369 2281 Αἰγαῖον
1406 2212 1654 2265 καλέεται.
1726 2211 2023 2279 μεμέτρηται

356 2299 410 2350 δὲ
439 2301 594 2349 ταῦτα
622 2299 732 2350 ὧδε·
778 2303 893 2363 νηῦς
933 2299 1115 2351 ἐπίπαν
1151 2296 1375 2363 μάλιστά
1406 2319 1466 2369 κῃ
1498 2297 1724 2350 κατανύει
1753 2298 1807 2350 ἐν
1835 2317 2020 2368 μακρη-

418 2447 434 2474 1
467 2435 629 2478 ἅπαντα
647 2451 959 2489 παρασκευαστο
980 2435 1018 2475 Α
1033 2435 1068 2474 Β
1086 2436 1119 2474 C
1322 2448 1347 2486 5
1378 2434 1574 2488 καλύψειν
1591 2434 1631 2473 V
1820 2435 1848 2473 6
1876 2432 1966 2476 ὕέας
1986 2433 2022 2474 C

358 2493 551 2545 στρατιῆς
567 2490 606 2528 Α
621 2491 655 2530 Β
671 2491 704 2530 C
818 2503 840 2541 7
867 2491 1059 2532 ἐκέλευσε
1074 2489 1114 2528 A
1128 2490 1162 2528 Β
1178 2491 1211 2529 C
1299 2492 1364 2531 ἐπὶ
1386 2490 1542 2531 τούτων
1564 2502 1645 2528 om.
1665 2488 1704 2527 A
1718 2488 1752 2527 Β
1767 2488 1801 2527 C
1887 2491 2021 2530 ἐπιστ.

358 2547 426 2585 R:
460 2549 546 2586 ἐστ.
573 2545 606 2585 C
717 2558 744 2595 9
774 2546 986 2587 ἐλείποντο
1008 2545 1064 2585 d:
1095 2545 1288 2586 ἐλίποντο
1311 2545 1344 2583 L
1455 2548 1476 2584 6
1499 2552 1595 2600 ραρ.
1622 2543 1702 2584 SV
1815 2555 1860 2582 11
1895 2544 2022 2594 ἐμβὰς

358 2607 441 2647 SV
637 2620 686 2658 13
716 2607 895 2658 ἱζόμενος
926 2607 965 2645 R
1123 2605 1193 2660 ῥίῳ
1220 2606 1273 2644 de
1300 2606 1458 2644 Pauvv:
1487 2604 1556 2659 ρωι
1575 2604 1638 2645 A:
1673 2605 1739 2658 ἶρῶ
1760 2603 1828 2643 R:
1857 2605 1940 2657 ἱρῶι
1961 2604 2021 2643 P=

356 2665 442 2713 ἱρὸν
463 2663 496 2702 C
517 2677 525 2702 τ
554 2663 603 2703 rb
622 2664 690 2715 ἵρῶ
710 2662 770 2702 V:
802 2665 874 2702 τῶι
894 2664 976 2715 ἱρῶι
999 2661 1033 2700 Β
1050 2661 1080 2700 S
1242 2672 1288 2709 15
1320 2664 1438 2711 θωυμ.
1462 2659 1500 2697 Α
1516 2660 1550 2698 Β
1567 2659 1600 2698 C
1615 2659 1649 2697 P
1667 2673 1676 2698 :
1706 2660 2022 2709 θωμασιώτατον

359 2715 399 2755 R
415 2717 445 2756 S
462 2717 539 2769 [V]
655 2718 733 2758 εἶσὶ
755 2715 911 2757 στάδιοι
935 2716 968 2754 Ρ
983 2716 1021 2754 R
1036 2715 1065 2754 S
1081 2716 1116 2753 V
1287 2727 1332 2763 17
1361 2713 1582 2767 τριηκόσιοι
1604 2713 1679 2752 8⁰:
1710 2712 1905 2762 διηκόσιοι
1925 2713 2015 2752 rell.

356 2774 406 2812 τὸ
440 2785 523 2812 om.
565 2770 702 2810 RSV
886 2772 934 2809 18
977 2769 1176 2823 τέσσαρες
1209 2768 1378 2808 ABV:
1421 2769 1604 2820 τέσσαρα
1640 2769 1679 2806 R
1846 2780 1895 2805 21
1940 2768 2020 2816 τὴν

358 2840 439 2866 om.
485 2827 519 2865 C
759 2838 812 2875 23
861 2825 1109 2874 στεινότητα
1149 2824 1563 2873 Schweighaeuser:
1612 2821 1858 2863 στεινότατα
1896 2820 2018 2861 RV:

2055 968 2098 999 10

2051 1387 2098 1431 ¹5

2049 1811 2098 1840 20

2048 2231 2096 2274 25

357 2880 591 2931 στεινότητι
611 2880 649 2919 Α
666 2881 700 2919 Β
717 2881 750 2919 C
766 2881 820 2919 P:
853 2879 1118 2921 στεινότατον
1139 2879 1170 2918 S
1310 2892 1361 2928 24
1393 2881 1548 2919 ἐσδιδοῖ
1564 2878 1604 2916 R
1618 2877 1649 2917 S
1661 2877 1700 2915 V
1787 2880 1809 2918 6
1830 2889 1912 2916 om.
1936 2875 1966 2916 S
1979 2876 2019 2914 V
2062 2896 2072 2901 —

357 2938 410 2974 26
435 2939 521 2978 νεῦς
545 2936 584 2974 R
598 2936 661 2974 V:
689 2938 780 2977 ναῦς
802 2935 832 2973 S
945 2933 1153 2975 κατανεύει
1176 2933 1216 2971 R
1232 2933 1312 2972 SV
1371 2964 1374 2967 .
1420 2932 1607 2986 μακρῆ(ι)
1628 2930 1808 2986 ἡμέρη(ι)
1833 2931 1867 2970 Ρ
1882 2931 1965 2970 RS
1979 2931 2018 2970 V
