2098 3320
748 77 1126 165 ΙΣΤΟΡΙΩΝ
1189 120 1234 165 Δ
1871 117 1958 169 IV.
1986 117 2080 180 198

154 247 272 318 γάρ,
315 249 467 301 ἐπεὰν
507 246 630 314 αὐτῇ
673 249 855 311 ἑωυτῆς
899 246 1082 314 ἄριστα
1126 249 1304 320 ἐνείκῃ,
1351 249 1565 316 ἐκφέρει,
1607 249 1637 314 ἡ
1679 251 1730 301 δὲ
1778 251 1832 302 ἐν
1852 244 2098 337 ‘tf-⁴⁸⁸2}

161 340 222 408 τῇ
259 333 440 385 Κίνυπι
481 332 563 384 ἐπὶ
598 331 874 398 τριηκόσια.
965 332 1073 400 ἔχει
1109 335 1162 384 δὲ
1199 333 1277 384 καὶ
1312 333 1341 397 ἡ
1382 335 1631 400 Κυρηναίη
1673 334 1828 401 χώρη,
1869 307 2002 403 193⁹

163 421 317 470 ἐοῦσα
335 414 629 484 ὑψηλοτάτη
649 416 830 481 ταύτης
849 419 936 481 τῆς
956 417 1150 482 Λιβύης
1170 416 1260 481 τὴν
1281 419 1326 469 οἱ
1350 417 1558 483 νομάδες
1581 417 1828 483 νέμονται,

161 507 293 570 τρεῖς
330 501 459 569 ὥρας
499 502 554 552 ἐν
595 501 749 572 ἑωυτῇ
792 499 934 566 ἀξίας
976 501 1215 567 θώματος.
1303 506 1470 568 πρῶτα
1509 505 1599 568 μὲν
1640 504 1735 569 γὰρ
1771 505 1859 570 τδιι
1943 560 1954 573 ·

115 617 138 656 5
163 584 555 654 παραθαλάσσια
587 589 684 637 τῶν
716 589 917 652 καρπῶν
940 586 1320 655 ὀργζᾴμᾶσθαί
1344 608 1398 638 τε
1429 587 1509 638 καὶ
1539 590 1829 654 τρυγᾶσθαι·
1854 564 2017 659 2⁹:⁸⁸⁶:
2030 552 2095 657 ,ts

0 670 22 754 Ξ.
163 671 352 724 τούτων
388 691 443 723 τε
483 669 541 734 δὴ
578 668 1053 737 συγκεκομισμένων
1089 672 1150 721 τὰ
1190 671 1314 737 ὑπὲρ
1347 675 1446 722 τῶν
1487 672 1833 723 θαλασσιδίων
2070 668 2075 673 ’

0 749 13 765 ”
163 756 340 825 χώρων
369 750 449 821 [τὰ
478 751 631 821 μέσα]
656 754 782 823 ὀργᾷ
811 754 1216 820 συγκομίζεσθαι,
1241 755 1545 820 τὰνβουνοὺς
1578 754 1830 807 καλέουσι·

0 805 14 911 ξ
165 839 559 908 συγκεκόμισταί
586 861 641 891 τε
679 838 821 891 οὗτος
858 839 884 889 6
920 837 1077 903 μέσος
1116 838 1299 905 καρπὸς
1337 840 1414 890 καὶ
1453 840 1478 889 6
1514 841 1567 891 ἐν
1596 840 1654 911 τῇ
1687 860 1830 891 κατυ-
1873 856 1898 887 2

0 912 13 945 ⁹
164 923 379 997 περτάτῃ
403 927 490 989 τῆς
514 926 606 991 γῆς
636 923 933 976 πεπαίνεταί
958 944 1013 974 τε
1044 922 1123 974 καὶ
1153 924 1292 994 ὀργᾷ,
1319 924 1449 975 ὥστε
1482 923 1754 976 ἐκπέποταί
1779 944 1834 976 τε

0 1004 5 1029 ²
93 1037 141 1067 10
165 999 245 1063 καὶ
283 1007 669 1076 καταβέβρωται
705 1008 731 1058 6
767 1012 958 1074 πρῶτος
994 1007 1178 1074 καρπὸς
1217 1007 1296 1059 καὶ
1333 1009 1359 1058 6
1388 1013 1670 1062 τελευταῖος
1707 1029 1830 1073 συμ·

164 1095 505 1163 παραγίνεται.
566 1066 748 1151 ’τως
800 1092 878 1145 ἐπ’
927 1093 1054 1143 ὀκτὼ
1106 1095 1263 1158 μῆνας
1310 1094 1613 1160 Κυρηναίους
1664 1092 1831 1160 ὀπώρη

0 1191 7 1225 2
54 1226 57 1227 γ
166 1178 352 1248 ἐπέχει.
440 1181 593 1230 ταῦτα
621 1176 713 1244 μέν
744 1197 831 1230 νυν
863 1176 945 1230 ἐπὶ
976 1181 1215 1229 τοσοῦτον
1246 1175 1477 1244 εἰρήσθω.

248 1266 314 1316 Οἱ
345 1265 399 1316 δὲ
424 1264 698 1330 Φερετίμης
728 1261 932 1329 τιμωροὶ
956 1260 1155 1328 Πέρσαι
1188 1263 1350 1314 ἐπείτε
1382 1263 1434 1312 ἐκ
1465 1264 1551 1326 τῆς
1581 1261 1833 1328 Αἰγύπτου
1870 1280 1977 1317 200

166 1347 438 1415 σταλέντες
456 1347 551 1400 ὑπὸ
569 1345 850 1415 Ἀρυάνδεω
871 1346 1080 1399 ἀπίκατο
1101 1348 1151 1400 ἐς
1170 1345 1259 1410 τὴν
1278 1344 1491 1413 Βάρκην,
1514 1347 1833 1412 ἐπολιόρκεον

92 1457 139 1500 15
164 1433 254 1499 τὴν
285 1434 434 1486 πόλιν
465 1432 896 1499 ἐπαγγελλόμενοι
927 1432 1174 1483 ἐκδιδόναι
1202 1431 1315 1484 τοὺς
1345 1432 1529 1484 αἰτίους
1558 1435 1645 1482 τοῦ
1675 1431 1834 1496 φόνου

164 1523 252 1571 τοῦ
282 1517 606 1584 Ἀρκεσίλεω·
653 1521 752 1568 τῶν
789 1518 842 1567 δὲ
880 1519 979 1568 πᾶν
1016 1517 1110 1582 γὰρ
1149 1514 1209 1581 ἦν
1246 1515 1302 1567 τὸ
1339 1518 1529 1580 πλῆθος
1564 1516 1830 1580 μεταίτιον,

165 1602 252 1655 οὐκ
299 1601 524 1655 ἐδέκοντο
569 1601 684 1654 τοὺς
733 1601 930 1668 λόγους.
1020 1602 1231 1652 ἐνθαῦτα
1278 1599 1336 1664 δὴ
1383 1600 1701 1666 ἐπολιόρκεον
1744 1598 1835 1663 τὴν
1869 1619 1896 1650 2

167 1686 363 1755 Βάρκην
395 1687 478 1740 ἐπὶ
513 1687 673 1752 μῆνας
711 1684 870 1744 ἐννέα,
904 1684 1211 1752 ὀρύσσοντές
1247 1707 1301 1737 τε
1338 1685 1589 1752 ὀρύγματα
1621 1684 1836 1751 ὑπόγαια

167 1770 389 1840 φέροντα
410 1773 460 1826 ἐς
477 1770 534 1823 τὸ
552 1775 720 1840 τεῖχος
741 1770 817 1822 καὶ
838 1772 1138 1837 προσβολὰς
1163 1770 1397 1837 καρτερᾶς
1416 1770 1712 1834 ποιεύμενοι.
1775 1770 1837 1819 τὰ

92 1881 143 1910 20
165 1855 257 1924 μέν
280 1877 367 1910 νυν
390 1855 644 1924 ὀρύγματα
665 1854 792 1922 ἀνὴρ
813 1854 1029 1924 χαλκεὺς
1053 1855 1224 1921 ἀνεῦρε
1250 1852 1504 1923 ἐπιχάλκω
1530 1854 1720 1911 ἀσπίδι,
1742 1853 1837 1904 ὧδε

167 1941 513 2009 ἐπιφρασθείς·
558 1938 843 2008 περιφέρων
879 1938 1030 2004 αὐτὴν
1066 1939 1205 1993 ἐντὸς
1239 1943 1325 1990 τοῦ
1356 1939 1550 2007 τείχεος
1587 1942 1836 2005 προσῖσχε

166 2025 292 2094 πρὸς
312 2025 370 2077 τὸ
388 2024 601 2078 δάπεδον
619 2027 708 2089 τῆς
727 2025 919 2078 πόλιος.
986 2025 1047 2076 τὰ
1068 2027 1158 2090 μὲν
1179 2023 1236 2088 δὴ
1257 2022 1392 2075 ἄλλα
1409 2023 1527 2075 ἔσκε
1552 2023 1697 2090 κωφὰ
1717 2021 1838 2089 πρὸς

1877 2043 1901 2086 (Δ)

166 2111 227 2162 τὰ
259 2114 528 2179 προσῖσχε,
563 2111 685 2161 κατὰ
716 2111 769 2161 δὲ
798 2110 859 2160 τὰ
883 2109 1204 2176 ὀρυσσόμενα
1231 2106 1447 2176 ἠχέεσκε
1478 2109 1503 2157 ὁ
1534 2106 1724 2175 χαλκὸς
1751 2109 1839 2170 τῆς

169 2195 395 2250 ἀσπίδος.
486 2193 884 2261 ἀντορύσσοντες
922 2192 963 2245 δ’
995 2192 1056 2245 ἂν
1086 2193 1237 2264 ταύτῃ
1271 2195 1316 2244 οἱ
1349 2197 1583 2260 Βαρκαῖοι
1620 2190 1838 2242 ἔκτεινον

95 2303 142 2344 ²5
167 2285 266 2332 τῶν
314 2278 556 2346 Περσέων
603 2279 718 2333 τοὺς
769 2276 1156 2346 γεωρυχέοντας.
1244 2282 1387 2329 τοῦτο
1438 2279 1530 2341 μὲν
1576 2275 1635 2340 δὴ
1685 2276 1839 2327 οὕτως

169 2362 416 2432 ἐξευρέθη,
469 2366 558 2418 τὰς
617 2365 671 2415 δὲ
731 2364 1030 2429 προσβολὰς
1088 2361 1420 2428 ἀπεκρούοντο
1480 2363 1525 2412 οἱ
1586 2363 1836 2425 Βαρκαῖοι.

168 2449 353 2517 χρόνον
401 2450 454 2501 δὲ
501 2442 559 2513 δὴ
607 2446 803 2500 πολλὸν
850 2445 1163 2514 τριβομένων
1213 2446 1292 2497 καὶ
1344 2446 1624 2498 πιπτόντων
1673 2445 1836 2510 ἀμφο-
1875 2453 1969 2490 201

227 2602 245 2628 1
279 2589 423 2632 ἐνείκει
445 2588 485 2628 R
504 2602 514 2628 z
546 2587 656 2636 ἐνίκη
675 2586 715 2626 V
846 2589 889 2628 ἐν
911 2599 991 2627 om.
1021 2585 1061 2625 R
1076 2585 1158 2626 SV
1354 2597 1379 2633 3
1408 2586 1486 2633 τὴν
1506 2582 1546 2622 Α
1561 2583 1594 2621 Β
1608 2583 1642 2622 C
1656 2582 1707 2622 Pc
1727 2596 1735 2621 :
1764 2585 1839 2630 τῆς

170 2643 370 2685 PlRSV
546 2656 572 2692 4
602 2643 737 2697 χώρας
759 2640 941 2681 PRSV
1126 2642 1153 2679 6
1183 2638 1297 2690 δὲζὲ)
1321 2639 1453 2689 δὴνε
1484 2638 1579 2680 δὲὸ
1691 2653 1839 2689 συγκε-

170 2698 421 2751 κοσμιμένων
441 2697 475 2738 C
489 2697 580 2737 RV
602 2695 844 2749 (-μημένων)
957 2700 1038 2737 τῶν
1059 2708 1141 2735 om.
1167 2694 1207 2733 A
1223 2695 1256 2733 Β
1270 2694 1305 2733 C
1500 2706 1521 2743 7
1555 2695 1698 2746 χωρῶν
1717 2691 1757 2730 Α
1773 2692 1807 2730 Β
1827 2707 1838 2732 2

169 2753 335 2808 χωρέων
355 2754 389 2794 C
529 2753 582 2794 τὰ
601 2753 709 2804 μέσα
727 2765 808 2791 om.
832 2751 871 2789 R
889 2750 918 2790 S
933 2751 971 2789 V
1167 2751 1193 2788 8
1223 2748 1518 2802 συγκεκόμιταί
1541 2748 1580 2787 R
1600 2761 1609 2786 :
1639 2746 1837 2800 συγκεκό-

171 2809 325 2860 epm-ai
342 2807 382 2848 V
493 2810 618 2850 οὕτως
638 2807 677 2845 Α
693 2807 728 2845 Β
744 2806 777 2845 C
889 2806 964 2860 τῇ]
986 2804 1025 2846 τ’
1046 2805 1085 2844 V
1199 2802 1404 2858 ὑπερτάτη
1424 2803 1454 2843 S
1467 2803 1507 2842 V
1646 2815 1674 2853 9
1704 2815 1765 2852 pr.
1789 2819 1837 2843 τε

169 2877 252 2905 om.
273 2864 308 2904 C
419 2864 523 2918 ὀργᾷ
538 2892 547 2902 .
570 2893 580 2903 .
598 2879 647 2904 τε
666 2862 731 2903 καὶ
758 2874 839 2901 om.
865 2860 905 2899 R
921 2860 1001 2900 SV
1136 2873 1181 2899 11
1216 2860 1280 2900 ἐπὶ
1304 2857 1396 2898 RV
1528 2870 1577 2896 12
1606 2859 1783 2899 τοσοῦτο
1805 2856 1839 2895 Ρ

174 2931 224 2969 14
266 2922 341 2960 τοῦ
370 2919 452 2973 Ἀρ.
486 2918 517 2957 S
743 2927 792 2966 15
839 2913 1163 2967 ἐπαγγελόμενοι
1197 2913 1237 2952 R
1463 2913 1513 2952 18
1557 2911 1712 2965 ὑπόγεα
1747 2911 1786 2950 R
1800 2910 1839 2948 V

172 2986 223 3013 21
265 2981 438 3028 προΐσχε
468 2973 502 3012 C
697 2984 750 3021 23
789 2982 851 3021 pr.
883 2972 936 3010 τὰ
967 2969 1165 3008 Bekker:
1207 2970 1232 3011 ἃ
1261 2969 1296 3008 L
1492 2967 1666 3020 προίσχε
1697 2964 1836 3005 ABC

170 3027 351 3082 ἠχέεσκε
372 3028 559 3069 Bredow
579 3042 588 3068 z
621 3029 779 3080 ἤχεσκε
802 3025 835 3065 L
857 3023 979 3077 (ἤσχ.
1003 3023 1067 3077 R)
1235 3036 1286 3073 24
1317 3023 1385 3076 ἂν]
1410 3025 1452 3065 ἐν
1476 3022 1518 3063 Α
1532 3022 1567 3061 Β
1584 3021 1618 3062 C
