2098 3320
35 78 184 138 Πᾼο

131 980 185 1032 51

118 2333 182 2384 52

850 83 898 129 Η
913 75 1274 132 ΡΟΔΟΤΟΤ

225 208 304 261 καὶ
319 206 484 275 ”Ήρης
510 209 588 262 καὶ
609 209 795 276 Ἱστίης
828 208 905 262 καὶ
931 211 1119 277 Θέμιος
1145 212 1222 265 καὶ
1245 215 1475 281 Χαρίτων
1499 214 1579 266 καὶ
1602 217 1881 282 Νηρηίδων,

222 298 322 346 τῶν
351 292 523 347 ἄλλων
553 296 679 346 θεῶν
704 296 1022 362 Αἰγυπτίοισι
1051 298 1153 350 αἰεί
1179 318 1290 350 κοτε
1319 299 1380 349 τὰ
1411 299 1658 365 οὐνόματά
1689 301 1799 352 ἔστι
1829 301 1884 352 ἐν

222 379 281 448 τῇ
312 378 467 450 χώρῃ.
541 378 674 446 λέγω
705 381 759 432 δὲ
789 382 850 432 τὰ
879 378 1091 447 λέγουσι
1119 380 1256 434 αὐτοὶ
1279 382 1556 449 Αἰγύπτιοι.
1623 389 1721 436 τῶν
1750 386 1802 436 δὲ
1826 384 1884 436 οὔ

223 469 353 527 φασι
392 466 519 515 θεῶν
554 463 820 530 γινώσκειν
854 466 917 515 τὰ
958 465 1221 530 οὐνόματα,
1264 466 1400 518 οὗτοι
1440 466 1494 518 δέ
1531 489 1615 532 μοι
1655 466 1884 521 δοκέουσι

221 546 316 599 ὑπὸ
348 551 636 614 Πελασγῶν
666 549 1022 614 ὀνομασθῆναι,
1056 549 1189 614 πλὴν
1220 550 1581 605 Ποσειδέωνος·
1627 557 1803 605 τοῦτον
1831 555 1885 605 δὲ

221 631 308 683 τὸν
345 630 460 684 θεὸν
491 633 628 699 ’παρὰ
658 633 863 699 Λιβύων
898 633 1153 686 ἐπύθοντο.
1241 635 1446 700 οὐδαμοὶ
1480 638 1575 702 γὰρ
1611 635 1695 689 ἀπ’
1726 637 1885 704 ἀρχῆς

224 715 571 770 Ποσειδέωνος
600 717 788 784 οὕνομα
823 718 1050 783 ἔκτηνται
1082 720 1124 770 εἰ
1152 718 1219 784 μὴ
1251 721 1438 785 Λίβυες
1477 721 1555 773 καὶ
1585 726 1767 785 τιμῶσι
1797 719 1884 773 ’τὸν

223 799 337 853 θεὸν
377 805 552 853 τοῦτον
595 803 707 855 αἰεί.
793 803 1048 869 νομίζουσι
1091 802 1133 855 δ’
1173 801 1241 856 ῶν
1280 804 1544 872 Αἰγύπτιοι
1587 804 1698 858 οὗὸ’-
1722 805 1884 874 ἥρωσι

222 884 379 939 οὐδέν.

304 973 474 1021 Ταῦτα
500 967 594 1035 μέν
625 991 711 1024 νυν
749 971 830 1024 καὶ
864 970 1000 1024 ἄλλα
1035 971 1158 1039 πρὸς
1188 971 1427 1033 τούτοισι,
1461 974 1523 1025 τὰ
1552 966 1663 1041 ἐγιῖἶ
1682 972 1880 1041 φράσω,

213 1051 468 1119 “Έλληνες
519 1054 603 1107 ἀπ’
649 1056 934 1123 Αἰγυπτίων
976 1058 1284 1122 νενομίκασι·
1358 1061 1446 1110 τοῦ
1489 1060 1543 1111 δὲ
1584 1057 1776 1126 Ἑρμέω
1821 1061 1883 1111 τὰ

223 1137 490 1204 ἀγάλματα
519 1140 641 1207 ὀρθὰ
665 1141 801 1209 ἔχειν
828 1142 890 1193 τὰ
919 1142 1080 1194 αἰδοῖα
1109 1146 1359 1197 ποιεῦντες
1383 1141 1469 1194 οὐκ
1492 1141 1575 1195 ἀπ’
1599 1144 1884 1210 Αἰγυπτίων

221 1221 551 1289 μεμαθήκασι,
599 1224 715 1277 ἀλλ’
760 1224 858 1278 ἀπὸ
908 1229 1197 1293 Πελασγῶν
1249 1231 1435 1293 πρῶτοι
1483 1229 1576 1292 μὲν
1620 1225 1884 1292 Ἑλλήνων

223 1307 453 1361 ἁπάντων
489 1307 746 1374 Ἀθηναῖοι
781 1311 1181 1377 παραλαβόντες,
1222 1313 1353 1379 παρὰ
1386 1314 1442 1364 δὲ
1482 1311 1668 1364 τούτων
1706 1313 1891 1379 ὧλλοι,

223 1391 537 1458 Ἀθηναίοισι
559 1395 654 1462 γὰρ
675 1393 766 1460 ἤδη
790 1398 1055 1460 τηνικαῦτα
1086 1397 1136 1449 ἐς
1156 1393 1418 1460 “Έλληνας
1448 1394 1678 1448 τελέουσι
1710 1400 1878 1449 Πελα-

223 1478 339 1544 σγοὶ
371 1478 594 1531 σύνοικοι
624 1477 856 1545 ἐγένοντο
888 1479 941 1531 ἐν
972 1479 1031 1551 τῇ
1063 1479 1215 1551 χώρῃ,
1250 1482 1365 1532 ὅθεν
1395 1501 1486 1546 περ
1520 1481 1600 1534 καὶ
1621 1478 1880 1545 ’Έλληνες

221 1556 434 1628 ἤρξαντο
457 1565 771 1628 νομισθῆναι.
837 1564 978 1618 ὅστις
1002 1566 1056 1617 δὲ
1078 1566 1138 1616 τὰ
1164 1565 1430 1631 Καβείρων
1453 1566 1597 1631 ὄργια
1619 1564 1875 1631 μεμύηται,

221 1648 280 1697 τὰ
311 1645 643 1714 Σαμοθρήικες
665 1646 980 1700 ἐπιτελέουσι
1006 1650 1388 1715 παραλαβόντες
1412 1650 1544 1715 παρὰ
1573 1652 1876 1717 Πελασγῶν,

221 1731 363 1784 οὗτος
407 1730 537 1798 ὡνὴρ
583 1731 686 1785 οἶδε
730 1731 785 1785 τὸ
828 1731 980 1799 λέγω.
1047 1731 1138 1797 τὴν
1182 1735 1278 1800 γὰρ
1325 1734 1669 1800 Σαμοθρηίκην
1715 1735 1879 1786 οἴκεον

221 1816 461 1882 πρότερον
497 1816 763 1884 Πελασγοὶ
794 1817 928 1870 οὗτοι
963 1818 1015 1870 οἵ
1046 1839 1138 1883 περ
1167 1816 1479 1882 Ἀθηναίοισι
1515 1817 1737 1871 σύνοικοι
1768 1816 1875 1884 ἐγέ-

221 1920 382 1960 νοντο,
417 1899 496 1952 καὶ
527 1903 657 1969 παρὰ
689 1901 875 1954 τούτων
907 1899 1239 1968 Σαμοθρήικες
1268 1903 1330 1953 τὰ
1361 1903 1504 1968 ὄργια
1541 1901 1876 1968 παραλαμβά-

221 2005 381 2037 νουσι.
446 1986 567 2051 ὀρθὰ
611 1983 680 2038 ῶν
724 1986 861 2053 ἔχειν
904 1987 966 2038 τὰ
1010 1987 1173 2038 αἰδοῖα
1214 1985 1511 2053 τάγάλματα
1554 1991 1640 2038 τοῦ
1683 1984 1876 2053 Ἑρμέω

220 2067 477 2133 Ἀθηναῖοι
529 2075 714 2136 πρῶτοι
764 2068 1028 2134 Ἑλλήνων
1085 2070 1326 2133 μαθόντες
1391 2071 1523 2136 παρὰ
1588 2074 1877 2137 Πελασγῶν

221 2151 538 2218 ἐποιήσαντο.
628 2156 673 2206 οἳ
710 2157 763 2207 δὲ
800 2153 1067 2220 Πελασγοὶ
1106 2154 1212 2221 ἱρόν
1242 2175 1354 2207 τινα
1388 2155 1546 2221 λόγον
1582 2155 1694 2221 περὶ
1730 2155 1878 2207 αὐτοῦ

219 2234 414 2299 ἔλεξαν,
448 2240 509 2289 τὰ
544 2240 597 2289 ἐν
628 2243 762 2290 τοῖσι
794 2240 848 2290 ἐν
885 2239 1201 2309 Σαμοθρηίκῃ
1238 2238 1557 2305 μυστηρίοισι
1587 2236 1874 2302 δεδήλωται.

220 2320 363 2372 ἔθυον
393 2324 446 2373 δὲ
477 2320 639 2374 πάντα
674 2324 915 2389 πρότερον
946 2324 992 2374 οἱ
1031 2323 1298 2388 Πελασγοὶ
1330 2325 1492 2374 θεοῖσι
1532 2323 1871 2389 ἐπευχόμενοι,

221 2405 284 2458 ὡς
314 2406 413 2472 ἐγὼ
446 2407 500 2456 ἐν
525 2406 746 2477 Δωδώνῃ
771 2407 880 2458 οἶδα
910 2406 1144 2465 ἀκούσας,
1174 2407 1455 2471 ἐπωνυμίην
1485 2407 1538 2458 δὲ
1562 2405 1664 2458 οὐδ’
1689 2406 1876 2471 οὔνομα

219 2490 475 2541 ἐποιεῦντο
511 2489 671 2542 οὐδενὶ
711 2490 886 2542 αὐτῶν·
940 2489 998 2541 οὐ
1033 2491 1128 2557 γὰρ
1167 2488 1447 2554 ἀκηκόεσάν
1485 2511 1568 2542 κω.
1643 2489 1785 2543 θεοὺς
1821 2492 1876 2542 δὲ

219 2572 621 2639 προσωνόμασόιν
661 2580 825 2641 σφεας
865 2572 963 2626 ἀπὸ
1004 2578 1089 2625 τοῦ
1123 2574 1347 2625 τοιούτου
1383 2574 1460 2625 ὅτι
1502 2574 1669 2643 κόσμῳ
1707 2572 1874 2637 θέντες

277 2724 293 2750 1
319 2710 484 2763 Θέμιδος
500 2709 540 2751 Α
555 2711 590 2751 Β
606 2711 639 2750 C
758 2724 783 2749 2
810 2711 911 2764 τῶν]
930 2713 992 2753 καὶ
1009 2714 1091 2752 τῶν
1109 2709 1143 2749 Ρ
1156 2709 1194 2748 R
1213 2710 1241 2750 S
1254 2709 1293 2748 V
1405 2711 1506 2751 εἶσιν
1524 2710 1553 2749 S
1567 2709 1604 2748 V
1714 2722 1738 2758 4
1759 2709 1817 2750 ὃν.
1835 2709 1875 2748 V

216 2768 244 2804 6
272 2768 423 2817 οὐδαμῆ
446 2766 526 2805 SV
665 2778 687 2815 7
719 2765 776 2808 ὄν.
801 2766 834 2805 C
890 2767 895 2770 ’
937 2766 1126 2815 ἔκτηνται
1149 2765 1278 2804 PC02
1303 2762 1522 2812 κέκτηνται
1542 2764 1632 2803 rell.
1772 2765 1799 2803 8
1827 2766 1872 2804 οὐ

217 2821 266 2869 δὴ
283 2823 429 2872 δρῶσιν
450 2820 487 2857 R
505 2820 587 2859 SV
738 2833 786 2858 12
815 2824 1019 2861 ποιεῦνται
1040 2820 1070 2859 S
1085 2820 1125 2858 V
1272 2830 1319 2868 15
1347 2818 1445 2869 ἤδη]
1467 2819 1516 2867 δὴ
1540 2818 1573 2856 Ρ
1588 2818 1651 2858 R:
1681 2830 1764 2870 om.
1789 2817 1873 2870 SV

221 2888 269 2926 19
299 2876 429 2927 ὡάνὴρ
458 2875 522 2914 R:
564 2878 585 2915 ὂ
615 2875 710 2927 ἀνὴρ
729 2874 769 2913 V
988 2887 1035 2912 21
1077 2875 1129 2915 τὰ
1158 2873 1273 2927 ὄργια
1301 2878 1398 2922 Σαμ.
1433 2872 1551 2911 AB:
1594 2878 1693 2922 Σαμ.
1723 2885 1806 2912 om.
1837 2871 1871 2911 C

217 2943 268 2968 22
298 2930 350 2970 τὰ
366 2930 431 2981 ἀγ.
448 2929 487 2967 Α
505 2929 551 2967 B·
651 2943 703 2979 25
732 2930 801 2968 alt.
824 2932 865 2970 ἐν
881 2943 962 2968 om.
982 2929 1020 2966 R
1037 2930 1066 2968 S
1082 2929 1118 2967 V
1228 2928 1461 2980 Σαμοθράκῃ
1479 2928 1516 2965 R
1629 2928 1682 2965 28
1702 2925 1869 2974 ἆκήκοες

216 2983 455 3033 (ἀκηκόασιν
472 2985 522 3035 S)
546 2986 592 3026 ἄν
609 2990 724 3026 κοθεν
739 2985 804 3026 οὓς
821 2983 864 3025 δὲ
883 2984 920 3022 R
935 2985 965 3023 S
979 2984 1019 3023 V
1129 2996 1182 3033 29
1201 2997 1361 3036 προσον.
1380 2981 1414 3020 Β
1430 2981 1468 3021 R
1482 2981 1520 3021 V
1629 2984 1702 3023 τοῦ
1715 2992 1797 3021 om.
1811 2979 1867 3019 Λ1

1909 575 1931 616 5

1910 994 1960 1024 10

1909 1413 1956 1454 15

1905 1835 1955 1863 20
