<?xml version="1.0" encoding="UTF-8"?>
<!DOCTYPE html PUBLIC "-//W3C//DTD XHTML 1.0 Transitional//EN"
    "http://www.w3.org/TR/xhtml1/DTD/xhtml1-transitional.dtd">
<html xmlns="http://www.w3.org/1999/xhtml" xml:lang="en" lang="en">
 <head>
  <title>
</title>
<meta http-equiv="Content-Type" content="text/html;charset=utf-8" />
  <meta name='ocr-system' content='tesseract 3.04.00' />
  <meta name='ocr-capabilities' content='ocr_page ocr_carea ocr_par ocr_line ocrx_word'/>
</head>
<body>
  <div class='ocr_page' id='page_1' title='image "./herodotihistoria01herouoft_0360.png"; bbox 0 0 2098 3320; ppageno 0'>
   <div class='ocr_carea' id='block_1_1' title="bbox 109 69 1396 156">
    <p class='ocr_par' dir='ltr' id='par_1_1' title="bbox 109 69 1396 156">
     <span class='ocr_line' id='line_1_1' title="bbox 109 69 1396 156; baseline 0.002 -15"><span class='ocrx_word' id='word_1_1' title='bbox 109 81 285 156; x_wconf 77' lang='lat' dir='ltr'>1V.5·2</span> <span class='ocrx_word' id='word_1_2' title='bbox 679 71 690 77; x_wconf 76' lang='grc'><strong>”</strong></span> <span class='ocrx_word' id='word_1_3' title='bbox 955 69 1396 143; x_wconf 58' lang='lat' dir='ltr'>Hpoazo‘rmr*x</span> 
     </span>
    </p>
   </div>
   <div class='ocr_carea' id='block_1_2' title="bbox 262 221 2014 377">
    <p class='ocr_par' dir='ltr' id='par_1_2' title="bbox 262 221 2014 377">
     <span class='ocr_line' id='line_1_2' title="bbox 329 221 1992 297; baseline 0.001 -20"><span class='ocrx_word' id='word_1_4' title='bbox 329 223 480 297; x_wconf 86' lang='grc' dir='ltr'>κρήνῃ</span> <span class='ocrx_word' id='word_1_5' title='bbox 507 224 585 277; x_wconf 91' lang='grc' dir='ltr'>καὶ</span> <span class='ocrx_word' id='word_1_6' title='bbox 609 225 725 276; x_wconf 86' lang='grc' dir='ltr'>ὅθεν</span> <span class='ocrx_word' id='word_1_7' title='bbox 754 221 857 290; x_wconf 87' lang='grc' dir='ltr'>ῥέει</span> <span class='ocrx_word' id='word_1_8' title='bbox 879 229 946 294; x_wconf 80' lang='grc' dir='ltr'>τῷ</span> <span class='ocrx_word' id='word_1_9' title='bbox 977 225 1122 295; x_wconf 79' lang='grc' dir='ltr'>χώρῳ</span> <span class='ocrx_word' id='word_1_10' title='bbox 1149 225 1384 277; x_wconf 81' lang='grc' dir='ltr'>Σκυθιστὶ</span> <span class='ocrx_word' id='word_1_11' title='bbox 1406 227 1499 290; x_wconf 78' lang='grc' dir='ltr'>μὲν</span> <span class='ocrx_word' id='word_1_12' title='bbox 1521 223 1840 292; x_wconf 82' lang='grc' dir='ltr'><em>Ἐξαμπαῖος,</em></span> <span class='ocrx_word' id='word_1_13' title='bbox 1868 227 1992 279; x_wconf 75' lang='grc' dir='ltr'>κατὰ</span> 
     </span>
     <span class='ocr_line' id='line_1_3' title="bbox 262 306 2014 377; baseline 0.001 -16"><span class='ocrx_word' id='word_1_14' title='bbox 262 325 289 367; x_wconf 93' lang='grc'>4</span> <span class='ocrx_word' id='word_1_15' title='bbox 327 312 382 361; x_wconf 69' lang='grc' dir='ltr'>δὲ</span> <span class='ocrx_word' id='word_1_16' title='bbox 424 308 516 374; x_wconf 79' lang='grc' dir='ltr'>τὴν</span> <span class='ocrx_word' id='word_1_17' title='bbox 555 306 818 372; x_wconf 81' lang='grc' dir='ltr'>Ἑλλήνων</span> <span class='ocrx_word' id='word_1_18' title='bbox 858 313 1104 375; x_wconf 93' lang='grc' dir='ltr'>γλῶσσαν</span> <span class='ocrx_word' id='word_1_19' title='bbox 1143 308 1268 376; x_wconf 82' lang='grc' dir='ltr'>Ἱραὶ</span> <span class='ocrx_word' id='word_1_20' title='bbox 1312 310 1433 362; x_wconf 89' lang='grc' dir='ltr'>ὁδοί.</span> <span class='ocrx_word' id='word_1_21' title='bbox 1521 308 1798 377; x_wconf 85' lang='grc' dir='ltr'>συνάγουσι</span> <span class='ocrx_word' id='word_1_22' title='bbox 1824 312 1890 363; x_wconf 75' lang='grc' dir='ltr'>’δὲ</span> <span class='ocrx_word' id='word_1_23' title='bbox 1930 309 2014 374; x_wconf 60' lang='grc' dir='ltr'>τᾶ,</span> 
     </span>
    </p>
   </div>
   <div class='ocr_carea' id='block_1_3' title="bbox 1764 369 2095 407">
    <p class='ocr_par' dir='ltr' id='par_1_3' title="bbox 1764 369 2095 407">
     <span class='ocr_line' id='line_1_4' title="bbox 1764 369 2095 407; baseline 0.003 -22"><span class='ocrx_word' id='word_1_24' title='bbox 1764 369 2095 407; x_wconf 42' lang='lat' dir='ltr'>*m*</span> 
     </span>
    </p>
   </div>
   <div class='ocr_carea' id='block_1_4' title="bbox 0 391 2098 2397">
    <p class='ocr_par' dir='ltr' id='par_1_4' title="bbox 0 391 2098 886">
     <span class='ocr_line' id='line_1_5' title="bbox 0 391 2098 465; baseline 0.003 -24"><span class='ocrx_word' id='word_1_25' title='bbox 0 411 274 460; x_wconf 55' lang='lat' dir='ltr'>unvwge·</span> <span class='ocrx_word' id='word_1_26' title='bbox 327 392 544 462; x_wconf 35' lang='grc' dir='ltr'>1ζωέρματα</span> <span class='ocrx_word' id='word_1_27' title='bbox 581 393 609 444; x_wconf 87' lang='grc' dir='ltr'>ὅ</span> <span class='ocrx_word' id='word_1_28' title='bbox 642 414 696 444; x_wconf 89' lang='grc' dir='ltr'>τε</span> <span class='ocrx_word' id='word_1_29' title='bbox 726 392 890 459; x_wconf 81' lang='grc' dir='ltr'>Τύρης</span> <span class='ocrx_word' id='word_1_30' title='bbox 932 393 1010 444; x_wconf 88' lang='grc' dir='ltr'>καὶ</span> <span class='ocrx_word' id='word_1_31' title='bbox 1052 391 1313 447; x_wconf 73' lang='grc' dir='ltr'>ὁ”Ὗ”πανις</span> <span class='ocrx_word' id='word_1_32' title='bbox 1355 395 1478 465; x_wconf 56' lang='grc' dir='ltr'>καρὰ</span> <span class='ocrx_word' id='word_1_33' title='bbox 1507 393 1796 459; x_wconf 78' lang='grc' dir='ltr'>Ἀλιζῶνας·</span> <span class='ocrx_word' id='word_1_34' title='bbox 1840 394 1897 446; x_wconf 87' lang='grc' dir='ltr'>τὸ</span> <span class='ocrx_word' id='word_1_35' title='bbox 1937 396 1992 447; x_wconf 83' lang='grc' dir='ltr'>δὲ</span> <span class='ocrx_word' id='word_1_36' title='bbox 2043 430 2098 455; x_wconf 64' lang='lat' dir='ltr'>m</span> 
     </span>
     <span class='ocr_line' id='line_1_6' title="bbox 0 475 1990 561; baseline 0.001 -31"><span class='ocrx_word' id='word_1_37' title='bbox 0 477 427 561; x_wconf 46' lang='grc' dir='ltr'>Μαψοώπὸ</span> <span class='ocrx_word' id='word_1_38' title='bbox 467 477 640 529; x_wconf 90' lang='grc' dir='ltr'>τούτου</span> <span class='ocrx_word' id='word_1_39' title='bbox 683 475 1012 544; x_wconf 80' lang='grc' dir='ltr'>ἀποστρέψας</span> <span class='ocrx_word' id='word_1_40' title='bbox 1053 476 1281 545; x_wconf 83' lang='grc' dir='ltr'>ἑκάτερος</span> <span class='ocrx_word' id='word_1_41' title='bbox 1324 477 1426 545; x_wconf 86' lang='grc' dir='ltr'>ῥέει</span> <span class='ocrx_word' id='word_1_42' title='bbox 1466 477 1678 545; x_wconf 82' lang='grc' dir='ltr'>εὐρύνων</span> <span class='ocrx_word' id='word_1_43' title='bbox 1714 477 1771 530; x_wconf 89' lang='grc' dir='ltr'>τὸ</span> <span class='ocrx_word' id='word_1_44' title='bbox 1816 477 1990 546; x_wconf 63' lang='grc' dir='ltr'>μέσον.</span> 
     </span>
     <span class='ocr_line' id='line_1_7' title="bbox 0 555 2038 636; baseline 0.001 -23"><span class='ocrx_word' id='word_1_45' title='bbox 0 555 210 636; x_wconf 37' lang='lat'>&amp;5523</span> <span class='ocrx_word' id='word_1_46' title='bbox 225 574 288 624; x_wconf 88' lang='lat'>53</span> <span class='ocrx_word' id='word_1_47' title='bbox 329 560 560 629; x_wconf 83' lang='grc' dir='ltr'>τέταρτος</span> <span class='ocrx_word' id='word_1_48' title='bbox 592 563 645 613; x_wconf 79' lang='grc' dir='ltr'>δὲ</span> <span class='ocrx_word' id='word_1_49' title='bbox 679 560 991 626; x_wconf 85' lang='grc' dir='ltr'>Βορυσθένης</span> <span class='ocrx_word' id='word_1_50' title='bbox 1021 562 1258 627; x_wconf 91' lang='grc' dir='ltr'>ποταμός,</span> <span class='ocrx_word' id='word_1_51' title='bbox 1285 563 1339 616; x_wconf 88' lang='grc' dir='ltr'>ὅς</span> <span class='ocrx_word' id='word_1_52' title='bbox 1370 564 1480 614; x_wconf 82' lang='grc' dir='ltr'>ἐστι</span> <span class='ocrx_word' id='word_1_53' title='bbox 1509 561 1750 630; x_wconf 90' lang='grc' dir='ltr'>μέγιστός</span> <span class='ocrx_word' id='word_1_54' title='bbox 1783 584 1839 616; x_wconf 92' lang='grc' dir='ltr'>τε</span> <span class='ocrx_word' id='word_1_55' title='bbox 1867 564 1991 629; x_wconf 80' lang='grc' dir='ltr'>μετὰ</span> <span class='ocrx_word' id='word_1_56' title='bbox 2015 587 2038 630; x_wconf 85' lang='lat'>5</span> 
     </span>
     <span class='ocr_line' id='line_1_8' title="bbox 0 645 1988 720; baseline -0.003 -14"><span class='ocrx_word' id='word_1_57' title='bbox 0 681 53 711; x_wconf 54' lang='lat' dir='ltr'>„er</span> <span class='ocrx_word' id='word_1_58' title='bbox 65 653 298 720; x_wconf 52' lang='lat' dir='ltr'>bama-Leo</span> <span class='ocrx_word' id='word_1_59' title='bbox 323 645 526 713; x_wconf 81' lang='grc' dir='ltr'>Ἵστρον</span> <span class='ocrx_word' id='word_1_60' title='bbox 556 646 743 697; x_wconf 89' lang='grc' dir='ltr'>τούτων</span> <span class='ocrx_word' id='word_1_61' title='bbox 776 647 855 698; x_wconf 89' lang='grc' dir='ltr'>καὶ</span> <span class='ocrx_word' id='word_1_62' title='bbox 892 645 1328 716; x_wconf 58' lang='grc' dir='ltr'>πολυαρκέστατος</span> <span class='ocrx_word' id='word_1_63' title='bbox 1365 649 1489 699; x_wconf 83' lang='grc' dir='ltr'>κατὰ</span> <span class='ocrx_word' id='word_1_64' title='bbox 1526 647 1723 714; x_wconf 82' lang='grc' dir='ltr'>γνώμας</span> <span class='ocrx_word' id='word_1_65' title='bbox 1752 648 1840 702; x_wconf 79' lang='grc' dir='ltr'>τὰς</span> <span class='ocrx_word' id='word_1_66' title='bbox 1870 647 1988 713; x_wconf 87' lang='grc' dir='ltr'>ἡμε-</span> 
     </span>
     <span class='ocr_line' id='line_1_9' title="bbox 327 729 1991 797; baseline 0.002 -16"><span class='ocrx_word' id='word_1_67' title='bbox 327 729 473 797; x_wconf 90' lang='grc' dir='ltr'>τέρας</span> <span class='ocrx_word' id='word_1_68' title='bbox 519 730 623 781; x_wconf 81' lang='grc' dir='ltr'>οὔτι</span> <span class='ocrx_word' id='word_1_69' title='bbox 668 734 851 795; x_wconf 82' lang='grc' dir='ltr'>μοῦνον</span> <span class='ocrx_word' id='word_1_70' title='bbox 895 735 992 782; x_wconf 91' lang='grc' dir='ltr'>τῶν</span> <span class='ocrx_word' id='word_1_71' title='bbox 1039 734 1290 783; x_wconf 83' lang='grc' dir='ltr'>Σκυθικῶν</span> <span class='ocrx_word' id='word_1_72' title='bbox 1323 736 1558 796; x_wconf 83' lang='grc' dir='ltr'>ποταμῶν</span> <span class='ocrx_word' id='word_1_73' title='bbox 1600 733 1734 783; x_wconf 81' lang='grc' dir='ltr'>ἀλλὰ</span> <span class='ocrx_word' id='word_1_74' title='bbox 1776 731 1854 783; x_wconf 88' lang='grc' dir='ltr'>καὶ</span> <span class='ocrx_word' id='word_1_75' title='bbox 1893 736 1991 784; x_wconf 91' lang='grc' dir='ltr'>τῶν</span> 
     </span>
     <span class='ocr_line' id='line_1_10' title="bbox 329 813 1991 886; baseline 0.001 -21"><span class='ocrx_word' id='word_1_76' title='bbox 329 814 501 866; x_wconf 83' lang='grc' dir='ltr'>ἄλλων</span> <span class='ocrx_word' id='word_1_77' title='bbox 543 813 792 874; x_wconf 84' lang='grc' dir='ltr'>ἁπάντων,</span> <span class='ocrx_word' id='word_1_78' title='bbox 836 814 970 879; x_wconf 79' lang='grc' dir='ltr'>πλὴν</span> <span class='ocrx_word' id='word_1_79' title='bbox 1011 815 1199 867; x_wconf 85' lang='grc' dir='ltr'>Νείλου</span> <span class='ocrx_word' id='word_1_80' title='bbox 1237 819 1324 866; x_wconf 85' lang='grc' dir='ltr'>τοῦ</span> <span class='ocrx_word' id='word_1_81' title='bbox 1366 816 1655 883; x_wconf 83' lang='grc' dir='ltr'>Αἰγυπτίου·</span> <span class='ocrx_word' id='word_1_82' title='bbox 1701 815 1857 886; x_wconf 83' lang='grc' dir='ltr'>τούτῳ</span> <span class='ocrx_word' id='word_1_83' title='bbox 1895 817 1991 884; x_wconf 74' lang='grc' dir='ltr'>γὰρ</span> 
     </span>
    </p>

    <p class='ocr_par' dir='ltr' id='par_1_5' title="bbox 270 897 2068 1138">
     <span class='ocr_line' id='line_1_11' title="bbox 270 897 1991 965; baseline 0 -13"><span class='ocrx_word' id='word_1_84' title='bbox 270 920 296 952; x_wconf 86' lang='lat'><strong>2</strong></span> <span class='ocrx_word' id='word_1_85' title='bbox 330 898 417 950; x_wconf 87' lang='grc' dir='ltr'>οὐκ</span> <span class='ocrx_word' id='word_1_86' title='bbox 448 898 528 951; x_wconf 76' lang='grc' dir='ltr'>οἶά</span> <span class='ocrx_word' id='word_1_87' title='bbox 558 897 613 950; x_wconf 91' lang='grc' dir='ltr'>τέ</span> <span class='ocrx_word' id='word_1_88' title='bbox 644 900 755 950; x_wconf 81' lang='grc' dir='ltr'>ἐστι</span> <span class='ocrx_word' id='word_1_89' title='bbox 785 903 1071 964; x_wconf 85' lang='grc' dir='ltr'>συμβαλεῖν</span> <span class='ocrx_word' id='word_1_90' title='bbox 1101 898 1262 951; x_wconf 87' lang='grc' dir='ltr'>ἄλλον</span> <span class='ocrx_word' id='word_1_91' title='bbox 1293 901 1532 965; x_wconf 88' lang='grc' dir='ltr'>ποταμόν·</span> <span class='ocrx_word' id='word_1_92' title='bbox 1579 905 1677 952; x_wconf 91' lang='grc' dir='ltr'>τῶν</span> <span class='ocrx_word' id='word_1_93' title='bbox 1713 902 1766 952; x_wconf 81' lang='grc' dir='ltr'>δὲ</span> <span class='ocrx_word' id='word_1_94' title='bbox 1800 905 1991 952; x_wconf 84' lang='grc' dir='ltr'>λοιπῶν</span> 
     </span>
     <span class='ocr_line' id='line_1_12' title="bbox 330 982 2068 1050; baseline 0.001 -16"><span class='ocrx_word' id='word_1_95' title='bbox 330 982 644 1050; x_wconf 90' lang='grc' dir='ltr'>Βορυσθένης</span> <span class='ocrx_word' id='word_1_96' title='bbox 685 983 796 1035; x_wconf 83' lang='grc' dir='ltr'>ἐστὶ</span> <span class='ocrx_word' id='word_1_97' title='bbox 837 982 1288 1050; x_wconf 87' lang='grc' dir='ltr'>πολυαρκέστατος,</span> <span class='ocrx_word' id='word_1_98' title='bbox 1334 983 1387 1038; x_wconf 84' lang='grc' dir='ltr'>ὃς</span> <span class='ocrx_word' id='word_1_99' title='bbox 1427 983 1580 1050; x_wconf 89' lang='grc' dir='ltr'>νομάς</span> <span class='ocrx_word' id='word_1_100' title='bbox 1619 1006 1673 1037; x_wconf 93' lang='grc' dir='ltr'>τε</span> <span class='ocrx_word' id='word_1_101' title='bbox 1715 983 1992 1039; x_wconf 85' lang='grc' dir='ltr'>καλλίστας</span> <span class='ocrx_word' id='word_1_102' title='bbox 2021 1007 2068 1036; x_wconf 89' lang='lat'>10</span> 
     </span>
     <span class='ocr_line' id='line_1_13' title="bbox 329 1066 1991 1138; baseline 0.002 -19"><span class='ocrx_word' id='word_1_103' title='bbox 329 1067 410 1119; x_wconf 91' lang='grc' dir='ltr'>καὶ</span> <span class='ocrx_word' id='word_1_104' title='bbox 458 1066 868 1133; x_wconf 82' lang='grc' dir='ltr'>εὐκομιδεστάτας</span> <span class='ocrx_word' id='word_1_105' title='bbox 914 1067 1118 1134; x_wconf 89' lang='grc' dir='ltr'>κτήνεσι</span> <span class='ocrx_word' id='word_1_106' title='bbox 1160 1067 1433 1137; x_wconf 81' lang='grc' dir='ltr'>παρέχεται</span> <span class='ocrx_word' id='word_1_107' title='bbox 1477 1070 1616 1138; x_wconf 80' lang='grc' dir='ltr'>ἰχθῦς</span> <span class='ocrx_word' id='word_1_108' title='bbox 1659 1090 1714 1122; x_wconf 88' lang='grc' dir='ltr'>τε</span> <span class='ocrx_word' id='word_1_109' title='bbox 1758 1068 1991 1136; x_wconf 83' lang='grc' dir='ltr'>ἀρίστους</span> 
     </span>
    </p>

    <p class='ocr_par' dir='ltr' id='par_1_6' title="bbox 0 1148 1991 1323">
     <span class='ocr_line' id='line_1_14' title="bbox 0 1148 1991 1225; baseline 0.004 -26"><span class='ocrx_word' id='word_1_110' title='bbox 0 1159 112 1199; x_wconf 70' lang='lat' dir='ltr'>knvt</span> <span class='ocrx_word' id='word_1_111' title='bbox 138 1148 226 1189; x_wconf 50' lang='grc' dir='ltr'>’Ἄ</span> <span class='ocrx_word' id='word_1_112' title='bbox 328 1151 574 1223; x_wconf 60' lang='grc' dir='ltr'>διακριδὸν</span> <span class='ocrx_word' id='word_1_113' title='bbox 607 1153 686 1204; x_wconf 88' lang='grc' dir='ltr'>καὶ</span> <span class='ocrx_word' id='word_1_114' title='bbox 721 1153 1281 1225; x_wconf 25' lang='grc' dir='ltr'>πλείστουςᾶπίνεσθαί</span> <span class='ocrx_word' id='word_1_115' title='bbox 1311 1174 1365 1205; x_wconf 91' lang='grc' dir='ltr'>τε</span> <span class='ocrx_word' id='word_1_116' title='bbox 1401 1153 1606 1218; x_wconf 81' lang='grc' dir='ltr'>ἥδιστός</span> <span class='ocrx_word' id='word_1_117' title='bbox 1642 1154 1768 1212; x_wconf 79' lang='grc' dir='ltr'>ἐστι,</span> <span class='ocrx_word' id='word_1_118' title='bbox 1799 1152 1902 1220; x_wconf 87' lang='grc' dir='ltr'>ῥέει</span> <span class='ocrx_word' id='word_1_119' title='bbox 1936 1174 1991 1206; x_wconf 94' lang='grc' dir='ltr'>τε</span> 
     </span>
     <span class='ocr_line' id='line_1_15' title="bbox 8 1235 1990 1323; baseline 0.002 -35"><span class='ocrx_word' id='word_1_120' title='bbox 8 1258 237 1323; x_wconf 48' lang='lat' dir='ltr'>Q,</span> <span class='ocrx_word' id='word_1_121' title='bbox 330 1236 542 1303; x_wconf 88' lang='grc' dir='ltr'>καθαρὸς</span> <span class='ocrx_word' id='word_1_122' title='bbox 589 1238 721 1303; x_wconf 79' lang='grc' dir='ltr'>παρὰ</span> <span class='ocrx_word' id='word_1_123' title='bbox 769 1240 1039 1303; x_wconf 64' lang='grc' dir='ltr'>θολ-εροῖσι,</span> <span class='ocrx_word' id='word_1_124' title='bbox 1092 1238 1280 1304; x_wconf 86' lang='grc' dir='ltr'>σπόρος</span> <span class='ocrx_word' id='word_1_125' title='bbox 1329 1259 1383 1290; x_wconf 92' lang='grc' dir='ltr'>τε</span> <span class='ocrx_word' id='word_1_126' title='bbox 1429 1237 1544 1304; x_wconf 88' lang='grc' dir='ltr'>παρ’</span> <span class='ocrx_word' id='word_1_127' title='bbox 1591 1235 1741 1290; x_wconf 86' lang='grc' dir='ltr'>αὐτὸν</span> <span class='ocrx_word' id='word_1_128' title='bbox 1788 1236 1990 1304; x_wconf 87' lang='grc' dir='ltr'>ἄριστος</span> 
     </span>
    </p>

    <p class='ocr_par' dir='ltr' id='par_1_7' title="bbox 269 1320 1991 1393">
     <span class='ocr_line' id='line_1_16' title="bbox 269 1320 1991 1393; baseline 0.001 -20"><span class='ocrx_word' id='word_1_129' title='bbox 269 1342 294 1386; x_wconf 90' lang='lat'>3</span> <span class='ocrx_word' id='word_1_130' title='bbox 329 1322 537 1388; x_wconf 90' lang='grc' dir='ltr'>γίνεται,</span> <span class='ocrx_word' id='word_1_131' title='bbox 564 1322 680 1385; x_wconf 90' lang='grc' dir='ltr'>ποίη</span> <span class='ocrx_word' id='word_1_132' title='bbox 712 1342 782 1380; x_wconf 90' lang='grc' dir='ltr'>τε,</span> <span class='ocrx_word' id='word_1_133' title='bbox 809 1321 867 1393; x_wconf 82' lang='grc' dir='ltr'>τῇ</span> <span class='ocrx_word' id='word_1_134' title='bbox 901 1320 958 1372; x_wconf 91' lang='grc' dir='ltr'>οὐ</span> <span class='ocrx_word' id='word_1_135' title='bbox 987 1323 1245 1389; x_wconf 90' lang='grc' dir='ltr'>σπείρεται</span> <span class='ocrx_word' id='word_1_136' title='bbox 1276 1321 1306 1387; x_wconf 86' lang='grc' dir='ltr'>ἡ</span> <span class='ocrx_word' id='word_1_137' title='bbox 1337 1322 1490 1390; x_wconf 84' lang='grc' dir='ltr'>χώρη,</span> <span class='ocrx_word' id='word_1_138' title='bbox 1524 1321 1798 1387; x_wconf 83' lang='grc' dir='ltr'>βαθυτάτη.</span> <span class='ocrx_word' id='word_1_139' title='bbox 1871 1321 1991 1376; x_wconf 79' lang='grc' dir='ltr'>ἅλες</span> 
     </span>
    </p>

    <p class='ocr_par' dir='ltr' id='par_1_8' title="bbox 0 1404 2066 1574">
     <span class='ocr_line' id='line_1_17' title="bbox 328 1404 2066 1475; baseline -0.001 -18"><span class='ocrx_word' id='word_1_140' title='bbox 328 1427 383 1457; x_wconf 93' lang='grc' dir='ltr'>τε</span> <span class='ocrx_word' id='word_1_141' title='bbox 431 1405 512 1457; x_wconf 82' lang='grc' dir='ltr'>ἐπὶ</span> <span class='ocrx_word' id='word_1_142' title='bbox 558 1406 624 1475; x_wconf 75' lang='grc' dir='ltr'>τῷ</span> <span class='ocrx_word' id='word_1_143' title='bbox 669 1406 880 1469; x_wconf 90' lang='grc' dir='ltr'>στόματι</span> <span class='ocrx_word' id='word_1_144' title='bbox 926 1405 1074 1457; x_wconf 84' lang='grc' dir='ltr'>αὐτοῦ</span> <span class='ocrx_word' id='word_1_145' title='bbox 1126 1406 1391 1471; x_wconf 86' lang='grc' dir='ltr'>αὐτόματοι</span> <span class='ocrx_word' id='word_1_146' title='bbox 1442 1404 1715 1473; x_wconf 91' lang='grc' dir='ltr'>πήγνυνται</span> <span class='ocrx_word' id='word_1_147' title='bbox 1763 1404 1989 1458; x_wconf 83' lang='grc' dir='ltr'>ἄπλετοι.</span> <span class='ocrx_word' id='word_1_148' title='bbox 2019 1426 2066 1468; x_wconf 87' lang='lat'>15</span> 
     </span>
     <span class='ocr_line' id='line_1_18' title="bbox 0 1483 1988 1574; baseline 0 -33"><span class='ocrx_word' id='word_1_149' title='bbox 0 1513 256 1574; x_wconf 55' lang='lat' dir='ltr'>:eregam-</span> <span class='ocrx_word' id='word_1_150' title='bbox 331 1488 478 1554; x_wconf 90' lang='grc' dir='ltr'>κήτεά</span> <span class='ocrx_word' id='word_1_151' title='bbox 507 1510 561 1541; x_wconf 90' lang='grc' dir='ltr'>τε</span> <span class='ocrx_word' id='word_1_152' title='bbox 596 1488 793 1556; x_wconf 91' lang='grc' dir='ltr'>μεγάλα</span> <span class='ocrx_word' id='word_1_153' title='bbox 825 1489 1092 1549; x_wconf 87' lang='grc' dir='ltr'>ἀνάκανθα,</span> <span class='ocrx_word' id='word_1_154' title='bbox 1126 1492 1188 1541; x_wconf 82' lang='grc' dir='ltr'>τὰ</span> <span class='ocrx_word' id='word_1_155' title='bbox 1225 1483 1515 1561; x_wconf 41' lang='grc' dir='ltr'>ἀντιξαίους</span> <span class='ocrx_word' id='word_1_156' title='bbox 1552 1489 1804 1549; x_wconf 91' lang='grc' dir='ltr'>καλέουσι,</span> <span class='ocrx_word' id='word_1_157' title='bbox 1838 1488 1988 1557; x_wconf 90' lang='grc' dir='ltr'>παρέ-</span> 
     </span>
    </p>

    <p class='ocr_par' dir='ltr' id='par_1_9' title="bbox 265 1572 2067 2062">
     <span class='ocr_line' id='line_1_19' title="bbox 265 1572 1992 1642; baseline 0.001 -18"><span class='ocrx_word' id='word_1_158' title='bbox 265 1594 294 1636; x_wconf 83' lang='lat'>4</span> <span class='ocrx_word' id='word_1_159' title='bbox 328 1595 473 1641; x_wconf 87' lang='grc' dir='ltr'>χεται</span> <span class='ocrx_word' id='word_1_160' title='bbox 504 1575 554 1627; x_wconf 81' lang='grc' dir='ltr'>ἐς</span> <span class='ocrx_word' id='word_1_161' title='bbox 585 1575 890 1641; x_wconf 83' lang='grc' dir='ltr'>ταρίχευσιν,</span> <span class='ocrx_word' id='word_1_162' title='bbox 924 1573 1060 1626; x_wconf 89' lang='grc' dir='ltr'>ἄλλα</span> <span class='ocrx_word' id='word_1_163' title='bbox 1089 1596 1143 1626; x_wconf 91' lang='grc' dir='ltr'>τε</span> <span class='ocrx_word' id='word_1_164' title='bbox 1173 1577 1342 1626; x_wconf 81' lang='grc' dir='ltr'>πολλὰ</span> <span class='ocrx_word' id='word_1_165' title='bbox 1374 1573 1604 1639; x_wconf 87' lang='grc' dir='ltr'>θωμάσαι</span> <span class='ocrx_word' id='word_1_166' title='bbox 1639 1573 1784 1639; x_wconf 52' lang='grc' dir='ltr'>ἄξιαμ</span> <span class='ocrx_word' id='word_1_167' title='bbox 1841 1572 1992 1642; x_wconf 73' lang='grc' dir='ltr'>μέχρι</span> 
     </span>
     <span class='ocr_line' id='line_1_20' title="bbox 329 1656 1990 1726; baseline 0.001 -17"><span class='ocrx_word' id='word_1_168' title='bbox 329 1656 422 1723; x_wconf 90' lang='grc' dir='ltr'>μέν</span> <span class='ocrx_word' id='word_1_169' title='bbox 453 1679 539 1710; x_wconf 87' lang='grc' dir='ltr'>νυν</span> <span class='ocrx_word' id='word_1_170' title='bbox 563 1656 746 1725; x_wconf 89' lang='grc' dir='ltr'>Γέρρου</span> <span class='ocrx_word' id='word_1_171' title='bbox 777 1658 956 1726; x_wconf 82' lang='grc' dir='ltr'>χώρου,</span> <span class='ocrx_word' id='word_1_172' title='bbox 993 1660 1043 1711; x_wconf 83' lang='grc' dir='ltr'>ἐς</span> <span class='ocrx_word' id='word_1_173' title='bbox 1073 1657 1159 1710; x_wconf 86' lang='grc' dir='ltr'>τὸν</span> <span class='ocrx_word' id='word_1_174' title='bbox 1188 1658 1559 1726; x_wconf 88' lang='grc' dir='ltr'>τεσσεράκοντα</span> <span class='ocrx_word' id='word_1_175' title='bbox 1588 1657 1810 1725; x_wconf 87' lang='grc' dir='ltr'>ἡμερέων</span> <span class='ocrx_word' id='word_1_176' title='bbox 1834 1658 1990 1711; x_wconf 91' lang='grc' dir='ltr'>πλόος</span> 
     </span>
     <span class='ocr_line' id='line_1_21' title="bbox 331 1741 1990 1809; baseline 0.001 -16"><span class='ocrx_word' id='word_1_177' title='bbox 331 1743 458 1801; x_wconf 81' lang='grc' dir='ltr'>ἐστί,</span> <span class='ocrx_word' id='word_1_178' title='bbox 492 1742 792 1809; x_wconf 85' lang='grc' dir='ltr'>γινώσκεται</span> <span class='ocrx_word' id='word_1_179' title='bbox 820 1741 947 1809; x_wconf 88' lang='grc' dir='ltr'>ῥέων</span> <span class='ocrx_word' id='word_1_180' title='bbox 979 1742 1076 1795; x_wconf 88' lang='grc' dir='ltr'>ἀπὸ</span> <span class='ocrx_word' id='word_1_181' title='bbox 1116 1742 1279 1809; x_wconf 83' lang='grc' dir='ltr'>βορέω</span> <span class='ocrx_word' id='word_1_182' title='bbox 1311 1741 1510 1808; x_wconf 85' lang='grc' dir='ltr'>ἀνέμου,</span> <span class='ocrx_word' id='word_1_183' title='bbox 1544 1742 1600 1794; x_wconf 89' lang='grc' dir='ltr'>τὸ</span> <span class='ocrx_word' id='word_1_184' title='bbox 1633 1745 1686 1794; x_wconf 81' lang='grc' dir='ltr'>δὲ</span> <span class='ocrx_word' id='word_1_185' title='bbox 1719 1742 1990 1809; x_wconf 90' lang='grc' dir='ltr'>κατύπερθε</span> 
     </span>
     <span class='ocr_line' id='line_1_22' title="bbox 329 1825 2067 1895; baseline -0.001 -17"><span class='ocrx_word' id='word_1_186' title='bbox 329 1826 392 1878; x_wconf 82' lang='grc' dir='ltr'>δι’</span> <span class='ocrx_word' id='word_1_187' title='bbox 423 1828 490 1878; x_wconf 82' lang='grc' dir='ltr'>ῶν</span> <span class='ocrx_word' id='word_1_188' title='bbox 519 1825 620 1893; x_wconf 89' lang='grc' dir='ltr'>ῥέει</span> <span class='ocrx_word' id='word_1_189' title='bbox 652 1826 925 1893; x_wconf 88' lang='grc' dir='ltr'>ἀνθρώπων</span> <span class='ocrx_word' id='word_1_190' title='bbox 954 1826 1112 1880; x_wconf 86' lang='grc' dir='ltr'>οὐδεὶς</span> <span class='ocrx_word' id='word_1_191' title='bbox 1136 1826 1241 1895; x_wconf 82' lang='grc' dir='ltr'>ἔχει</span> <span class='ocrx_word' id='word_1_192' title='bbox 1266 1826 1476 1894; x_wconf 84' lang='grc' dir='ltr'>φράσαι·</span> <span class='ocrx_word' id='word_1_193' title='bbox 1521 1828 1753 1894; x_wconf 91' lang='grc' dir='ltr'>φαίνεται</span> <span class='ocrx_word' id='word_1_194' title='bbox 1782 1829 1836 1878; x_wconf 83' lang='grc' dir='ltr'>δὲ</span> <span class='ocrx_word' id='word_1_195' title='bbox 1864 1825 1992 1893; x_wconf 90' lang='grc' dir='ltr'>ῥέων</span> <span class='ocrx_word' id='word_1_196' title='bbox 2018 1848 2067 1877; x_wconf 90' lang='lat'>20</span> 
     </span>
     <span class='ocr_line' id='line_1_23' title="bbox 329 1908 1990 1979; baseline -0.001 -17"><span class='ocrx_word' id='word_1_197' title='bbox 329 1910 390 1962; x_wconf 87' lang='grc' dir='ltr'>δι’</span> <span class='ocrx_word' id='word_1_198' title='bbox 421 1908 601 1977; x_wconf 82' lang='grc' dir='ltr'>ἐρήμου</span> <span class='ocrx_word' id='word_1_199' title='bbox 633 1912 682 1963; x_wconf 84' lang='grc' dir='ltr'>ἐς</span> <span class='ocrx_word' id='word_1_200' title='bbox 713 1915 811 1963; x_wconf 92' lang='grc' dir='ltr'>τῶν</span> <span class='ocrx_word' id='word_1_201' title='bbox 841 1915 1074 1978; x_wconf 90' lang='grc' dir='ltr'>γεωργῶν</span> <span class='ocrx_word' id='word_1_202' title='bbox 1107 1910 1334 1963; x_wconf 88' lang='grc' dir='ltr'>Σκυθέων</span> <span class='ocrx_word' id='word_1_203' title='bbox 1363 1911 1454 1976; x_wconf 83' lang='grc' dir='ltr'>τὴν</span> <span class='ocrx_word' id='word_1_204' title='bbox 1491 1911 1674 1979; x_wconf 85' lang='grc' dir='ltr'>χώρην·</span> <span class='ocrx_word' id='word_1_205' title='bbox 1721 1911 1855 1962; x_wconf 77' lang='grc' dir='ltr'>οὗτοι</span> <span class='ocrx_word' id='word_1_206' title='bbox 1896 1911 1990 1977; x_wconf 80' lang='grc' dir='ltr'>γὰρ</span> 
     </span>
     <span class='ocr_line' id='line_1_24' title="bbox 329 1993 1988 2062; baseline 0 -17"><span class='ocrx_word' id='word_1_207' title='bbox 329 1997 376 2047; x_wconf 81' lang='grc' dir='ltr'>οἱ</span> <span class='ocrx_word' id='word_1_208' title='bbox 421 1995 604 2046; x_wconf 85' lang='grc' dir='ltr'>Σκύθαι</span> <span class='ocrx_word' id='word_1_209' title='bbox 646 1994 760 2061; x_wconf 91' lang='grc' dir='ltr'>παρ’</span> <span class='ocrx_word' id='word_1_210' title='bbox 804 1994 951 2047; x_wconf 86' lang='grc' dir='ltr'>αὐτὸν</span> <span class='ocrx_word' id='word_1_211' title='bbox 997 1995 1078 2047; x_wconf 85' lang='grc' dir='ltr'>ε’πὶ</span> <span class='ocrx_word' id='word_1_212' title='bbox 1119 1994 1236 2047; x_wconf 91' lang='grc' dir='ltr'>δέκα</span> <span class='ocrx_word' id='word_1_213' title='bbox 1279 1995 1500 2062; x_wconf 85' lang='grc' dir='ltr'>ἡμερέων</span> <span class='ocrx_word' id='word_1_214' title='bbox 1541 1995 1700 2047; x_wconf 91' lang='grc' dir='ltr'>πλόον</span> <span class='ocrx_word' id='word_1_215' title='bbox 1742 1993 1988 2060; x_wconf 90' lang='grc' dir='ltr'>νέμονται.</span> 
     </span>
    </p>

    <p class='ocr_par' dir='ltr' id='par_1_10' title="bbox 272 2077 2072 2317">
     <span class='ocr_line' id='line_1_25' title="bbox 272 2077 1991 2147; baseline 0 -17"><span class='ocrx_word' id='word_1_216' title='bbox 272 2099 292 2146; x_wconf 83' lang='grc'>5</span> <span class='ocrx_word' id='word_1_217' title='bbox 327 2080 512 2144; x_wconf 88' lang='grc' dir='ltr'>μούνου</span> <span class='ocrx_word' id='word_1_218' title='bbox 542 2081 595 2131; x_wconf 81' lang='grc' dir='ltr'>δὲ</span> <span class='ocrx_word' id='word_1_219' title='bbox 626 2078 800 2130; x_wconf 90' lang='grc' dir='ltr'>τούτου</span> <span class='ocrx_word' id='word_1_220' title='bbox 836 2083 923 2130; x_wconf 84' lang='grc' dir='ltr'>τοῦ</span> <span class='ocrx_word' id='word_1_221' title='bbox 957 2084 1181 2145; x_wconf 85' lang='grc' dir='ltr'>ποταμοῦ</span> <span class='ocrx_word' id='word_1_222' title='bbox 1218 2080 1295 2132; x_wconf 88' lang='grc' dir='ltr'>καὶ</span> <span class='ocrx_word' id='word_1_223' title='bbox 1327 2081 1514 2131; x_wconf 88' lang='grc' dir='ltr'>Νείλου</span> <span class='ocrx_word' id='word_1_224' title='bbox 1545 2079 1631 2131; x_wconf 89' lang='grc' dir='ltr'>οὐκ</span> <span class='ocrx_word' id='word_1_225' title='bbox 1666 2078 1766 2147; x_wconf 84' lang='grc' dir='ltr'>ἔχω</span> <span class='ocrx_word' id='word_1_226' title='bbox 1798 2077 1991 2146; x_wconf 88' lang='grc' dir='ltr'>φράσαι</span> 
     </span>
     <span class='ocr_line' id='line_1_26' title="bbox 327 2161 1989 2232; baseline 0 -18"><span class='ocrx_word' id='word_1_227' title='bbox 327 2165 416 2216; x_wconf 80' lang='grc' dir='ltr'>τὰς</span> <span class='ocrx_word' id='word_1_228' title='bbox 447 2161 624 2230; x_wconf 87' lang='grc' dir='ltr'>πηγάς,</span> <span class='ocrx_word' id='word_1_229' title='bbox 660 2162 813 2215; x_wconf 90' lang='grc' dir='ltr'>δοκέω</span> <span class='ocrx_word' id='word_1_230' title='bbox 845 2161 914 2223; x_wconf 91' lang='grc' dir='ltr'>δέ,</span> <span class='ocrx_word' id='word_1_231' title='bbox 948 2163 1059 2232; x_wconf 83' lang='grc' dir='ltr'>οὐδὲ</span> <span class='ocrx_word' id='word_1_232' title='bbox 1094 2163 1252 2217; x_wconf 84' lang='grc' dir='ltr'>οὐδεὶς</span> <span class='ocrx_word' id='word_1_233' title='bbox 1281 2161 1558 2228; x_wconf 87' lang='grc' dir='ltr'>Ἑλλήνων.</span> <span class='ocrx_word' id='word_1_234' title='bbox 1647 2164 1806 2231; x_wconf 84' lang='grc' dir='ltr'>ἀγχοῦ</span> <span class='ocrx_word' id='word_1_235' title='bbox 1841 2184 1896 2215; x_wconf 91' lang='grc' dir='ltr'>τε</span> <span class='ocrx_word' id='word_1_236' title='bbox 1930 2161 1989 2227; x_wconf 82' lang='grc' dir='ltr'>δὴ</span> 
     </span>
     <span class='ocr_line' id='line_1_27' title="bbox 329 2245 2072 2317; baseline -0.001 -19"><span class='ocrx_word' id='word_1_237' title='bbox 329 2245 593 2311; x_wconf 90' lang='grc' dir='ltr'>θαλάσσης</span> <span class='ocrx_word' id='word_1_238' title='bbox 633 2247 659 2296; x_wconf 87' lang='grc' dir='ltr'>ὁ</span> <span class='ocrx_word' id='word_1_239' title='bbox 700 2246 1014 2313; x_wconf 90' lang='grc' dir='ltr'>Βορυσθένης</span> <span class='ocrx_word' id='word_1_240' title='bbox 1052 2246 1179 2314; x_wconf 89' lang='grc' dir='ltr'>ῥέων</span> <span class='ocrx_word' id='word_1_241' title='bbox 1218 2248 1408 2314; x_wconf 90' lang='grc' dir='ltr'>γίνεται</span> <span class='ocrx_word' id='word_1_242' title='bbox 1450 2248 1532 2299; x_wconf 90' lang='grc' dir='ltr'>καί</span> <span class='ocrx_word' id='word_1_243' title='bbox 1569 2249 1615 2299; x_wconf 79' lang='grc' dir='ltr'>οἱ</span> <span class='ocrx_word' id='word_1_244' title='bbox 1656 2248 2072 2317; x_wconf 11' lang='grc' dir='ltr'>συμμίσγεταιᾈ5γ</span> 
     </span>
    </p>

    <p class='ocr_par' dir='ltr' id='par_1_11' title="bbox 270 2329 1989 2397">
     <span class='ocr_line' id='line_1_28' title="bbox 270 2329 1989 2397; baseline 0.001 -16"><span class='ocrx_word' id='word_1_245' title='bbox 270 2337 298 2381; x_wconf 86' lang='grc'>6</span> <span class='ocrx_word' id='word_1_246' title='bbox 330 2332 356 2382; x_wconf 87' lang='grc' dir='ltr'>ὁ</span> <span class='ocrx_word' id='word_1_247' title='bbox 377 2329 593 2385; x_wconf 72' lang='grc' dir='ltr'>“Ύ“πανις</span> <span class='ocrx_word' id='word_1_248' title='bbox 623 2332 673 2384; x_wconf 82' lang='grc' dir='ltr'>ἐς</span> <span class='ocrx_word' id='word_1_249' title='bbox 703 2331 859 2383; x_wconf 87' lang='grc' dir='ltr'>τώυτὸ</span> <span class='ocrx_word' id='word_1_250' title='bbox 891 2331 1005 2385; x_wconf 81' lang='grc' dir='ltr'>ἕλος</span> <span class='ocrx_word' id='word_1_251' title='bbox 1038 2332 1271 2385; x_wconf 84' lang='grc' dir='ltr'>ἐκδιδούς.</span> <span class='ocrx_word' id='word_1_252' title='bbox 1345 2331 1402 2382; x_wconf 86' lang='grc' dir='ltr'>τὸ</span> <span class='ocrx_word' id='word_1_253' title='bbox 1431 2334 1485 2383; x_wconf 78' lang='grc' dir='ltr'>δὲ</span> <span class='ocrx_word' id='word_1_254' title='bbox 1512 2330 1695 2397; x_wconf 81' lang='grc' dir='ltr'>μεταξὺ</span> <span class='ocrx_word' id='word_1_255' title='bbox 1718 2335 1818 2383; x_wconf 91' lang='grc' dir='ltr'>τῶν</span> <span class='ocrx_word' id='word_1_256' title='bbox 1840 2351 1989 2383; x_wconf 67' lang='lat' dir='ltr'><strong><em>‘nora-</em></strong></span> 
     </span>
    </p>
   </div>
   <div class='ocr_carea' id='block_1_5' title="bbox 324 2467 2069 3012">
    <p class='ocr_par' dir='ltr' id='par_1_12' title="bbox 324 2467 2069 3012">
     <span class='ocr_line' id='line_1_29' title="bbox 387 2467 1990 2522; baseline 0.001 -16"><span class='ocrx_word' id='word_1_257' title='bbox 387 2481 404 2506; x_wconf 89' lang='lat'>1</span> <span class='ocrx_word' id='word_1_258' title='bbox 437 2473 493 2509; x_wconf 81' lang='grc' dir='ltr'>τῶ</span> <span class='ocrx_word' id='word_1_259' title='bbox 523 2469 641 2522; x_wconf 85' lang='grc' dir='ltr'>χώρω</span> <span class='ocrx_word' id='word_1_260' title='bbox 669 2469 759 2510; x_wconf 84' lang='grc' dir='ltr'>ὅθεν</span> <span class='ocrx_word' id='word_1_261' title='bbox 788 2467 869 2522; x_wconf 85' lang='grc' dir='ltr'>ῥέει</span> <span class='ocrx_word' id='word_1_262' title='bbox 899 2469 938 2507; x_wconf 90' lang='lat' dir='ltr'>R</span> <span class='ocrx_word' id='word_1_263' title='bbox 955 2469 1035 2508; x_wconf 87' lang='lat' dir='ltr'>SV</span> <span class='ocrx_word' id='word_1_264' title='bbox 1199 2469 1478 2521; x_wconf 79' lang='grc' dir='ltr'>Αμαξάμπαιος</span> <span class='ocrx_word' id='word_1_265' title='bbox 1499 2468 1588 2507; x_wconf 88' lang='grc' dir='ltr'>ΑΒ</span> <span class='ocrx_word' id='word_1_266' title='bbox 1609 2483 1618 2508; x_wconf 88' lang='lat'><strong>:</strong></span> <span class='ocrx_word' id='word_1_267' title='bbox 1648 2468 1932 2521; x_wconf 77' lang='grc' dir='ltr'>Ἀμοξάνπαιος</span> <span class='ocrx_word' id='word_1_268' title='bbox 1956 2467 1990 2507; x_wconf 92' lang='lat' dir='ltr'>C</span> 
     </span>
     <span class='ocr_line' id='line_1_30' title="bbox 328 2522 1990 2576; baseline 0 -12"><span class='ocrx_word' id='word_1_269' title='bbox 328 2536 354 2573; x_wconf 88' lang='grc'>3</span> <span class='ocrx_word' id='word_1_270' title='bbox 394 2522 602 2574; x_wconf 73' lang='grc' dir='ltr'>Ἀλίζονας</span> <span class='ocrx_word' id='word_1_271' title='bbox 632 2523 689 2562; x_wconf 72' lang='grc' dir='ltr'>Α0</span> <span class='ocrx_word' id='word_1_272' title='bbox 709 2537 718 2563; x_wconf 89' lang='lat'>:</span> <span class='ocrx_word' id='word_1_273' title='bbox 761 2522 988 2574; x_wconf 72' lang='grc' dir='ltr'>Ἀλαζωνας</span> <span class='ocrx_word' id='word_1_274' title='bbox 1019 2523 1059 2562; x_wconf 88' lang='lat' dir='ltr'><strong>R</strong></span> <span class='ocrx_word' id='word_1_275' title='bbox 1074 2523 1182 2562; x_wconf 87' lang='lat' dir='ltr'>SV:</span> <span class='ocrx_word' id='word_1_276' title='bbox 1227 2522 1445 2574; x_wconf 70' lang='grc' dir='ltr'>Ἀλαζονας</span> <span class='ocrx_word' id='word_1_277' title='bbox 1474 2522 1531 2561; x_wconf 78' lang='lat' dir='ltr'>Al</span> <span class='ocrx_word' id='word_1_278' title='bbox 1548 2523 1580 2562; x_wconf 88' lang='lat' dir='ltr'>B</span> <span class='ocrx_word' id='word_1_279' title='bbox 1598 2523 1631 2562; x_wconf 90' lang='lat' dir='ltr'>C</span> <span class='ocrx_word' id='word_1_280' title='bbox 1647 2523 1680 2562; x_wconf 87' lang='lat' dir='ltr'>P</span> <span class='ocrx_word' id='word_1_281' title='bbox 1843 2536 1868 2571; x_wconf 88' lang='grc'>4</span> <span class='ocrx_word' id='word_1_282' title='bbox 1910 2522 1990 2576; x_wconf 85' lang='grc' dir='ltr'>ῥέει</span> 
     </span>
     <span class='ocr_line' id='line_1_31' title="bbox 330 2577 1990 2631; baseline 0 -13"><span class='ocrx_word' id='word_1_283' title='bbox 330 2577 519 2629; x_wconf 82' lang='grc' dir='ltr'>ἑκάτερος</span> <span class='ocrx_word' id='word_1_284' title='bbox 542 2578 581 2616; x_wconf 91' lang='lat' dir='ltr'>R</span> <span class='ocrx_word' id='word_1_285' title='bbox 600 2579 629 2617; x_wconf 88' lang='lat' dir='ltr'>S</span> <span class='ocrx_word' id='word_1_286' title='bbox 644 2579 681 2616; x_wconf 96' lang='lat' dir='ltr'>V</span> <span class='ocrx_word' id='word_1_287' title='bbox 819 2590 844 2628; x_wconf 90' lang='lat'>5</span> <span class='ocrx_word' id='word_1_288' title='bbox 876 2579 917 2619; x_wconf 81' lang='grc' dir='ltr'>ὅς</span> <span class='ocrx_word' id='word_1_289' title='bbox 938 2592 1019 2618; x_wconf 91' lang='lat' dir='ltr'>om.</span> <span class='ocrx_word' id='word_1_290' title='bbox 1045 2578 1084 2616; x_wconf 96' lang='lat' dir='ltr'><strong>A</strong></span> <span class='ocrx_word' id='word_1_291' title='bbox 1100 2578 1133 2616; x_wconf 92' lang='lat' dir='ltr'><strong>B</strong></span> <span class='ocrx_word' id='word_1_292' title='bbox 1149 2579 1183 2617; x_wconf 91' lang='lat' dir='ltr'>C</span> <span class='ocrx_word' id='word_1_293' title='bbox 1293 2577 1386 2630; x_wconf 88' lang='grc' dir='ltr'>μέγ.</span> <span class='ocrx_word' id='word_1_294' title='bbox 1408 2595 1454 2618; x_wconf 87' lang='grc' dir='ltr'>τε</span> <span class='ocrx_word' id='word_1_295' title='bbox 1477 2578 1507 2617; x_wconf 88' lang='lat' dir='ltr'>S</span> <span class='ocrx_word' id='word_1_296' title='bbox 1528 2593 1536 2617; x_wconf 90' lang='lat'>:</span> <span class='ocrx_word' id='word_1_297' title='bbox 1564 2578 1657 2630; x_wconf 89' lang='grc' dir='ltr'>μέγ.</span> <span class='ocrx_word' id='word_1_298' title='bbox 1681 2594 1732 2631; x_wconf 85' lang='grc' dir='ltr'>γε</span> <span class='ocrx_word' id='word_1_299' title='bbox 1751 2577 1838 2617; x_wconf 93' lang='grc' dir='ltr'>ΑΒ</span> <span class='ocrx_word' id='word_1_300' title='bbox 1853 2578 1911 2618; x_wconf 87' lang='lat' dir='ltr'>C:</span> <span class='ocrx_word' id='word_1_301' title='bbox 1941 2594 1990 2618; x_wconf 81' lang='grc' dir='ltr'>τε</span> 
     </span>
     <span class='ocr_line' id='line_1_32' title="bbox 324 2631 1984 2685; baseline -0.002 -12"><span class='ocrx_word' id='word_1_302' title='bbox 324 2631 420 2685; x_wconf 89' lang='grc' dir='ltr'>μέγ.</span> <span class='ocrx_word' id='word_1_303' title='bbox 471 2632 504 2670; x_wconf 91' lang='grc' dir='ltr'>Ρ</span> <span class='ocrx_word' id='word_1_304' title='bbox 527 2633 566 2671; x_wconf 91' lang='lat' dir='ltr'><strong>R</strong></span> <span class='ocrx_word' id='word_1_305' title='bbox 590 2633 628 2670; x_wconf 95' lang='lat' dir='ltr'>V</span> <span class='ocrx_word' id='word_1_306' title='bbox 874 2634 900 2670; x_wconf 90' lang='lat'>8</span> <span class='ocrx_word' id='word_1_307' title='bbox 947 2633 1108 2674; x_wconf 77' lang='grc' dir='ltr'>πάντων</span> <span class='ocrx_word' id='word_1_308' title='bbox 1153 2632 1192 2670; x_wconf 89' lang='lat' dir='ltr'><strong>A</strong></span> <span class='ocrx_word' id='word_1_309' title='bbox 1220 2632 1254 2670; x_wconf 92' lang='lat' dir='ltr'>B</span> <span class='ocrx_word' id='word_1_310' title='bbox 1281 2634 1314 2671; x_wconf 92' lang='lat' dir='ltr'>C</span> <span class='ocrx_word' id='word_1_311' title='bbox 1562 2646 1589 2682; x_wconf 92' lang='lat'>9</span> <span class='ocrx_word' id='word_1_312' title='bbox 1633 2632 1881 2683; x_wconf 85' lang='grc' dir='ltr'>συμβαλέειν</span> <span class='ocrx_word' id='word_1_313' title='bbox 1926 2631 1984 2670; x_wconf 82' lang='lat' dir='ltr'>C:</span> 
     </span>
     <span class='ocr_line' id='line_1_33' title="bbox 329 2686 1989 2740; baseline 0 -13"><span class='ocrx_word' id='word_1_314' title='bbox 329 2686 585 2738; x_wconf 81' lang='grc' dir='ltr'>συμβάλλειν</span> <span class='ocrx_word' id='word_1_315' title='bbox 609 2687 641 2725; x_wconf 80' lang='grc' dir='ltr'>Ρ</span> <span class='ocrx_word' id='word_1_316' title='bbox 656 2687 695 2725; x_wconf 89' lang='lat' dir='ltr'><strong>R</strong></span> <span class='ocrx_word' id='word_1_317' title='bbox 710 2687 740 2726; x_wconf 87' lang='lat' dir='ltr'>S</span> <span class='ocrx_word' id='word_1_318' title='bbox 753 2687 791 2725; x_wconf 91' lang='lat' dir='ltr'>V</span> <span class='ocrx_word' id='word_1_319' title='bbox 905 2700 922 2725; x_wconf 88' lang='lat'>1</span> <span class='ocrx_word' id='word_1_320' title='bbox 933 2699 949 2725; x_wconf 84' lang='grc' dir='ltr'>Ι</span> <span class='ocrx_word' id='word_1_321' title='bbox 983 2690 1154 2737; x_wconf 87' lang='grc' dir='ltr'>εὐνομιδ.</span> <span class='ocrx_word' id='word_1_322' title='bbox 1175 2687 1214 2726; x_wconf 89' lang='lat' dir='ltr'>R</span> <span class='ocrx_word' id='word_1_323' title='bbox 1230 2687 1259 2726; x_wconf 87' lang='lat' dir='ltr'>S</span> <span class='ocrx_word' id='word_1_324' title='bbox 1272 2686 1310 2725; x_wconf 91' lang='lat' dir='ltr'>V</span> <span class='ocrx_word' id='word_1_325' title='bbox 1392 2686 1533 2740; x_wconf 84' lang='grc' dir='ltr'>ι’χθύας</span> <span class='ocrx_word' id='word_1_326' title='bbox 1549 2687 1587 2724; x_wconf 93' lang='grc' dir='ltr'>Α</span> <span class='ocrx_word' id='word_1_327' title='bbox 1603 2687 1684 2726; x_wconf 86' lang='lat' dir='ltr'>BC</span> <span class='ocrx_word' id='word_1_328' title='bbox 1702 2687 1735 2726; x_wconf 91' lang='lat' dir='ltr'><strong>P</strong></span> <span class='ocrx_word' id='word_1_329' title='bbox 1848 2699 1897 2726; x_wconf 86' lang='lat'>12</span> <span class='ocrx_word' id='word_1_330' title='bbox 1923 2687 1989 2727; x_wconf 80' lang='grc' dir='ltr'>καὶ</span> 
     </span>
     <span class='ocr_line' id='line_1_34' title="bbox 328 2740 1989 2790; baseline 0.001 -11"><span class='ocrx_word' id='word_1_331' title='bbox 328 2754 410 2780; x_wconf 91' lang='lat' dir='ltr'>om.</span> <span class='ocrx_word' id='word_1_332' title='bbox 435 2740 475 2778; x_wconf 89' lang='lat' dir='ltr'>A</span> <span class='ocrx_word' id='word_1_333' title='bbox 492 2741 526 2779; x_wconf 90' lang='lat' dir='ltr'>B</span> <span class='ocrx_word' id='word_1_334' title='bbox 543 2741 576 2779; x_wconf 92' lang='lat' dir='ltr'>C</span> <span class='ocrx_word' id='word_1_335' title='bbox 729 2754 776 2790; x_wconf 88' lang='lat'>14</span> <span class='ocrx_word' id='word_1_336' title='bbox 808 2743 903 2783; x_wconf 83' lang='grc' dir='ltr'>ἀλλ’</span> <span class='ocrx_word' id='word_1_337' title='bbox 925 2741 1022 2782; x_wconf 78' lang='grc' dir='ltr'>ἐστὲ</span> <span class='ocrx_word' id='word_1_338' title='bbox 1046 2742 1134 2780; x_wconf 90' lang='lat' dir='ltr'>RV</span> <span class='ocrx_word' id='word_1_339' title='bbox 1284 2742 1333 2779; x_wconf 90' lang='lat'>16</span> <span class='ocrx_word' id='word_1_340' title='bbox 1362 2742 1466 2790; x_wconf 78' lang='grc' dir='ltr'>κᾶτη</span> <span class='ocrx_word' id='word_1_341' title='bbox 1487 2742 1557 2782; x_wconf 85' lang='grc' dir='ltr'>ἅτε</span> <span class='ocrx_word' id='word_1_342' title='bbox 1581 2742 1620 2780; x_wconf 90' lang='lat' dir='ltr'><strong>R</strong></span> <span class='ocrx_word' id='word_1_343' title='bbox 1636 2742 1715 2781; x_wconf 90' lang='lat' dir='ltr'>SV</span> <span class='ocrx_word' id='word_1_344' title='bbox 1856 2754 1903 2789; x_wconf 93' lang='lat'>17</span> <span class='ocrx_word' id='word_1_345' title='bbox 1934 2743 1989 2781; x_wconf 89' lang='grc' dir='ltr'>εἷς</span> 
     </span>
     <span class='ocr_line' id='line_1_35' title="bbox 328 2794 1987 2850; baseline -0.001 -16"><span class='ocrx_word' id='word_1_346' title='bbox 328 2795 465 2835; x_wconf 88' lang='lat' dir='ltr'>ABC</span> <span class='ocrx_word' id='word_1_347' title='bbox 635 2797 684 2834; x_wconf 86' lang='lat'>18</span> <span class='ocrx_word' id='word_1_348' title='bbox 714 2796 855 2850; x_wconf 88' lang='grc' dir='ltr'>Γέρρου</span> <span class='ocrx_word' id='word_1_349' title='bbox 874 2813 921 2836; x_wconf 83' lang='grc' dir='ltr'>τε</span> <span class='ocrx_word' id='word_1_350' title='bbox 944 2795 1105 2835; x_wconf 86' lang='lat' dir='ltr'>RSV:</span> <span class='ocrx_word' id='word_1_351' title='bbox 1136 2794 1308 2850; x_wconf 87' lang='grc' dir='ltr'>Γερρέων</span> <span class='ocrx_word' id='word_1_352' title='bbox 1327 2795 1461 2835; x_wconf 86' lang='lat' dir='ltr'>ABC</span> <span class='ocrx_word' id='word_1_353' title='bbox 1479 2797 1511 2834; x_wconf 87' lang='grc' dir='ltr'><em>Ρ</em></span> <span class='ocrx_word' id='word_1_354' title='bbox 1620 2811 1787 2849; x_wconf 83' lang='grc' dir='ltr'>τεσσαρ.</span> <span class='ocrx_word' id='word_1_355' title='bbox 1805 2794 1987 2835; x_wconf 89' lang='lat' dir='ltr'>CRSV</span> 
     </span>
     <span class='ocr_line' id='line_1_36' title="bbox 329 2849 2069 2903; baseline -0.001 -15"><span class='ocrx_word' id='word_1_356' title='bbox 329 2863 378 2888; x_wconf 82' lang='lat'>21</span> <span class='ocrx_word' id='word_1_357' title='bbox 411 2853 494 2891; x_wconf 81' lang='grc' dir='ltr'>τῶν</span> <span class='ocrx_word' id='word_1_358' title='bbox 512 2854 704 2903; x_wconf 81' lang='grc' dir='ltr'>γεωργῶν</span> <span class='ocrx_word' id='word_1_359' title='bbox 723 2855 804 2891; x_wconf 85' lang='grc' dir='ltr'>τῶν</span> <span class='ocrx_word' id='word_1_360' title='bbox 823 2850 862 2889; x_wconf 91' lang='grc' dir='ltr'><strong>Α</strong></span> <span class='ocrx_word' id='word_1_361' title='bbox 877 2850 911 2889; x_wconf 91' lang='grc' dir='ltr'>Β</span> <span class='ocrx_word' id='word_1_362' title='bbox 928 2851 960 2889; x_wconf 92' lang='lat' dir='ltr'>C</span> <span class='ocrx_word' id='word_1_363' title='bbox 978 2851 1010 2889; x_wconf 90' lang='lat' dir='ltr'>P</span> <span class='ocrx_word' id='word_1_364' title='bbox 1230 2863 1282 2900; x_wconf 82' lang='lat'>23</span> <span class='ocrx_word' id='word_1_365' title='bbox 1312 2851 1432 2901; x_wconf 86' lang='grc' dir='ltr'>μόνου</span> <span class='ocrx_word' id='word_1_366' title='bbox 1457 2851 1495 2889; x_wconf 90' lang='lat' dir='ltr'><strong>R</strong></span> <span class='ocrx_word' id='word_1_367' title='bbox 1651 2849 1722 2891; x_wconf 83' lang='grc' dir='ltr'>τοῦ</span> <span class='ocrx_word' id='word_1_368' title='bbox 1742 2863 1823 2890; x_wconf 89' lang='lat' dir='ltr'>om.</span> <span class='ocrx_word' id='word_1_369' title='bbox 1849 2849 1887 2888; x_wconf 85' lang='lat' dir='ltr'>A</span> <span class='ocrx_word' id='word_1_370' title='bbox 1903 2850 1936 2887; x_wconf 89' lang='grc' dir='ltr'>Β</span> <span class='ocrx_word' id='word_1_371' title='bbox 1953 2849 1986 2887; x_wconf 94' lang='lat' dir='ltr'>C</span> <span class='ocrx_word' id='word_1_372' title='bbox 2060 2897 2069 2902; x_wconf 66' lang='lat'>.</span> 
     </span>
     <span class='ocr_line' id='line_1_37' title="bbox 328 2904 1988 2957; baseline 0.002 -15"><span class='ocrx_word' id='word_1_373' title='bbox 328 2917 380 2952; x_wconf 82' lang='grc'>24</span> <span class='ocrx_word' id='word_1_374' title='bbox 411 2905 501 2946; x_wconf 83' lang='grc' dir='ltr'>οὐδὲ</span> <span class='ocrx_word' id='word_1_375' title='bbox 524 2918 605 2944; x_wconf 87' lang='lat' dir='ltr'>om.</span> <span class='ocrx_word' id='word_1_376' title='bbox 633 2905 671 2944; x_wconf 88' lang='lat' dir='ltr'><strong>R</strong></span> <span class='ocrx_word' id='word_1_377' title='bbox 688 2905 717 2943; x_wconf 87' lang='lat' dir='ltr'>S</span> <span class='ocrx_word' id='word_1_378' title='bbox 732 2904 770 2943; x_wconf 94' lang='lat' dir='ltr'>V</span> <span class='ocrx_word' id='word_1_379' title='bbox 908 2907 963 2944; x_wconf 87' lang='lat'>26</span> <span class='ocrx_word' id='word_1_380' title='bbox 983 2905 1178 2946; x_wconf 69' lang='grc' dir='ltr'>’Ὗσπανις</span> <span class='ocrx_word' id='word_1_381' title='bbox 1202 2905 1241 2943; x_wconf 87' lang='lat' dir='ltr'><strong>R</strong></span> <span class='ocrx_word' id='word_1_382' title='bbox 1255 2905 1293 2942; x_wconf 93' lang='lat' dir='ltr'>V</span> <span class='ocrx_word' id='word_1_383' title='bbox 1403 2905 1554 2957; x_wconf 81' lang='grc' dir='ltr'>τώυτὸ]</span> <span class='ocrx_word' id='word_1_384' title='bbox 1576 2906 1624 2945; x_wconf 79' lang='grc' dir='ltr'>τὺ</span> <span class='ocrx_word' id='word_1_385' title='bbox 1644 2904 1684 2943; x_wconf 86' lang='grc' dir='ltr'><strong>Λ</strong></span> <span class='ocrx_word' id='word_1_386' title='bbox 1699 2905 1733 2943; x_wconf 90' lang='grc' dir='ltr'>Β</span> <span class='ocrx_word' id='word_1_387' title='bbox 1753 2905 1785 2944; x_wconf 91' lang='lat' dir='ltr'>C</span> <span class='ocrx_word' id='word_1_388' title='bbox 1897 2904 1988 2945; x_wconf 81' lang='grc' dir='ltr'>ἕλος</span> 
     </span>
     <span class='ocr_line' id='line_1_38' title="bbox 328 2958 1730 3012; baseline -0.001 -14"><span class='ocrx_word' id='word_1_389' title='bbox 328 2958 855 3000; x_wconf 67' lang='grc' dir='ltr'>ΑΒΕετέλοςΡΚὸν</span> <span class='ocrx_word' id='word_1_390' title='bbox 965 2959 1381 3012; x_wconf 61' lang='grc' dir='ltr'>μεταξὺδὲΡΙῖΞΧῙ</span> <span class='ocrx_word' id='word_1_391' title='bbox 1726 2958 1730 2962; x_wconf 63' lang='grc'><em>’</em></span> 
     </span>
    </p>
   </div>
  </div>
 </body>
</html>
