2098 3320
856 46 1231 96 ΙΣΤΟΡΙΩΝ
1263 48 1334 95 ·Β

1971 53 2098 104 11.1‹

260 177 444 244 ἔξωθεν
475 180 564 246 τὴν
594 181 754 246 οἰκίην
781 180 896 252 ὕλῃ,
931 177 1269 247 περινήσαντα
1299 181 1352 231 δὲ
1381 179 1686 245 ὑποπρῆσαι.
1762 177 1848 231 τὸν
1879 182 1931 231 δὲ
1966 202 1991 234 2

261 264 325 318 ὡς
358 267 533 330 μαθεῖν
579 269 737 330 τοῦτο,
783 264 957 317 αὐτίκα
1001 264 1442 330 συμβουλεύεσθαι
1486 270 1548 338 τῇ
1592 263 1803 331 γυναικί·
1851 264 1932 316 καὶ

249 350 354 417 ’γὰρ
398 349 454 414 δὴ
503 350 582 402 καὶ
625 349 714 415 τὴν
759 354 967 418 γυναῖκα
1009 347 1159 402 αὐτὸν
1203 347 1305 414 ἅμα
1348 347 1577 416 ἄγεσθαι.
1650 347 1742 413 τὴν
1785 345 1841 400 δέ
1885 350 1933 402 οἱ

261 439 641 500 συμβουλεῦσαι
671 439 769 487 τῶν
799 436 987 487 παίδων
1020 434 1204 486 ἐόντων
1228 431 1287 499 ἓξ
1305 432 1419 487 τοὺς
1442 432 1528 486 δύο
1553 433 1634 486 ἐπὶ
1657 432 1749 498 τὴν
1771 431 1931 500 πυρὴν

212 537 235 580 5
261 519 546 571 ἐκτείναντα
583 524 873 588 γεφυρῶσαι
915 523 971 571 τὸ
1012 519 1290 585 καιόμενον,
1324 517 1500 574 αὐτοὺς
1539 517 1581 570 δ’
1613 517 1691 571 ἐπ’
1729 518 1931 572 ἐκείνων

259 605 616 670 ἐπιβαίνοντας
652 602 973 676 ἐκσῴζεσθαι.
1047 607 1203 656 ταῦτα
1241 605 1450 668 ποιῆσαι
1491 602 1577 656 τὸν
1617 602 1926 669 Σέσωστριν,

262 689 341 740 καὶ
372 689 458 740 δύο
491 691 582 754 μὲν
613 694 712 741 τῶν
743 690 932 742 παίδων
955 691 1257 754 κατακαῆναι
1286 688 1451 759 τρόπῳ
1482 687 1706 759 τοιούτῳ,
1739 687 1852 741 τοὺς
1875 690 1929 740 δὲ

259 773 468 827 λοιποὺς
487 774 812 839 ἀποσωθῆναι
830 772 930 839 ἅμα
947 778 1014 844 τῷ
1032 774 1194 841 πατρί.
1244 771 1501 838 νοστήσας
1519 775 1574 826 δὲ
1593 774 1619 824 ὁ
1640 772 1931 841 Σέσωστρις

262 858 313 910 ἐς
341 857 431 922 τὴν
455 859 707 925 Αἴγυπτον
740 859 818 910 καὶ
848 857 1142 924 τεισάμενος
1172 857 1260 911 τὸν
1291 857 1544 926 ἀδελφεὸν
1568 863 1633 928 τῷ
1657 860 1749 924 μὲν
1773 858 1930 928 ὁμίλῳ

188 966 237 994 10
260 940 347 993 τὸν
390 942 811 1010 ἐπηγάγετο·τῶν
855 945 943 997 τὰς
987 944 1154 1012 χώρας
1200 942 1593 1011 κατεστρέψατο,
1641 943 1797 1012 τούτῳ
1841 944 1935 1008 μὲν

259 1024 377 1078 τάδε
423 1025 691 1095 ἐχρήσατο·
738 1028 851 1082 τούς
898 1027 953 1080 τέ
1006 1031 1052 1080 οἱ
1105 1029 1276 1082 λίθους
1324 1027 1437 1081 τοὺς
1492 1028 1574 1080 ἐπὶ
1621 1027 1795 1078 τούτου
1847 1031 1934 1078 τοῦ

258 1111 507 1176 βασιλέος
552 1111 878 1177 κομισθέντας
927 1115 979 1167 ἐς
1021 1117 1108 1164 τοῦ
1150 1111 1444 1181 εΗφαίστου
1487 1111 1545 1163 τὸ
1590 1113 1710 1179 ἱρόν,
1760 1112 1932 1167 ἐόντας

257 1194 466 1262 μεγάθεϊ
516 1195 829 1263 περιμήκεας,
878 1197 1025 1249 οὗτοι·
1065 1196 1195 1262 ἦσαν
1243 1199 1290 1249 οἱ
1342 1197 1662 1255 ἑλκύσαντες,
1711 1197 1791 1248 καὶ
1842 1198 1933 1252 τὰς

259 1279 502 1349 διώρυχας
533 1283 621 1334 τὰς
651 1286 736 1334 νῦν
769 1281 950 1336 ἐούσας
988 1283 1041 1333 ἐν
1073 1281 1308 1351 Αἰγύπτῳ
1341 1279 1509 1335 πάσας
1546 1281 1682 1332 οὗτοι
1712 1281 1930 1348 ἀναγκα-

188 1387 234 1428 ¹5
263 1364 456 1430 ζόμενοι
496 1364 702 1433 ὤρυξαν,
737 1367 933 1419 ἐποίευν
965 1387 1021 1418 τε
1054 1365 1140 1418 οὐκ
1177 1366 1376 1420 ἑκόντες
1410 1367 1680 1433 Αἴγυπτον,
1719 1365 1777 1416 τὸ
1816 1366 1934 1433 πρὶν

260 1451 442 1501 ἐοῦσαν
481 1451 763 1516 ἱππασίμην
801 1452 880 1504 καὶ
919 1449 1292 1517 ἁμαξευομένην
1327 1453 1512 1509 πᾶσαν,
1548 1451 1689 1503 ἐνδεᾶ
1726 1450 1932 1503 τούτων.

260 1533 358 1587 ἀπὸ
394 1536 488 1602 γὰρ
529 1535 703 1588 τούτου
742 1539 829 1588 τοῦ
869 1536 1055 1603 χρόνου
1096 1536 1349 1603 Αἴγυπτος
1387 1537 1542 1587 ἐοῦσα
1580 1537 1753 1589 πεδιὰς
1793 1537 1934 1588 πᾶσα

259 1617 471 1673 ἄνιππος
533 1620 611 1672 καὶ
671 1618 1008 1687 ἀναμάξευτος
1066 1619 1262 1688 γέγονε·
1330 1621 1485 1673 αἴτιαι
1537 1622 1591 1672 δὲ
1642 1620 1831 1672 τούτων
1881 1622 1934 1673 αἱ

258 1704 496 1772 διώρυχες
534 1705 793 1772 γεγόνασι,
834 1706 1006 1758 ἐοῦσαι
1052 1706 1244 1758 πολλαὶ
1293 1706 1371 1757 καὶ
1414 1707 1678 1759 παντοίους
1722 1704 1934 1773 τρόπους

187 1813 237 1842 20
260 1788 485 1858 ἔχουσαι.
564 1789 837 1856 κατέταμνε
860 1792 913 1842 δὲ
943 1793 1086 1842 τοῦδε
1119 1791 1283 1843 εἵνεκα
1312 1789 1400 1855 τὴν
1423 1791 1592 1859 χώρην
1616 1791 1642 1841 ὁ
1665 1789 1930 1856 βασιλεύς·

258 1874 372 1940 ὅσοι
401 1879 501 1927 τῶν
537 1875 822 1943 Αἰγυπτίων
857 1874 924 1941 μὴ
955 1875 1038 1927 ἐπὶ
1073 1880 1141 1945 τῷ
1180 1880 1384 1946 ποταμῷ
1423 1875 1626 1940 ἔκτηντο
1662 1877 1750 1930 τὰς
1786 1875 1934 1930 πόλις

259 1958 376 2010 ἀλλ’
417 1958 713 2025 ἀναμέσους,
755 1960 903 2019 οὗτοι,
943 1960 1070 2013 ὅκως
1103 1955 1196 2026 [τε]
1233 1961 1371 2012 ἀπίοι
1409 1961 1436 2011 ὁ
1472 1960 1708 2027 ποταμός,
1749 1961 1931 2014 σπανί·

1967 779 2062 830 108

1968 1045 1994 1078 2

1969 1557 1995 1602 3

1966 1812 1996 1857 4

261 2043 425 2108 ζοντες
475 2043 667 2096 ὑδάτων
719 2043 1074 2114 πλατυτέροισι
1128 2043 1376 2112 ἐχρέωντο
1429 2049 1563 2097 τοῖσι
1614 2044 1823 2110 πόμασι,
1877 2046 2098 2098 {temnet

259 2127 489 2195 φρεάτων
547 2129 836 2197 χρεώμενοι.
913 2129 1099 2181 τούτων
1157 2131 1249 2195 μὲν
1309 2129 1368 2194 δὴ
1431 2131 1594 2182 εἵνεκα
1653 2127 1931 2196 κατετμήθη

187 2212 286 2278 257‘7
321 2215 586 2281 Αἴγυπτος.
665 2219 954 2279 κατανεῖμαι
992 2216 1045 2266 δὲ
1081 2212 1172 2278 τὴν
1204 2215 1374 2282 χώρην
1413 2215 1734 2282 Αἰγυπτίοισι
1771 2214 1933 2267 ἅπασι

258 2302 431 2350 τοῦτον
461 2298 638 2366 ἔλεγον
663 2297 749 2350 τὸν
772 2297 1013 2364 βασιλέα,
1043 2302 1227 2365 κλῆρον
1258 2301 1373 2351 ἴσον
1398 2299 1592 2370 ἑκάστῳ
1617 2298 1931 2367 τετράγωνον

259 2383 473 2442 διδόντα,
508 2383 586 2434 καὶ
622 2382 721 2435 ἀπὸ
756 2383 931 2435 τούτου
964 2384 1053 2436 τὰς
1089 2385 1365 2450 προσόδους
1400 2384 1727 2451 ποιήσασθαι,
1762 2384 1929 2437 ἐπιτά-

316 2533 334 2559 1
377 2523 480 2571 ὕλην
510 2518 665 2560 RSVl
864 2535 889 2572 4
928 2522 1001 2564 τὰς
1030 2521 1099 2563 δύο
1133 2522 1270 2562 RSV
1463 2536 1488 2574 5
1529 2524 1765 2565 ἐκτείνοντα
1795 2524 1831 2563 R
1850 2523 1932 2563 SV

259 2575 454 2627 κεόμενον
478 2576 517 2615 R
533 2576 615 2615 SV
752 2589 780 2627 9
806 2576 1024 2628 τισάμενος
1047 2577 1080 2616 L
1223 2590 1274 2617 10
1301 2582 1426 2620 τοῦτο
1448 2579 1481 2617 C
1496 2579 1535 2618 V
1669 2591 1715 2628 15
1746 2581 1930 2633 ὤρυσσον

259 2630 300 2670 Α
315 2631 351 2670 Β
364 2632 398 2671 C
530 2629 687 2672 ἐποίεόν
719 2630 752 2670 Ρ
769 2630 807 2670 R
824 2631 854 2671 S
868 2632 906 2671 V
1095 2633 1145 2671 16
1183 2633 1380 2682 ἱππασίην
1412 2632 1450 2671 R
1468 2633 1497 2671 S
1511 2633 1550 2672 V
1731 2646 1778 2684 17
1817 2637 1931 2676 πᾶσα

260 2687 400 2728 πεδιὰς
429 2686 494 2726 C:
533 2686 671 2728 ἅπασα
698 2702 740 2726 π.
773 2685 864 2725 ΑΒ
1037 2688 1085 2725 18
1126 2688 1291 2729 ἄνιπτος
1324 2687 1363 2726 R
1530 2701 1579 2727 21
1621 2687 1761 2731 πόλεις
1796 2688 1930 2729 CSV

261 2753 314 2779 22
342 2757 390 2782 τε
410 2741 570 2781 seclusi
700 2752 753 2790 23
785 2744 836 2793 ἐχ
864 2740 979 2783 έοντο
1003 2741 1036 2780 Ρ
1051 2741 1090 2780 R
1107 2741 1137 2781 S
1151 2741 1190 2781 V
1286 2742 1463 2794 πόμασιν
1486 2744 1516 2783 S
1536 2757 1546 2782 t
1575 2745 1736 2794 πώμασι
1760 2742 1799 2782 Α
1814 2742 1849 2782 Β
1865 2743 1899 2783 C
1919 2759 1929 2784 ε

260 2795 412 2846 πόματι
434 2795 467 2835 Ρ
483 2794 539 2835 R¹
559 2811 568 2836 :
597 2796 754 2846 πώματι
775 2796 812 2835 V
870 2803 887 2822 ⁰
1071 2809 1123 2847 24
1154 2797 1361 2851 ἀρυόμενοι
1383 2797 1433 2837 G.
1462 2797 1649 2837 Dindors
1772 2799 1821 2849 δὴ
1843 2811 1927 2840 om.

263 2849 300 2888 R
327 2850 358 2889 S
378 2850 426 2943 {7³
637 2862 691 2902 25
729 2851 754 2902 ἡ
792 2863 872 2892 om.
917 2851 957 2891 A
979 2851 1012 2891 B
1035 2852 1069 2892 C
1283 2854 1337 2892 26
1380 2853 1478 2895 ὅσον
1516 2853 1550 2893 C
1737 2866 1788 2904 27
1833 2852 1928 2906 τὰς]

259 2905 353 2946 τοὺς

316 3001 416 3029 Ηῡτ.
441 3002 467 3030 1.
1711 2994 1762 3032 12

1969 2225 2068 2277 109
