2098 3320
783 143 1178 194 ΙΣΤΟΡΙΩΝΥ
1217 143 1258 190 Α

1906 144 1946 195 Ι.
1967 156 2055 194 212

197 279 329 331 ὥστε
380 277 632 331 κατιόντος
677 280 763 328 τοῦ
805 277 940 328 οἴνου
985 278 1035 329 ἐς
1079 275 1137 328 τὸ
1183 280 1327 341 σῶμα
1372 272 1706 346 ἐπαναπλέειν
1749 275 1864 339 ὑμῖν
1881 278 2098 350 μούνω)

196 363 319 414 ἔπεα
365 360 503 421 κακά,
552 360 756 430 τοιούτῳ
799 359 1042 430 φαρμάκῳ
1092 360 1325 414 δολώσας
1372 358 1649 427 ἐκράτησας
1689 357 1863 412 παιδὸς

194 451 280 498 τοῦ
312 448 442 512 ἐμοῦ,
477 444 593 498 ἀλλ’
623 444 680 497 οὐ
706 444 845 517 μάχῃ
879 447 1001 497 κατὰ
1037 444 1094 496 τὸ
1133 445 1381 511 καρτερόν.
1457 449 1544 496 νῦν
1580 441 1648 495 ὧν
1683 464 1775 510 μευ
1811 443 1863 495 εὗ

195 530 558 598 παραινεούσης
593 530 824 596 ὑπόλαβε
864 529 953 582 τὸν
991 530 1167 598 λόγον·
1215 529 1427 584 ἀποδούς
1466 550 1552 594 μοι
1590 528 1676 580 τὸν
1712 532 1864 581 παῖδα

147 636 168 676 5
194 615 334 669 ἄπιθι
381 617 435 668 ἐκ
472 618 627 680 τῆσδε
671 618 759 680 τῆς
805 615 971 683 χώρης
1006 613 1223 680 ἀζήμιος,
1265 612 1651 682 Μασσαγετέων
1695 634 1859 680 τριτη-

193 701 356 768 μορίδι
399 705 486 752 τοῦ
526 704 742 767 στρατοῦ
780 700 1102 766 κατυβρίσας·
1150 701 1193 751 εἰ
1231 701 1283 751 δὲ
1324 703 1476 751 ταῦτα
1514 698 1571 750 οὐ
1615 696 1858 763 ποιήσεις,

194 785 339 850 ἥλιον
369 785 616 851 ἐπόμνυμί
641 806 718 836 τοι
753 783 840 836 τὸν
878 783 1264 852 Μασσαγετέων
1299 784 1565 849 δεσπότην,
1605 782 1636 848 ἦ
1670 782 1764 849 μέν
1800 805 1859 835 σε

194 869 293 937 ἐγὼ
325 868 404 921 καὶ
434 868 698 934 ἄπληστον
730 869 876 921 ἐόντα
907 870 1111 934 αἵματος
1136 868 1342 935 κορέσω.
1410 872 1570 935 Κῦρος
1587 870 1679 934 μὲν
1700 866 1859 920 ἐπέων

194 952 370 1006 οὐδένα
396 954 584 1006 τούτων
614 952 1003 1023 ἀνενειχθέντων
1024 952 1245 1006 ἐποιέετο
1269 955 1440 1021 λόγον,
1469 954 1495 1004 ὁ
1519 955 1571 1006 δὲ
1594 956 1679 1018 τῆς
1703 957 1855 1018 βασι-

122 1057 170 1086 ιο
192 1039 332 1104 λείης
358 1038 606 1106 Τομύριος
637 1043 752 1092 παῖς
783 1040 1165 1106 Σπαργαπίσης,
1193 1039 1258 1092 ὥς
1287 1059 1371 1103 μιν
1402 1039 1430 1088 ὅ
1459 1059 1514 1090 τε
1545 1038 1679 1092 οἶνος
1709 1037 1859 1102 ἀνῆκε

84 1119 86 1121 θ
195 1123 276 1175 καὶ
319 1122 471 1189 ἔμαθε
515 1124 596 1176 ἵνα
639 1122 700 1188 ῆν
747 1127 908 1182 κακοῦ,
971 1124 1160 1188 δεηθεὶς
1207 1124 1370 1189 Κύρου
1415 1124 1468 1174 ἐκ
1513 1127 1612 1174 τῶν
1660 1125 1859 1188 δεσμῶν

193 1210 402 1273 λυθῆναι
447 1208 609 1276 ἔτυχε,
643 1208 707 1263 ὡς
753 1210 807 1260 δὲ
850 1207 1003 1273 ἐλύθη
1046 1229 1102 1260 τε
1145 1206 1363 1276 τάχιστα
1409 1207 1488 1259 καὶ
1532 1212 1631 1260 τῶν
1674 1212 1860 1276 χειρῶν

194 1291 453 1360 ἐκράτησε,
514 1291 821 1361 διεργάζεται
864 1293 1063 1345 ἑωυτόν.
1148 1293 1226 1344 καὶ
1271 1291 1328 1356 δὴ
1375 1292 1515 1345 οὗτος
1560 1294 1650 1358 μὲν
1695 1292 1859 1362 τρόπῳ

193 1377 398 1448 τοιούτῳ
438 1383 661 1448 τελευτᾷ,
698 1378 914 1445 Τόμυρις
955 1376 1024 1437 δέ,
1067 1377 1133 1431 ὥς
1176 1379 1223 1430 οἱ
1273 1380 1431 1444 Κῦρος
1464 1377 1551 1430 οὐκ
1594 1374 1857 1442 ἐσήκουσε,

122 1482 168 1524 15
195 1460 491 1528 συλλέξασα
535 1466 706 1515 πᾶσαν
756 1462 847 1527 τὴν
900 1465 1080 1527 ἑωυτῆς
1127 1462 1333 1528 δύναμιν
1386 1462 1645 1528 συνέβαλε
1696 1461 1856 1531 Κύρῳ.

194 1547 376 1612 ταύτην
406 1547 496 1612 τὴν
534 1546 719 1616 μάχην,
757 1548 876 1599 ὅσαι
916 1546 974 1612 δὴ
1014 1545 1293 1615 βαρβάρων
1324 1548 1514 1614 ἀνδρῶν
1549 1545 1708 1616 μάχαι
1748 1545 1856 1613 ἐγέ-

194 1652 355 1696 νοντο,
388 1633 535 1700 κρίνω
574 1630 908 1701 ἰσχυροτάτην
938 1631 1192 1699 γενέσθαι,
1228 1632 1307 1685 καὶ
1338 1631 1396 1696 δὴ
1441 1633 1519 1684 καὶ
1554 1629 1860 1695 πυνθάνομαι

194 1718 320 1769 οὕτω
378 1721 525 1769 τοῦτο
572 1717 859 1784 γενόμενον.
947 1721 1118 1784 πρῶτα
1159 1719 1251 1782 μὲν
1295 1719 1391 1784 γὰρ
1434 1715 1637 1783 λέγεται
1681 1715 1859 1770 αὐτοὺς

195 1799 491 1856 διαστάντας
515 1803 565 1855 ἐς
596 1800 851 1867 ἀλλήλους
881 1800 1115 1866 τοξεύειν,
1140 1803 1264 1866 μετὰ
1288 1800 1450 1869 &ez-<159
1474 1808 1573 1869 σφι
1602 1802 1663 1853 τὰ
1697 1800 1859 1867 βέλεα

121 1905 171 1933 20
195 1884 547 1959 ἐξετετόξευτο,
583 1878 935 1952 συμπεσόντας
955 1894 1073 1959 τῇσι
1093 1887 1310 1959 αἰχμῇσί
1329 1907 1382 1938 τε
1415 1886 1494 1938 καὶ
1522 1890 1659 1938 τοῖσι
1690 1887 1855 1954 ἐγχει·

191 1971 396 2035 ριδίοισι
427 1969 749 2039 συνέχεσθαι.
823 1971 1009 2039 χρόνον
1038 1991 1093 2022 τε
1124 1969 1182 2034 δὴ
1215 1972 1297 2023 ἐπὶ
1327 1970 1523 2023 πολλὸν
1555 1969 1860 2023 συνεστάναι

192 2053 502 2124 μαχομένους
548 2056 627 2108 καὶ
672 2053 956 2122 οὐδετέρους
1001 2054 1194 2107 ἐθέλειν
1240 2056 1464 2123 φεύγειν·
1523 2054 1668 2108 τέλος
1713 2057 1766 2107 δὲ
1812 2056 1859 2106 οἱ

197 2138 536 2207 Μασσαγέται
570 2139 932 2206 περιεγένοντο.
1020 2139 1052 2204 ἥ
1088 2160 1143 2191 τε
1179 2139 1237 2204 δὴ
1273 2139 1440 2205 πολλὴ
1480 2142 1567 2204 τῆς
1604 2142 1861 2206 Περσικῆς

193 2227 431 2290 στρατιῆς
474 2223 622 2275 αὐτοῦ
668 2223 821 2296 ταύτῃ
866 2222 1108 2291 διεφθάρη
1156 2224 1236 2276 καὶ
1280 2223 1336 2288 δὴ
1385 2224 1465 2276 καὶ
1509 2222 1655 2278 αὐτὸς
1700 2227 1859 2292 Κῦρος

119 2327 167 2367 25
192 2314 414 2379 τελευτᾷ,
446 2307 767 2373 βασιλεύσας
797 2310 858 2360 τὰ
888 2307 1050 2361 πάντα
1081 2308 1191 2362 ἑνὸς
1221 2307 1398 2361 δέοντα
1434 2307 1696 2376 τριήκοντα
1725 2309 1853 2360 ἔτεα.

193 2391 350 2444 ἀσκὸν
381 2395 435 2445 δὲ
464 2391 709 2457 πλήσασα
739 2393 943 2458 αἵματος
984 2394 1299 2460 ἀνθρωπηίου
1338 2394 1557 2461 Τόμυρις
1588 2394 1779 2457 ἐδίζητο
1804 2394 1858 2444 ἐν

191 2481 322 2528 τοῖσι
353 2479 590 2528 τεθνεῶσι
618 2482 716 2529 τῶν
747 2475 990 2544 Περσέων
1027 2477 1113 2528 τὸν
1146 2478 1306 2544 Κύρου
1348 2476 1506 2536 νέκυν,
1540 2477 1605 2531 ὡς
1645 2480 1699 2529 δὲ
1729 2477 1854 2544 εὗρε,

252 2625 269 2651 Ι
318 2612 577 2655 ἐπαναπνέειν
622 2613 783 2654 RSV:
826 2617 1070 2656 ἐπαναπλεῖν
1109 2614 1144 2654 Ε
1346 2627 1370 2664 5
1414 2614 1532 2667 τρίτη
1570 2614 1699 2667 μορίδι
1739 2614 1858 2653 CR:

192 2678 260 2735 τρῖ
273 2667 364 2736 μερῖς
381 2681 419 2721 V
437 2697 446 2722 :
474 2683 617 2734 τρίτην
634 2684 774 2737 μερίδα
795 2683 826 2723 S
1043 2685 1070 2721 6
1098 2682 1142 2725 δὲ
1167 2685 1222 2734 μὴ
1247 2686 1378 2724 ταῦτα
1400 2683 1433 2722 C
1449 2684 1482 2722 P
1591 2686 1635 2724 οὐ
1664 2683 1858 2724 EA‘BC:

193 2737 244 2777 σὺ
270 2739 325 2788 μὴ
356 2737 411 2778 S:
453 2738 504 2778 σὺ
533 2738 624 2778 rell.
805 2751 827 2788 7
858 2737 942 2788 τοι]
973 2755 1019 2778 τε
1039 2739 1105 2777 V:
1145 2751 1227 2777 om.
1261 2738 1291 2778 S
1404 2742 1486 2779 τῶν
1512 2738 1604 2777 RV
1713 2739 1793 2789 μήν
1823 2739 1857 2778 L

190 2792 430 2885 31³5&
464 2791 501 2887 ῗι
534 2849 555 2886 a
591 2793 911 2897 pfflm‘mff}
927 2793 1137 2899 {KQ
1178 2794 1342 2885 1¹z⁰v⁷⁷³³
1365 2800 1408 2834 Τ·
1431 2792 1570 2889 {gau
1602 2861 1669 2887 οη,
1718 2794 1859 2888 {²5⁰3

195 2911 244 2948 19
282 2901 344 2941 ἐπ’
376 2874 419 2939 Ρ.
646 2915 701 2942 20
739 2901 986 2956 ἐξετοξεύετο
1019 2902 1058 2940 R
1077 2902 1162 2941 SV
1353 2915 1406 2952 23
1443 2878 1724 2955 περιεγενέατο
1761 2902 1854 2941 ΑΒ

193 2953 227 2992 C
250 2954 284 2992 P
464 2968 516 3006 25
559 2955 649 2998 δέον
685 2955 743 2995 Α1
921 2958 974 2995 26
1019 2955 1264 3008 ἐμπλήσασαι
1304 2956 1338 2994 Ε
1451 2956 1603 3008 ἐδίζετο
1643 2955 1855 2998 ESVR¹

194 3020 403 3059 suprascr.

387 3153 395 3184 ἱ

1900 348 2098 385 &bum-21

1903 465 1929 508 3

1898 884 1986 932 213

1899 1306 1990 1355 214
