1968 3236
694 81 1200 135 PRAEFATIO

192 222 388 275 Restat
448 231 508 275 ut
567 223 800 277 breviter
860 242 1135 291 exponam
1196 244 1330 293 quas
1392 226 1447 277 in
1510 233 1780 295 apparatu

119 309 305 362 critico
345 310 726 362 constituendo
771 319 986 362 secutus
1028 312 1130 363 sim
1179 313 1429 364 rationes,
1509 311 1780 365 Codicum

118 397 296 448 ABR
318 403 378 449 ut
399 397 841 464 gravissimorum
863 399 1156 465 scripturas
1182 416 1354 468 paene
1381 416 1570 452 omnes
1597 397 1777 460 attuli,
1801 426 1804 428 >

117 483 330 536 omissis
357 483 466 536 fere
491 484 556 535 iis
583 483 710 536 solis
730 501 869 552 quae
890 485 1143 538 itacismo
1163 485 1450 539 debentur.
1509 484 1779 538 Codicum

120 571 158 625 S
186 578 241 624 et
267 571 320 624 V
346 571 641 639 scripturas
666 571 962 639 peculiares
988 573 1058 623 ad
1087 571 1448 625 differentiam
1476 590 1615 640 quae
1640 571 1782 624 inter

115 676 209 710 eos
240 665 294 710 et
325 658 569 710 codicem
599 659 650 710 R
678 658 963 711 intercedit
999 658 1437 725 patefaciendam
1473 659 1621 711 haud
1658 675 1781 710 raro

118 745 319 806 notavi,
372 746 529 797 initio
578 745 759 812 operis
811 746 1070 807 maxime,
1121 763 1229 813 quo
1286 745 1497 814 planius
1547 745 1782 814 qualitas

117 832 313 884 horum
355 833 589 884 duorum
629 831 878 884 codicum
919 841 1240 901 appareret3
1293 832 1430 900 siglo
1467 841 1653 886 autem
1696 830 1778 900 (S)

117 921 188 972 ad
235 936 555 971 consensum
600 936 793 985 parum
842 928 1051 971 certum
1098 920 1344 972 codicum
1385 920 1439 971 V
1478 929 1533 972 et
1576 918 1614 971 S
1658 918 1781 971 ideo

117 1008 391 1059 interdum
433 1005 560 1058 us'us
600 1023 738 1068 sum,
778 1023 844 1058 ne
883 1006 1003 1074 quis
1043 1024 1071 1057 e
1109 1005 1323 1058 silentio
1361 1006 1445 1058 vel
1487 1006 1778 1059 Gaisfordii

115 1093 201 1145 vel
249 1111 370 1146 meo
417 1092 609 1145 melius
656 1094 725 1145 de
772 1093 810 1146 S
858 1093 1046 1146 codice
1093 1093 1369 1147 iudicaret.
1467 1093 1780 1162 Scripturas

116 1180 366 1233 codicum
397 1179 439 1231 C
471 1187 524 1232 et
555 1181 594 1230 P
623 1188 683 1231 ut
712 1180 970 1231 minimae
996 1181 1338 1232 auctoritatis
1365 1181 1580 1248 parcius
1606 1180 1779 1244 attuli,

116 1267 192 1319 ita
234 1277 422 1320 tamen
475 1275 536 1319 ut
588 1268 641 1319 in
691 1266 744 1318 ll.
793 1267 942 1318 iii—ix
988 1268 1281 1336 scripturas
1334 1267 1515 1318 adhuc
1564 1267 1779 1336 ignotas

115 1354 315 1406 codicis
363 1354 405 1406 C
456 1354 561 1406 fere
606 1354 915 1422 proferrem.
1010 1353 1175 1421 Quod
1217 1355 1288 1405 ad
1333 1353 1776 1423 orthographiam

116 1440 330 1503 attinet,
376 1441 580 1493 formas
623 1440 912 1492 verborum
964 1458 1103 1507 quae
1155 1440 1208 1490 in
1253 1439 1338 1490 his
1384 1440 1601 1492 duobus
1649 1439 1780 1493 solis
1831 1478 1837 1482 -

116 1537 338 1581 exstant
376 1528 733 1597 praetermisi,
771 1535 831 1579 ut
870 1544 1011 1594 quae
1049 1526 1194 1578 haud
1233 1527 1402 1579 dubie
1441 1535 1777 1579 correcturae

118 1616 470 1683 imputandae
515 1615 641 1679 sint,
686 1614 784 1665 nisi
830 1615 978 1681 quod
1024 1613 1112 1665 hic
1156 1613 1267 1664 illic
1318 1622 1563 1667 monstra
1608 1630 1789 1681 quae-‘

114 1702 244 1754 dam
301 1701 599 1754 formarum
656 1701 898 1768 exempli
960 1718 1122 1754 causa
1181 1701 1400 1767 notavi3
1472 1709 1776 1753 ceterorum

115 1789 361 1841 codicum
428 1788 745 1840 testimonia
807 1787 939 1839 satis
1001 1787 1220 1856 copiose
1284 1788 1521 1850 laudavi,
1554 1795 1644 1858 ‘ut
1704 1787 1774 1840 ad

116 1874 409 1927 dialectum
449 1874 886 1943 investigandam
923 1874 1167 1926 subsidia
1199 1882 1255 1926 et
1287 1874 1535 1943 pleniora
1572 1883 1627 1928 et
1664 1892 1776 1927 cer-

115 1961 255 2014 tiora
286 1963 687 2030 praeberentur.
765 1961 1077 2030 Scripturas
1107 1961 1180 2013 ab
1211 1961 1510 2014 editoribus
1540 1962 1774 2030 superio-

116 2047 262 2100 ribus
326 2048 703 2116 neglegentius
766 2055 1018 2100 enotatas
1081 2047 1390 2116 prolatasve
1453 2049 1774 2117 plerumque

115 2137 312 2188 tacitus
347 2136 577 2189 correxi.
651 2135 907 2187 Aliorum
941 2134 1268 2202 scriptorum
1305 2135 1620 2188 testimonia
1651 2153 1772 2203 gra-

115 2223 336 2274 vissima
387 2239 634 2290 quaeque
685 2221 859 2284 attuli,
910 2238 1018 2288 qua
1067 2222 1122 2272 in
1180 2239 1236 2274 re
1289 2222 1453 2289 spatii
1509 2222 1772 2275 rationem

116 2309 299 2361 habui.
395 2309 609 2360 Eodem
661 2316 872 2377 spectat
923 2307 1072 2374 quod
1124 2307 1455 2360 differentias
1502 2307 1773 2360 scribendi

116 2395 425 2448 huiusmodi
488 2412 920 2447 commemorare
986 2393 1093 2446 fere
1153 2394 1462 2462 supersedi:
1533 2398 1772 2460 θῶυμα-

117 2483 299 2547 θώυμα,
323 2490 546 2533 -εῖ--ει
572 2482 683 2532 dat.
711 2481 863 2556 sing..
884 2479 1021 2532 decl.
1054 2480 1268 2546 tertiae,
1301 2479 1570 2547 ὑπό-ὑπ’,
1594 2479 1775 2547 δέ-δ’,

119 2569 484 2631 οὕτωςε-οὕτω,
511 2568 853 2629 ἐστιυ-ἐστι,
872 2567 1297 2633 ὅμοιος-ὁμοῖος,
1317 2565 1775 2634 Θρηίκη-Θρήκη,

118 2653 629 2721 Θρήικες-Θρῆκες,
691 2651 1198 2724 θυῄσκω-θνήσκω,
1254 2651 1771 2724 θρῴσκω-θρῶσκω,

118 2739 486 2811 σῴζω-σώζω,
514 2743 948 2811 θρῃσκ-θρησκ-,
979 2739 1336 2803 ζώων-ζῶον,
1361 2737 1773 2807 ὀργυιή-ὀργυή,

119 2825 657 2894 εἴρεσθαι-εἰρέσθαι,
683 2824 1128 2894 χρηίζω-χρήζω,
1152 2823 1533 2889 κληίω-κλήω,
1552 2824 1614 2876 τὰ
1638 2824 1774 2876 ἄλλα

119 2914 354 2964 -τᾶλλα
380 2912 696 2981 similiaque.
754 2912 928 2981 Signo
950 2921 1206 2965 accentus
1226 2914 1431 2964 omisso
1453 2911 1778 2979 plerumque

935 3018 964 3046 ³<
