2098 3320
806 54 1187 104 ΙΣΤΟΡΙΩΝ
1247 55 1287 103 Β
1932 54 2098 104 11.12‹

221 189 419 242 σεσθαι.
507 185 564 240 οὗ
592 187 684 254 μὲν
715 184 885 251 οὗδὲὴ
926 186 1174 253 βασιληίη
1220 187 1270 239 ἐς
1315 181 1652 250 Ἀλέξανδρον
1682 180 1892 250 περιήϊε,
1927 208 1955 250 4

159 259 167 264 “
219 274 351 326 ὥστε
396 270 632 341 γέροντος
678 269 908 339 Πριάμου
956 272 1126 324 ἐόντος
1178 269 1254 322 ἐπ’
1308 271 1479 339 ἐκείνῳ
1525 270 1586 320 τὰ
1631 266 1898 336 πρήγματα

180 357 360 417 εἶναι,
415 358 551 410 ἀλλὰ
596 354 797 423 ’Έκτωρ
857 356 936 408 καὶ
990 355 1334 424 πρεσβύτερος
1399 354 1479 406 καὶ
1532 352 1655 420 ἀνὴρ
1707 355 1899 406 ἐκείνου

217 446 416 508 μᾶλλον
466 442 562 493 ἐὼν
613 440 798 506 ἔμελλε
850 439 1002 504 αὐτὴν
1058 438 1290 507 Πριάμου
1344 439 1686 511 ἀποθανόντος
1738 459 1895 505 παρα-

172 551 194 592 5
218 524 532 593 λάμψεσθαι,
555 525 641 577 τὸν
660 524 717 576 οὐ
737 528 959 592 προσῆκε
982 516 1227 577 ἀδικέοντι
1251 529 1318 595 τῷ
1340 525 1572 593 ἀδελφεῷ
1600 522 1895 590 ἐπιτρέπειν,

222 610 301 662 καὶ
331 614 484 662 ταῦτα
519 609 755 678 μεγάλων
794 615 955 662 κακῶν
994 609 1056 661 δι’
1095 609 1244 661 αὐτὸν
1288 609 1674 675 συμβαινόντων
1716 609 1814 681 ἰδίῃ
1844 629 1899 660 τε

221 694 350 766 αὐτῷ
396 695 475 747 καὶ
511 699 645 746 τοῖσι
681 694 889 746 ἄλλοισι
927 697 1053 746 πᾶσι
1091 695 1280 761 Τρωσί.
1374 693 1488 745 ἀλλ’
1526 692 1582 744 οὐ
1621 693 1717 759 γὰρ
1759 693 1898 761 εἶχον
1935 713 1957 760 5

219 778 434 844 Ἑλένην
486 780 757 832 ἀποδοῦναι
816 779 929 831 οὐδὲ
990 778 1200 846 λέγουσι
1264 779 1459 830 αὐτοῖσι
1519 777 1608 842 τὴν
1660 778 1900 843 ἀληθείην

221 865 486 918 ἐπίστευον
524 865 570 916 οἱ
597 862 868 929 ἽΞλληνες,
915 863 979 917 ὡς
1016 866 1105 928 μὲν
1148 865 1246 930 ἐγὼ
1294 864 1497 930 γνώμην
1538 864 1897 929 ἀποφαίνομαι,

147 973 197 1002 ιο
221 953 308 1001 τοῦ
353 950 605 1014 δαιμονίου
652 946 1118 1020 παρασκευάζοντος
1168 949 1292 1001 ὅκως
1343 949 1659 1019 πανωλεθρίῃ
1709 948 1898 999 ἀπολό-

221 1054 363 1100 μενοι
423 1035 704 1100 καταφανὲς
755 1037 902 1085 τοῦτο
956 1037 1091 1084 τοῖσι
1145 1033 1458 1100 ἀνθρώποισι
1511 1031 1779 1097 ποιήσωσι,
1835 1032 1901 1086 ὡς

222 1123 320 1171 τῶν
367 1117 602 1186 μεγάλων
650 1116 967 1183 ἀδικημάτων
1014 1117 1234 1185 μεγάλαι
1290 1118 1391 1169 εἰσὶ
1445 1118 1524 1170 καὶ
1577 1119 1627 1168 αἱ
1673 1117 1902 1183 τιμωρίαι

223 1204 355 1270 παρὰ
385 1207 483 1255 τῶν
515 1205 658 1256 θεῶν.
749 1203 827 1255 καὶ
859 1207 1013 1254 ταῦτα
1043 1205 1134 1268 μὲν
1165 1211 1226 1275 τῇ
1261 1203 1370 1267 ἐμοὶ
1403 1201 1563 1254 δοκέει
1593 1203 1799 1267 εἴρηται.

307 1285 541 1355 Πρωτέος
600 1290 653 1340 δὲ
715 1285 1015 1352 ἐκδέξασθαι
1073 1286 1162 1351 τὴν
1223 1288 1504 1353 βασιληίην
1565 1286 1899 1353 Ῥαμψίνιτον
1939 1303 2019 1339 121

151 1395 197 1436 15
223 1371 418 1440 ἔλεγον,
471 1370 526 1426 ὃς
582 1372 878 1439 μνημόσυνα
938 1373 1141 1425 ἐλίπετο
1201 1373 1262 1423 τὰ
1321 1373 1606 1439 προπύλαια
1664 1373 1726 1422 τὰ
1778 1370 1901 1438 πρὸς

224 1455 445 1523 ἑσπέρην
474 1456 786 1524 τετραμμένα
816 1461 903 1508 τοῦ
933 1455 1288 1525 εΗφαιστείου,
1325 1457 1522 1511 ἀντίους
1559 1459 1612 1509 δὲ
1648 1461 1746 1509 τῶν
1776 1478 1895 1523 προ-

224 1542 448 1594 πυλαίων
483 1541 673 1607 ἔστησε
713 1540 1010 1609 ἀνδριάντας
1052 1542 1152 1601 δύο,
1190 1543 1362 1595 ἐόντας
1404 1541 1460 1594 τὸ
1495 1540 1712 1610 μέγαθος
1752 1540 1901 1593 πέντε

226 1626 305 1678 καὶ
353 1627 515 1678 ε’ίκοσι
561 1625 783 1695 πήχεων,
831 1631 929 1679 τῶν
980 1627 1246 1694 Αἰγύπτιοι
1293 1625 1380 1678 τὸν
1427 1629 1519 1692 μὲν
1567 1625 1687 1693 πρὸς
1732 1625 1900 1693 βορέω

225 1713 447 1763 ἑστεῶτα
489 1710 727 1763 καλ“έουο·ι
767 1710 924 1778 θέρος,
959 1711 1047 1764 τὸν
1088 1714 1141 1764 δὲ
1180 1711 1301 1778 πρὸς
1343 1712 1492 1764 νότον
1533 1717 1772 1780 χειμῶνα·
1821 1711 1899 1763 καὶ

150 1817 201 1846 20
224 1794 312 1848 τὸν
354 1797 448 1861 μὲν
494 1795 732 1848 καλέουσι
778 1794 936 1863 θέρος,
972 1801 1145 1848 τοῦτον
1186 1799 1276 1862 μὲν
1315 1783 1685 1863 προσκυνέουσί
1725 1817 1777 1848 τε
1818 1796 1900 1848 ’καὶ

208 1880 279 1932 εὖ
308 1878 551 1939 ποιέουσι,
577 1879 664 1933 τὸν
695 1883 747 1933 δὲ
780 1885 1002 1949 χειμῶνα
1036 1881 1340 1946 καλεόμενον
1372 1883 1433 1932 τὰ
1465 1880 1680 1946 ἔμπαλιν
1711 1880 1900 1932 τούτων

226 1955 443 2030 ἔρδουσι.
531 1969 751 2017 πλοῦτον
782 1968 835 2017 δὲ
866 1965 1023 2035 τούτῳ
1062 1971 1128 2035 τῷ
1167 1965 1381 2031 βασιλέϊ
1413 1965 1653 2032 γενέσθαι
1683 1965 1899 2032 ἀργύρου
1937 1987 1969 2013 α

225 2047 402 2116 μέγαν,
449 2048 536 2101 τὸν
583 2048 759 2101 οὐδένα
807 2055 905 2101 τῶν
952 2051 1163 2117 ὕστερον
1213 2050 1591 2117 ἐπιτραφέντων
1636 2047 1900 2115 βασιλέων

228 2133 472 2186 δύνασθαι
517 2131 898 2201 ὑπερβαλέσθαι
950 2134 1052 2186 οὐδ’
1106 2134 1255 2202 ἐγγὺς
1310 2137 1493 2187 ἐλθεῖν.
1582 2136 1900 2200 βουλόμενον

153 2245 200 2287 25
228 2220 282 2270 δὲ
332 2217 480 2270 αὐτὸν
532 2220 586 2271 ἐν
639 2219 897 2290 ἀσφαλείῃ
948 2221 1010 2270 τὰ
1062 2218 1293 2288 χρήματα
1344 2220 1658 2287 θησαυρίζειν
1707 2221 1896 2271 οἰκοδο-

226 2299 439 2367 μέεσθαι
485 2304 665 2368 οἴκημα
707 2304 916 2362 λίθινον,
966 2308 1053 2355 τοῦ
1096 2309 1195 2356 τῶν
1239 2305 1424 2372 τοίχων
1475 2305 1564 2357 ἕνα
1609 2307 1658 2358 ἐς
1702 2303 1759 2356 τὸ
1802 2303 1898 2368 ἔξω

225 2384 372 2454 μέρος
402 2390 489 2452 τῆς
519 2388 674 2452 οἰκίης
706 2388 856 2455 ἔχειν.
935 2392 1021 2440 τόν
1052 2391 1107 2441 δὲ
1138 2389 1474 2456 ἐργαζόμενον·
1501 2388 1901 2455 ἐπιβουλεύοντα

226 2469 345 2524 τάδε
383 2474 723 2540 μηχανᾶσθαι·
769 2477 867 2524 τῶν
911 2473 1067 2528 λίθων
1107 2473 1596 2540 παρασκευάσασθαι
1636 2474 1725 2525 ἕνα
1765 2471 1897 2537 ἐξαι-

224 2554 370 2622 ρετὸν
401 2556 526 2609 εἶναι
564 2558 618 2608 ἐκ
654 2561 740 2608 τοῦ
778 2557 950 2624 τοίχου
985 2558 1184 2624 ῥηιδίως
1224 2558 1302 2610 καὶ
1334 2557 1430 2610 ὑπὸ
1467 2558 1552 2609 δύο
1596 2558 1786 2623 ἀνδρῶν
1818 2556 1900 2609 καὶ

254 2707 305 2733 .2
334 2692 557 2736 fm'RSV
694 2699 696 2701 ’
752 2706 778 2743 3
810 2694 1246 2737 ἆλλὰκαὶ”Ε.Κ5ν
1390 2694 1896 2749 καὶ..ἆνὴροῐη.ΑΒΟ

225 2762 251 2798 4
281 2748 622 2803 παραλάμψασθαι
653 2749 687 2788 C
701 2749 731 2789 S
745 2747 784 2788 V
803 2764 812 2790 :
852 2750 1159 2804 παραλάψεσθαι
1189 2752 1217 2790 d
1439 2753 1468 2790 6
1502 2751 1570 2804 τε]
1600 2768 1648 2792 τε
1668 2751 1734 2791 καὶ
1754 2749 1795 2788 Α
1810 2750 1845 2788 Β
1861 2750 1897 2789 C

227 2816 250 2852 7
281 2805 401 2846 ἄλλοι
423 2804 462 2843 R
554 2809 558 2812 ’
633 2817 683 2844 10
711 2813 855 2846 πανολ.
879 2805 918 2844 V
1088 2818 1135 2856 13
1167 2807 1253 2856 ἐμοὶ
1282 2819 1364 2846 om.
1391 2804 1531 2846 RSV
1703 2818 1751 2855 14
1784 2807 1893 2857 Ῥαψ.

227 2857 318 2898 RV
339 2858 478 2909 (-ητον
495 2858 535 2898 V
549 2859 599 2906 S)
789 2863 839 2900 16
868 2860 1111 2913 Ἠφαιστίου
1131 2858 1171 2899 Α
1185 2861 1220 2900 Β
1237 2861 1275 2900 C
1419 2864 1424 2869 '
1460 2874 1512 2912 19
1541 2862 1614 2903 τὸν
1634 2860 1677 2902 δὲ
1694 2890 1704 2900 .
1725 2890 1734 2900 .
1755 2891 1764 2901 .
1786 2858 1896 2913 θέρος

224 2926 307 2952 om.
334 2913 368 2952 B
385 2914 419 2953 P
551 2915 616 2956 καὶ
633 2943 643 2954 .
664 2943 673 2954 .
697 2945 706 2955 .
724 2919 906 2967 χειμῶνα
930 2915 1019 2968 (21)
1041 2928 1122 2956 om.
1149 2914 1188 2955 R
1205 2917 1235 2957 S
1249 2917 1288 2956 V
1487 2929 1540 2967 23
1572 2917 1634 2958 ἔτι
1653 2915 1896 2970 γραφέντων

228 2967 268 3006 R
283 2967 366 3007 SV
529 2981 582 3020 24
614 2969 946 3023 ὑπερβαλλέσθαι
967 2971 1006 3009 V
1398 2975 1410 2983 “
1568 3000 1571 3004 ,
1614 3005 1623 3008 .
