2098 3320
823 124 1203 173 ΙΣΤΟΡΙΩΝ
1264 126 1304 173 Β

233 278 292 328 κῃ
316 257 555 321 κείμενος,
581 255 659 307 καὶ
683 256 734 309 ἐς
756 259 901 307 τοῦτο
925 254 981 307 τὸ
1006 256 1191 323 χωρίον
1216 253 1371 319 ἦλθον
1391 255 1762 320 πυνθανόμενος
1784 256 1896 322 περὶ

229 345 328 392 τῶν
351 344 612 407 πτερωτῶν
636 340 812 407 ὀφίων.
888 339 1187 404 ἀπικόμενος
1218 342 1270 391 δὲ
1299 337 1431 391 εἶδον
1455 337 1609 391 ὀστέα
1632 339 1793 407 ὀφίων
1817 340 1897 392 καὶ

229 423 445 478 ἀκάνθας
476 422 658 488 πλήθεϊ
686 425 777 488 μὲν
814 423 1031 475 ἀδύνατα
1067 421 1445 490 ἀπηγήσασθαι,
1482 424 1635 490 σωροὶ
1673 425 1727 475 δὲ
1762 421 1895 487 ἦσαν

227 513 326 560 τῶν
356 506 608 560 ἀκανθέων
641 507 719 559 καὶ
750 507 963 574 μεγάλοι
997 508 1076 559 καὶ
1111 505 1463 573 ὑποδεέστεροι
1501 507 1580 558 καὶ
1615 506 1897 562 ἐλάσσονες

1942 127 2006 177 ΙΙ.
2027 137 2094 192 75

180 617 202 657 5
228 591 301 644 ἔτι
332 592 535 650 τούτων,
567 591 752 643 πολλοὶ
784 594 834 643 δὲ
868 590 998 656 ἦσαν
1032 592 1182 643 οὗτοι.
1259 592 1369 643 ἔστι
1401 593 1454 643 δὲ
1485 591 1511 641 ὁ
1541 596 1705 660 χῶρος
1736 591 1893 651 οὗτος,
1928 611 1954 642 2

228 679 283 729 ἐν
326 681 391 746 τῷ
437 678 487 728 αἱ
538 674 746 728 ἄκανθαι
792 676 1170 744 κατακεχύαται,
1219 676 1420 727 τοιόσδε
1463 696 1553 728 τις·
1601 675 1796 744 ἐσβῃολῆ
1841 673 1901 740 ἐξ
1929 687 2070 749 pm

228 759 383 826 ὀρέων
414 764 624 812 στεινῶν
657 762 706 813 ἐς
737 761 909 812 πεδίον
942 759 1086 827 μέγα,
1114 759 1170 811 τὸ
1202 762 1256 812 δὲ
1287 761 1456 813 πεδίον
1480 764 1624 811 τοῦτο
1657 758 1896 812 συνάπτει

228 850 296 915 τῷ
329 844 580 914 Αἰγυπτίῳ
613 845 779 913 πεδίῳ.
857 844 1012 910 λόγος
1036 842 1090 895 δέ
1122 845 1232 895 ἐστι
1265 843 1366 909 ἅμα
1389 849 1454 913 τῷ
1481 844 1586 911 ἔαρι
1617 845 1895 910 πτερωτοὺς

228 931 346 996 ὄφις
381 930 434 979 ἐκ
475 930 562 992 τῆς
594 927 838 995 Ἀραβίης
877 925 1116 980 πέτεσθαι
1155 927 1232 980 ἐπ’
1275 929 1544 995 Αἰγύπτου,
1577 930 1664 981 τὰς
1701 930 1753 980 δὲ
1790 930 1895 994 ἴβις

156 1036 205 1065 10
228 1013 316 1067 τὰς
339 1014 539 1079 ὄρνιθας
576 1012 877 1066 ἀπαντώσας
917 1014 967 1066 ἐς
1002 1011 1092 1077 τὴν
1131 1011 1360 1077 ἐσβολὴν
1395 1012 1573 1076 ταύτης
1607 1015 1693 1076 τῆς
1729 1012 1895 1079 χώρης

1932 867 1958 910 3

228 1096 286 1148 οὐ
316 1094 544 1164 παριέναι
573 1096 688 1150 τοὺς
717 1098 833 1163 ὄφις
866 1097 1000 1148 ἀλλὰ
1034 1097 1383 1149 κατακτείνειν.
1462 1096 1539 1147 καὶ
1570 1095 1659 1160 τὴν
1681 1095 1790 1162 ἶβιν
1813 1098 1892 1148 διὰ
1928 1118 1956 1161 4

228 1185 373 1233 τοῦτο
403 1179 460 1233 τὸ
490 1181 636 1248 ἔργον
667 1183 962 1246 τετιμῆσθαι
992 1177 1203 1248 λέγουσι
1235 1179 1470 1246 Ἀράβιοι
1504 1179 1735 1247 μεγάλως
1771 1180 1894 1247 πρὸς

230 1266 530 1332 Αἰγυπτίων·
577 1262 910 1331 ὁμολογέουσι
947 1267 1000 1316 δὲ
1042 1264 1120 1316 καὶ
1154 1264 1416 1331 Αἰγύπτιοι
1451 1266 1531 1316 διὰ
1562 1268 1713 1316 ταῦτα
1746 1267 1893 1330 τιμᾶν

228 1350 317 1403 τὰς
349 1351 546 1418 ὄρνιθας
575 1349 770 1403 ταύτας.
848 1347 977 1402 εἶδος
1008 1351 1061 1401 δὲ
1090 1350 1178 1413 τῆς
1213 1350 1305 1413 μὲν
1335 1350 1469 1413 ’ίβιος
1505 1349 1634 1400 τόδε·
1678 1345 1892 1414 μέλαινα

157 1457 200 1497 ¹5
229 1437 400 1488 δεινῶς
439 1436 596 1492 πᾶσα,
641 1430 829 1484 σκέλεα
868 1435 922 1485 δὲ
964 1429 1137 1500 φορέει
1178 1431 1403 1500 γεράνου,
1437 1433 1709 1500 πρόσωπον
1750 1435 1803 1485 δὲ
1842 1435 1893 1486 ἐς

1928 1352 1996 1415 76

0 1517 288 1584 ώδϋυθτὰ
326 1516 550 1584 μάλιστα
593 1518 880 1585 ἐπίγρυπον,
921 1514 1140 1584 μέγαθος
1179 1517 1304 1569 ὅσον
1346 1515 1475 1584 κρέξ.
1565 1522 1664 1569 τῶν
1685 1519 1794 1582 ’μὲν
1834 1516 2098 1581 &pm

227 1601 505 1667 μελαινέων
534 1606 632 1653 τῶν
661 1600 960 1669 μαχομένων
998 1601 1120 1669 πρὸς
1150 1601 1263 1654 τοὺς
1300 1602 1417 1667 ὄφις
1448 1601 1534 1666 ἥδε
1566 1600 1686 1666 ἰδέη,
1718 1605 1818 1653 τῶν
1847 1601 1891 1653 δ’

153 1700 175 1747 ².
229 1674 289 1738 ἐν
312 1686 435 1739 ποσὶ
465 1689 663 1752 μᾶλλον
693 1685 990 1753 εἷλε-υμένων
1021 1689 1156 1738 τοῖσι
1194 1686 1499 1751 ἀνθρώποισι
1527 1683 1675 1752 (διξαὶ
1705 1687 1801 1752 γὰρ
1831 1684 1890 1750 δή

228 1771 329 1822 εἰσι
368 1766 519 1836 ἴβιες)
546 1770 648 1834 ἥδε·
693 1769 825 1836 ψιλὴ
865 1768 956 1833 τὴν
993 1769 1224 1837 κεφαλὴν
1261 1770 1340 1821 καὶ
1375 1769 1465 1833 τὴν
1501 1769 1666 1837 δειρὴν
1701 1772 1886 1828 πᾶσαν,

155 1877 203 1905 20
226 1854 376 1919 λευκὴ
409 1858 638 1921 πτεροῖσι
673 1853 806 1918 πλὴν
845 1857 1070 1921 κεφαλῆς
1108 1855 1185 1906 καὶ
1217 1849 1336 1920 [τοῦ]
1367 1852 1576 1921 αὐχένος
1614 1854 1690 1905 καὶ
1726 1852 1889 1921 ἄκρων

0 1945 85 1993 U
227 1943 337 1990 τῶν
365 1939 622 2005 πτερύγων
664 1939 742 1989 καὶ
783 1942 870 1989 τοῦ
913 1938 1122 2005 πυγαίου
1161 1937 1310 2005 ἄκρου
1345 1936 1516 2003 (ταῦτα
1556 1939 1606 1989 δὲ
1647 1939 1709 1989 τὰ
1749 1936 1891 1990 εἶπον

227 2021 388 2074 πάντα
410 2021 622 2087 μέλαινά
646 2023 756 2073 ἐστι
777 2019 980 2085 δεινῶς),
1004 2021 1188 2074 σκέλεα
1209 2024 1260 2073 δὲ
1281 2023 1360 2074 καὶ
1381 2022 1652 2087 πρόσωπον
1671 2021 1892 2089 ἐμφερὴς

0 2113 287 2178 ..tm-ors}
318 2106 475 2178 ἑτέρῃ.
542 2111 629 2157 τοῦ
659 2108 711 2157 δὲ
736 2107 883 2173 ὄφιος
908 2106 937 2170 ἡ
962 2105 1130 2172 μορφὴ
1156 2107 1232 2170 οἵη
1259 2127 1351 2173 περ
1374 2110 1472 2158 τῶν
1494 2107 1668 2172 ὕδρων.
1737 2106 1891 2170 πτίλα

1931 2111 2098 2167 3νυῦυκ

0 2191 194 2256 Μ
227 2192 279 2242 δὲ
312 2190 369 2241 οὗ
405 2192 630 2263 πτερωτὰ
662 2188 849 2257 φορέει,
890 2190 1024 2241 ἀλλὰ
1058 2194 1191 2241 τοῖσι
1225 2193 1312 2255 τῆς
1349 2190 1628 2257 νυκτ-ερίδος
1663 2194 1892 2257 πτεροῖσι
1927 2191 2067 2238 *νο-ξ’»

152 2297 198 2336 25
224 2273 447 2339 μάλιστά
485 2296 543 2346 κῃ
580 2273 945 2342 ἐμφερέστατα.
1024 2279 1242 2326 τοσαῦτα
1277 2275 1368 2338 μὲν
1406 2275 1587 2341 θηρίων
1623 2274 1737 2342 πέρι
1774 2277 1892 2342 ἱρῶν

227 2357 458 2425 εἰρήσθω.

308 2443 480 2495 Αὐτῶν
520 2445 573 2495 δὲ
618 2442 676 2507 δὴ
722 2445 1008 2510 Αἰγυπτίων
1039 2443 1085 2495 οἳ
1129 2447 1221 2509 μὲν
1266 2444 1377 2512 περὶ
1421 2442 1510 2508 τὴν
1557 2441 1891 2515 σπειρομένην

281 2592 299 2619 Ι
331 2581 419 2633 περὶ
438 2593 520 2620 om.
546 2580 581 2620 P
596 2579 634 2618 R
651 2579 681 2620 S
694 2579 732 2619 V
842 2593 867 2618 2
896 2585 1113 2635 πτερωτῶν
1132 2595 1215 2622 om.
1236 2582 1275 2621 A
1290 2582 1325 2621 B
1342 2582 1375 2622 C
1472 2581 1734 2633 ἆπικνόμενος
1755 2581 1795 2621 R
1810 2580 1840 2620 S
1853 2581 1892 2619 V

224 2637 332 2677 εἶδον
352 2636 385 2675 C
405 2650 415 2675 t
442 2638 528 2676 ἴδον
547 2635 637 2674 rell.
819 2650 844 2685 4
874 2639 958 2677 τῶν
976 2650 1057 2676 om.
1086 2637 1119 2675 P
1133 2637 1171 2675 R
1187 2637 1217 2675 S
1231 2638 1267 2675 V
1390 2637 1609 2688 ἀκανθέων]
1634 2639 1733 2676 θεῶν
1752 2635 1791 2673 Α
1807 2635 1841 2674 Β
1856 2635 1890 2674 C

223 2693 250 2729 6
294 2694 338 2732 ἐν
367 2689 398 2742 ᾧ
428 2690 514 2729 PR
531 2689 614 2730 SV
779 2690 1108 2742 κατακεχύδαται
1140 2691 1174 2730 Ρ
1189 2692 1227 2730 R
1243 2691 1324 2730 SV
1528 2704 1549 2740 7
1591 2691 1732 2740 στεινὴ
1764 2689 1888 2728 Stein

223 2746 248 2783 8
277 2744 342 2798 ἦρι
364 2745 397 2784 C
540 2757 590 2784 10
617 2744 774 2793 ταύτην
795 2745 917 2784 Stein
1080 2758 1128 2795 14
1157 2745 1232 2796 μὲν
1252 2759 1334 2787 om.
1362 2747 1395 2785 C
1549 2760 1596 2796 17
1625 2744 1892 2798 μαχομενέων

224 2799 351 2839 PSV
546 2812 596 2850 19
624 2800 697 2848 ἥδε
718 2800 1107 2850 Schweighaeuser
1126 2815 1135 2840 :
1165 2801 1189 2849 ἡ
1212 2800 1253 2839 Α
1268 2801 1302 2839 Β
1320 2802 1353 2840 C
1372 2816 1382 2842 ε
1412 2815 1492 2843 om.
1516 2802 1604 2842 rell.
1763 2800 1891 2850 ψιλὴν

224 2854 316 2893 RV
491 2867 546 2894 20
586 2871 635 2896 τε
671 2856 738 2897 καὶ
775 2854 897 2895 Theo
937 2867 1056 2904 prog.
1098 2867 1178 2905 242
1307 2861 1381 2898 τοῦ
1419 2871 1502 2897 orn.
1548 2857 1580 2895 P
1595 2857 1634 2895 R
1650 2854 1732 2896 SV
1768 2854 1889 2893 Theo

223 2921 273 2948 21
313 2913 386 2950 τοῦ
418 2922 500 2950 om.
540 2909 727 2950 PRSV
919 2921 972 2948 22
1011 2909 1185 2961 μέλαινά
1213 2910 1247 2951 C
1268 2907 1293 2952 :⁸
1314 2911 1467 2963 μέλενά
1498 2911 1568 2951 R:
1607 2908 1764 2962 μέλανά
1793 2907 1885 2949 ΓέΙΙ.

222 2975 273 3013 24
303 2963 431 3015 τοῖσι]
452 2967 548 3015 τῆσι
570 2964 662 3004 RV

278 3051 378 3088 κοτ’.
396 3061 424 3088 1.
1672 3053 1722 3092 11

1929 2454 2098 2506 7724:
