2098 3320
82 115 172 163 111.
198 127 292 176 140

956 111 1385 160 ΗΡΟΔΟΤΟΎ

333 267 386 297 τε
419 246 491 310 ε’ίη
526 244 604 296 καὶ
635 245 685 296 τί
713 241 928 308 ποιήσας
960 241 1219 310 εὐεργέτης
1243 243 1373 310 φησὶ
1405 242 1530 295 εἶναι
1560 241 1822 308 βασιλέος.
1887 242 1995 297 εἶπε

301 340 303 343 ’
335 327 402 381 ὧν
439 329 465 380 6
503 333 744 380 Συλοσῶν
781 326 942 380 πάντα
985 330 1046 379 τὰ
1087 328 1198 395 περὶ
1242 326 1332 392 τὴν
1371 328 1587 396 χλανίδα
1627 327 1870 394 γενόμενα
1916 327 1994 380 καὶ

271 432 298 474 4

224 1276 303 1324 141

201 1693 303 1743 >142

338 414 401 467 ὡς
451 412 596 466 αὐτὸς
648 414 721 478 εἵη
772 416 932 466 κεῖνος
984 413 1011 462 6
1061 412 1190 465 δούς.
1280 412 1544 478 ἀμείβεται
1593 417 1715 479 πρὸς
1765 416 1918 463 ταῦτα
1968 412 1995 462 6

340 502 568 564 Δαρεῖος·
622 495 697 547 ςΩ
741 497 1062 563 γενναιότατε
1107 497 1314 563 ἀνδρῶν,
1362 496 1426 548 σὺ
1471 500 1630 550 κεῖνος
1675 496 1744 549 εἲς
1789 495 1843 550 ὃς
1887 496 1994 562 ἐμοὶ

339 582 567 645 οὐδεμίαν
611 580 784 649 ἔχοντί
826 603 891 632 κω
937 581 1142 646 δύναμιν
1187 581 1387 640 ἔδωκας,
1432 582 1474 632 εἰ
1519 580 1598 632 καὶ
1642 579 1841 647 σμικρά,
1879 579 1994 633 ἀλλ’
2018 605 2041 646 5

339 664 405 717 ὧν
437 667 522 730 ἴση
553 686 612 732 γε
641 666 670 730 ἡ
702 664 846 733 χάρις
878 665 1058 730 ὁμοίως
1084 665 1148 720 ὡς
1180 667 1222 718 εἰ
1253 670 1338 717 νῦν
1364 664 1507 717 κοθέν
1531 686 1578 717 τι
1607 664 1736 733 μέγα
1765 664 1992 731 λάβοιμι.

339 749 442 801 ἀντ’
489 751 558 801 ὧν
602 771 678 802 τοι
722 750 912 817 χρυσὸν
959 750 1038 801 καὶ
1081 749 1292 817 ἄργυρον
1335 748 1553 803 ἄπλετον
1594 750 1780 815 δίδωμι,
1824 749 1889 803 ὡς
1927 748 1993 815 μή

341 834 452 886 κοτέ
481 855 557 886 τοι
586 832 910 905 μεταμελήσῃ
937 839 1152 900 Δαρεῖον
1176 834 1263 886 τὸν
1292 833 1610 888 Ὑστάσπεος
1633 834 1685 886 εὖ
1709 832 1989 898 ποιήσαντι.

339 916 478 986 λέγει
527 918 650 985 πρὸς
701 922 854 970 ταῦτα
905 921 931 969 ὁ
954 952 963 958 -
990 923 1249 971 Συλοσῶν·
1317 918 1461 984 Ἐμοὶ
1518 917 1641 984 μήτε
1698 919 1904 987 χρυσόν,
1957 915 1995 969 ὦ

340 1007 573 1068 βασιλεῦ,
606 1001 728 1068 μήτε
760 1002 973 1070 ἄργυρον
1009 1005 1159 1062 δίδου,
1194 1003 1308 1055 ἀλλ’
1340 1002 1733 1069 ἀνασωσάμενός
1761 1024 1846 1068 μοι
1874 998 1994 1071 [δὸς]
2022 1026 2071 1056 10

340 1088 431 1152 τὴν
477 1088 686 1154 πατρίδα
732 1086 918 1153 Σάμον,
968 1088 1058 1153 τὴν
1103 1093 1190 1141 νῦν
1239 1089 1486 1156 ἀδελφεοῦ
1529 1092 1614 1139 τοῦ
1661 1089 1779 1153 ἐμοῦ
1825 1090 1992 1139 Πολυ-
2074 1079 2078 1083 ”

343 1171 545 1239 κράτεος
586 1173 924 1226 ἀποθανόντος
963 1173 1057 1225 ὑπὸ
1095 1171 1332 1240 Ὀροίτεω
1376 1173 1482 1240 ἔχει
1525 1176 1701 1226 δοῦλος
1744 1170 1993 1239 ἡμέτερος,

340 1257 520 1322 ταύτην
550 1278 634 1322 μοι
665 1256 747 1312 δὸς
777 1256 894 1309 ἄνευ
923 1278 976 1310 τε
1007 1258 1165 1324 φόνου
1197 1257 1274 1309 καὶ
1305 1256 1762 1324 ἐξανδραποδίσιος.
1845 1260 1998 1309 ταῦτα

342 1341 558 1396 ἀκούσας
607 1346 821 1408 Δαρεῖος
868 1341 1154 1394 ἀπέστελλε
1202 1340 1438 1409 στρατιήν
1485 1363 1538 1393 τε
1586 1341 1665 1393 καὶ
1718 1339 1997 1410 στρατηγὸν

342 1425 560 1478 Ὀτάνεα
600 1427 791 1493 ἀνδρῶν
829 1431 927 1478 τῶν
968 1428 1091 1479 ἑπτὰ
1134 1427 1417 1494 γενόμενον,
1456 1424 1818 1490 ἐντειλάμενος,
1860 1425 1996 1477 ὅσων
2023 1449 2070 1490 15

341 1509 515 1575 ἐδεήθη
559 1511 584 1560 6
630 1514 884 1569 Συλοσῶν,
926 1510 1079 1562 ταῦτά
1120 1514 1166 1563 οἱ
1208 1509 1394 1562 ποιέειν
1438 1510 1684 1562 ἐπιτελέα.
1775 1510 1997 1575 καταβὰς

341 1598 395 1647 δὲ
444 1596 524 1647 ἐπὶ
573 1594 662 1659 τὴν
709 1594 978 1647 θάλασσαν
1024 1597 1049 1645 6
1095 1594 1309 1660 Ὀτάνης
1354 1594 1567 1647 ἔστελλε
1608 1594 1700 1659 τὴν
1744 1588 1995 1661 στρατιήν.

341 1683 427 1744 τῆς
472 1681 524 1732 δὲ
571 1679 737 1745 Σάμου
783 1679 1090 1746 Μαιάνδριος
1136 1682 1161 1730 6
1202 1681 1510 1746 Μαιανδρίου
1556 1678 1661 1747 εἶχε
1703 1678 1760 1731 τὸ
1805 1676 1995 1746 κράτος,

343 1765 666 1831 ἐπιτροπαίην
718 1767 850 1831 παρὰ
904 1763 1254 1831 Πολυκράτεος
1304 1764 1483 1829 λαβὼν
1539 1763 1629 1828 τὴν
1686 1762 1863 1832 ἀρχήν·
1929 1766 1997 1832 τῷ

342 1847 630 1918 δικαιοτάτῳ
684 1849 874 1915 ἀνδρῶν
932 1848 1225 1918 βουλομένῳ
1285 1847 1523 1916 γενέσθαι
1580 1847 1666 1900 οὐκ
1724 1845 1995 1914 ἐξεγένετο.
2023 1868 2073 1896 20

343 1932 512 1997 ἐπειδὴ
554 1932 648 2000 γάρ
690 1935 736 1985 οἱ
781 1932 1058 2001 ἐξαγγέλθη
1106 1935 1132 1983 6
1173 1932 1522 1999 Πολυκράτεος
1565 1931 1791 1991 θάνατος,
1834 1932 1998 1983 ἐποίεε

342 2016 523 2069 τοιάδε·
570 2022 740 2085 πρῶτα
776 2020 867 2083 μὲν
912 2017 1034 2071 Διὸς
1076 2017 1389 2085 Ἐλευθερίου
1428 2016 1604 2082 βωμὸν
1646 2014 1997 2083 ἱδρύσατο’καὶ

341 2101 544 2168 τέμενος
584 2102 696 2170 περὶ
736 2102 885 2154 αὐτὸν
927 2103 1098 2168 οὔρισε
1137 2106 1280 2153 τοῦτο
1316 2101 1371 2153 τὸ
1412 2106 1498 2153 νῦν
1538 2104 1592 2153 ἐν
1634 2106 1702 2171 τῷ
1733 2100 1996 2169 -προαστίῳ

343 2188 470 2238 ἐστί·
533 2188 658 2252 μετὰ
709 2185 778 2245 δέ,
834 2186 898 2239 ὥς
949 2189 996 2238 οἱ
1049 2187 1328 2251 ἐπεποίητο,
1380 2187 1650 2251 ἐκκλησίην
1703 2185 1998 2252 συναγείρας
2093 2253 2098 2256 ⁴

342 2270 540 2322 πάντων
575 2275 672 2322 τῶν
712 2272 879 2322 ἀστῶν
920 2270 1060 2335 ἔλεξε
1100 2269 1232 2322 τάδε·
1279 2270 1441 2336 Ἐμοί,
1476 2270 1540 2323 ὡς
1575 2271 1687 2322 ἵστε
1724 2269 1803 2320 καὶ
1840 2269 1993 2334 ὑμεῖς,
2022 2288 2070 2330 ²5

344 2357 598 2421 σκῆπτρον
635 2355 712 2407 καὶ
750 2355 952 2420 δύναμις
988 2358 1128 2407 πᾶσα
1167 2355 1196 2420 ἡ
1244 2353 1589 2421 Πολυκράτεος
1633 2352 1995 2421 ἐπιτέτραπται,

344 2441 428 2491 καί
463 2460 547 2504 μοι
585 2438 792 2508 παρέχει
838 2443 923 2491 νῦν
963 2438 1125 2504 ὑμέων
1169 2438 1357 2507 ἄρχειν·
1405 2439 1502 2505 ἐγὼ
1543 2440 1597 2490 δὲ
1636 2439 1695 2489 τὰ
1738 2442 1805 2506 τῷ
1842 2435 1998 2488 πέλας

400 2590 416 2615 1
450 2576 686 2629 φήσειαν
814 2589 840 2626 3
869 2575 941 2615 alt.
967 2579 1089 2616 (som.
1114 2576 1351 2616 ABCEP
1480 2589 1505 2626 4
1536 2575 1610 2627 εῑς]
1635 2574 1998 2617 εῑΑΒοΕΡει

341 2631 367 2681 ἦ
391 2632 429 2670 R
443 2633 482 2672 V
643 2634 670 2671 6
700 2631 843 2682 ὁμοίως
863 2633 914 2672 ὣς
933 2643 1014 2671 om.
1043 2631 1081 2669 R
1100 2632 1130 2671 S
1145 2631 1182 2670 V
1349 2643 1371 2679 7
1402 2631 1486 2671 ἀνθ’
1508 2630 1542 2669 L
1655 2631 1832 2681 ἄπλετον
1855 2642 1940 2669 om.
1963 2628 1997 2668 E

341 2689 368 2726 8
410 2704 450 2728 τι
493 2688 530 2726 R
660 2687 938 2738 μεταμελήσει
978 2685 1018 2724 Α
1035 2685 1069 2724 Β
1089 2686 1123 2725 C
1156 2686 1315 2737 (κατα·)
1351 2685 1385 2724 Ρ
1404 2699 1414 2724 :
1457 2701 1539 2726 -σοι
1577 2684 1610 2723 E
1739 2684 1996 2734 εὐποιήσαντι

343 2742 434 2781 RV
658 2753 708 2780 10
750 2742 816 2783 δὸς
850 2753 931 2780 orn.
971 2740 1103 2781 ESV
1325 2753 1368 2779 11
1402 2743 1476 2781 τοῦ
1513 2753 1596 2780 om.
1634 2739 1714 2778 SV
1848 2742 1925 2791 μοῦ
1961 2738 1997 2777 Ε

345 2809 393 2845 13
417 2795 571 2846 ταύτην
588 2827 596 2836 .
617 2826 627 2835 .
650 2826 658 2834 .
677 2795 1023 2849 ἐξανδραποδίσιος
1037 2808 1121 2835 om.
1139 2795 1177 2834 R
1193 2795 1222 2835 S
1234 2796 1273 2835 V
1359 2812 1407 2835 τε
1423 2807 1503 2834 om.
1523 2794 1557 2833 E
1673 2807 1720 2844 14
1741 2792 1947 2835 ἆπέστελε
1962 2793 1996 2831 C

345 2853 395 2890 16
425 2854 446 2892 ὁ
466 2863 545 2889 om.
568 2850 607 2889 A
622 2849 657 2889 B
673 2850 707 2889 C
836 2852 884 2889 18
914 2851 1138 2904 Μαίανδρος
1159 2850 1208 2897 Ο,
1304 2853 1324 2890 ὁ
1346 2862 1426 2890 om.
1453 2849 1486 2888 P
1501 2849 1540 2888 R
1557 2849 1586 2888 S
1600 2849 1638 2888 V
1762 2860 1811 2899 19
1842 2851 1997 2902 ἐπιτρο-

341 2905 453 2947 πέειν
471 2905 511 2944 Α
526 2905 561 2944 Β
582 2919 591 2945 :
622 2904 895 2959 ἐπιτροπεύειν
916 2905 950 2944 C
968 2905 1002 2944 P
1125 2917 1176 2954 23
1207 2904 1433 2959 προαστείῳ
1455 2904 1488 2943 L
1509 2904 1676 2956 (-στηίῳ
1698 2903 1751 2954 C)
1880 2915 1931 2952 24
1961 2903 1998 2942 οἱ
2052 2907 2064 2913 “

342 2973 409 2998 om
447 2959 484 2997 Α
501 2960 534 2998 Β
549 2960 583 2998 C
697 2960 918 3008 ἐκκλησίαν
937 2959 976 2998 Λ
990 2959 1024 2999 Β
1042 2959 1074 2999 C
1240 2971 1292 3008 25
1322 2959 1444 3013 ἔλεγε
1467 2958 1504 2996 R
1521 2958 1550 2997 S
1564 2958 1602 2997 V
1766 2970 1816 3008 27
1847 2956 1889 2998 δὲ
1910 2969 1991 2997 orn.

343 3014 372 3052 S
387 3013 424 3052 V
534 3016 667 3056 τάὐτῶ
690 3013 728 3053 R
744 3014 774 3054 S
788 3013 824 3054 V
