2098 3320
113 635 136 677 5

87 1058 137 1087 10

86 1479 133 1520 15

84 1901 134 1930 20

757 120 1127 188 ιΣτοΡιΩΝ
1192 143 1235 188 Δ
1872 143 1960 192 lv,
1989 145 2060 204 64

164 272 471 338 ἐκδείραντες
508 272 588 324 καὶ
625 272 956 325 διατείναντες
993 271 1074 324 ἐπὶ
1111 270 1275 337 ξύλων
1313 271 1390 325 ἐπ’
1422 271 1585 325 ἵππων
1622 273 1829 341 περιφέ-

161 378 333 434 ρουσι..
410 361 561 408 ταῦτα
599 355 691 422 μὲν
731 355 788 421 δὴ
827 356 954 407 οὕτω
992 363 1091 424 σφι
1127 357 1436 422 νενόμισται,
1470 356 1620 411 αὐτὰς
1657 360 1710 409 δὲ
1746 360 1832 411 τὰς
1870 361 1941 422 65

162 441 403 510 κεφαλάς,
447 442 553 493 οὔτι
593 440 791 494 πάντων
831 442 965 492 ἀλλὰ
1009 446 1106 493 τῶν
1150 443 1416 510 ἐχθίστων,
1461 446 1657 494 ποιεῦσι
1696 441 1830 495 τάδε·

161 527 449 594 ἀποπρίσας
480 522 726 593 [ἕκαστος]
760 529 858 578 πᾶν
889 525 946 577 τὸ
977 525 1145 593 ἔνερθε
1170 531 1267 578 τῶν
1298 527 1502 594 ὀφρύων
1534 528 1829 594 ἐκκαθαίρει·

164 611 242 663 καὶ
281 606 342 675 ἢν
381 613 473 676 μὲν
506 608 536 684 ᾖ
568 610 736 675 πένης,
780 611 806 660 ὁ
846 613 900 662 δὲ
939 609 1123 675 ἔξωθεν
1161 610 1426 676 ὠμοβοέην
1463 611 1650 676 μούνην
1690 633 1826 679 περι-

160 695 326 749 τείνας
355 697 484 747 οὕτω
515 698 714 762 χρᾶται,
747 690 809 759 ἢν
841 697 894 746 δὲ
924 691 982 766 [ᾖ]
1014 695 1275 754 πλούσιος,
1309 695 1400 760 τὴν
1440 698 1533 761 μὲν
1565 695 1829 762 ὠμοβοέην

160 780 439 846 περιτείνει,
473 778 665 831 ἔσωθεν
695 781 748 831 δὲ
782 780 1177 848 καταχρυσώσας
1209 781 1334 832 οὕτω
1376 783 1556 848 χρᾶται
1591 783 1826 851 ποτηρίῳ.

160 868 358 917 ποιεῦσι
405 866 460 917 δὲ
507 868 651 916 τοῦτο
701 865 780 916 καὶ
830 865 884 915 ἐκ
930 869 1028 915 τῶν
1076 865 1291 929 οἰκηίων,
1341 864 1402 930 ἤν
1453 871 1550 932 σφι
1597 863 1829 933 διάφοροι
1866 886 1893 919 2

159 947 402 1017 γένωνται
422 949 500 1000 καὶ
519 944 580 1013 ἢν
601 947 906 1020 ἐπικρατήσῃ
927 947 1088 1000 αὐτῶν
1107 950 1240 1015 παρὰ
1262 950 1328 1020 τῷ
1346 949 1576 1016 βασιλέϊ.
1651 948 1829 1015 ξείνων
1878 991 1880 994 v

161 1032 216 1085 δέ
245 1035 290 1086 οἱ
323 1034 575 1086 ἐλθόντων
606 1038 704 1086 τῶν
734 1032 794 1085 ἂν
826 1034 981 1100 λόγον
1018 1036 1234 1097 ποιῆται,
1268 1036 1356 1088 τὰς
1394 1036 1618 1102 κεφαλᾶς
1647 1035 1827 1090 ταύτας

161 1117 440 1186 παραφέρει
472 1119 552 1170 καὶ
583 1117 806 1185 ἐπιλέγει
837 1118 902 1171 ὥς
933 1120 978 1169 οῖ
1009 1119 1175 1172 ἐόντες
1206 1117 1382 1183 οἰκήιοι
1413 1119 1636 1185 πόλεμον
1667 1141 1825 1187 προσ-

161 1201 401 1267 εθήκαντο
435 1204 519 1255 καί
545 1210 722 1270 σφεων
754 1202 899 1256 αὐτὸς
932 1202 1254 1269 ἐπεκράτησε,
1282 1204 1463 1269 ταύτην
1494 1205 1828 1272 ἀνδραγαθίην
1844 1210 2021 1262 ΡΨἻΛΊ
2040 1203 2098 1272 ⁰2

159 1286 411 1354 λέγοντες.
486 1286 624 1352 ἅπαξ
644 1291 696 1339 δὲ
715 1292 800 1339 τοῦ
820 1289 1043 1339 ἐνιαυτοῦ
1066 1287 1279 1339 ἑκάστου
1299 1289 1324 1338 ὁ
1344 1288 1596 1356 νομάρχης
1616 1290 1827 1343 ἕκαστος
1867 1297 1942 1346 66

160 1373 214 1423 ἐν
245 1362 527 1442 τῷἵὲωυτοῦ
558 1373 690 1443 νομῷ
726 1373 946 1439 κίρναται
983 1375 1195 1438 κρητῆρα
1231 1374 1380 1432 οἴνου,
1415 1373 1499 1425 ἀπ’
1535 1373 1591 1425 οῦ
1623 1375 1827 1426 πίνουσι

158 1461 257 1508 τῶν
301 1456 531 1509 Σκυθέων
572 1462 706 1509 τοῖσι
745 1456 806 1509 ἂν
846 1456 1020 1524 ἄνδρες
1060 1456 1290 1522 πολέμιοι
1331 1457 1648 1525 ἀραιρημένοι
1685 1459 1823 1510 ἔωσι·

159 1545 293 1593 τοῖσι
318 1541 359 1594 δ’
383 1541 444 1594 ἂν
466 1541 534 1607 μὴ
559 1540 963 1609 κατεργασμένον
993 1540 1022 1614 ᾖ
1050 1546 1211 1599 τοῦτο,
1240 1542 1296 1592 οὐ
1320 1543 1551 1609 γεύονται
1573 1548 1660 1594 τοῦ
1691 1545 1826 1595 οἴνου

159 1626 347 1686 τούτου,
381 1626 498 1678 ἀλλ’
529 1625 830 1692 ἠτιμωμένοι
868 1625 1215 1679 ἀποκατέαται·
1263 1629 1452 1680 ὄνειδος
1491 1626 1545 1679 δέ
1581 1628 1682 1694 σφί
1715 1629 1827 1679 ἐστι

157 1709 397 1777 μέγιστον
421 1716 580 1763 τοῦτο·
628 1713 742 1762 ὅσοι
773 1714 826 1763 δὲ
849 1710 911 1762 ἂν
935 1711 1097 1762 αὐτῶν
1119 1711 1198 1762 καὶ
1224 1709 1378 1778 κάρτα
1401 1712 1622 1766 πολλοὺς
1645 1711 1827 1779 ἄνδρας

159 1795 477 1862 ἀραιρηκότες
509 1795 645 1855 ἔωσι,
681 1796 816 1848 οὗτοι
846 1797 899 1847 δὲ
931 1795 1119 1848 σύνδυο
1142 1795 1346 1850 κύλικας
1383 1796 1586 1864 ἔχοντες
1621 1797 1825 1849 πίνουσι
1834 1742 1858 1890 l

159 1879 294 1945 ὁμοῦ.

243 1963 465 2019 Μάντιες
489 1968 541 2018 δὲ
566 1964 795 2018 Σκυθέων
820 1964 921 2017 εἰσὶ
941 1966 1141 2024 πολλοί,
1169 1966 1215 2017 οἳ
1238 1965 1563 2030 μαντεύονται
1584 1965 1824 2033 ῥάβδοισι
1864 1969 1932 2030 67

160 2048 398 2122 εἶτειζνῃσι
433 2052 658 2122 πολλῇσι
694 2052 804 2102 ὧδε·
851 2051 1005 2102 ἐπεὰν
1042 2049 1293 2117 φακέλους
1327 2049 1531 2117 ῥάβδων
1571 2050 1824 2118 μεγάλους

158 2134 460 2195 ἐνείκωνται,
490 2134 658 2189 θέντες
680 2134 836 2203 χαμαὶ
861 2131 1255 2197 διεξεᾈίσσουσι
1279 2135 1470 2193 αὐτούς,
1499 2135 1579 2186 καὶ
1604 2136 1824 2208 &Q
1856 2121 2029 2209 «nug-*02³—

159 2216 378 2292 ἑκάστην
410 2219 598 2292 ῥάβδον
621 2218 840 2273 τιθέντες
865 2219 1173 2282 θεσπίζουσι,
1207 2218 1307 2284 ἅμα
1329 2240 1384 2271 τε
1413 2219 1649 2286 λέγοντες
1672 2198 2098 2284 ταῦταῗξέᾛὲἷ

160 2303 476 2357 συνειλέουσι
511 2306 599 2358 τὰς
637 2303 858 2372 ῥάβδους
893 2304 1055 2355 ὀπίσω
1095 2305 1173 2356 καὶ
1211 2304 1347 2357 αῦτις
1385 2306 1507 2355 κατὰ
1547 2306 1665 2368 μίαν
1702 2285 2098 2369 &vv-m

156 2391 352 2440 τιθεῖσι.
441 2390 564 2454 αὕτη
611 2389 702 2455 μέν
750 2395 847 2457 σφι
894 2389 924 2453 ἡ
971 2388 1181 2453 μαντικὴ
1230 2390 1448 2456 πατρωίη
1499 2390 1625 2448 ἐστί,
1674 2392 1720 2442 οἱ
1768 2393 1822 2442 δὲ
1864 2412 1889 2443 2

215 2543 232 2569 1
266 2530 331 2572 καὶ
351 2529 624 2571 διατείναντες
645 2543 728 2569 om.
753 2529 787 2566 C
901 2529 964 2580 ἐφ’
986 2527 1025 2566 Α
1040 2528 1074 2566 Β
1092 2528 1125 2566 C
1265 2542 1289 2578 4
1321 2527 1492 2569 ἕκαστος
1514 2528 1596 2568 del.
1623 2529 1824 2580 Krueger

156 2586 184 2624 6
212 2586 316 2626 οὕτω
331 2605 342 2625 2
360 2614 370 2624 .
393 2615 401 2624 .
418 2585 630 2638 περιτείνει
651 2597 733 2623 om.
761 2584 793 2622 C
960 2583 987 2636 ᾗ
1006 2596 1088 2623 om.
1117 2583 1150 2622 P
1169 2582 1205 2621 R
1225 2583 1306 2622 SV
1520 2596 1541 2633 7
1573 2587 1820 2638 περιχρυσώ·

159 2656 234 2681 σας
253 2639 290 2678 Α
306 2639 341 2678 Β
358 2639 390 2678 C
617 2641 643 2678 8
673 2639 850 2680 ποιέουσι
874 2638 907 2677 Ρ
922 2639 958 2677 R
976 2638 1004 2677 S
1021 2638 1055 2676 V
1184 2638 1316 2679 τούτω
1339 2639 1377 2677 R
1572 2653 1598 2689 9
1625 2640 1820 2692 ’γίνωνται

159 2695 197 2733 Α
213 2694 247 2733 Β
263 2695 296 2733 C
408 2697 540 2736 αὐτῶν
562 2694 724 2733 Reiske
744 2710 752 2734 :
784 2697 904 2735 αὐτοῦ
927 2694 959 2732 L
1123 2706 1172 2732 10
1201 2697 1372 2735 ποιεῖται
1397 2693 1499 2733 SV:
1532 2694 1716 2741 ποιέηται
1740 2694 1822 2733 CP

164 2762 180 2788 1
194 2762 208 2787 1
241 2749 514 2803 προεθήκαντο
537 2750 573 2788 R
591 2749 621 2788 S
634 2749 671 2787 V
804 2762 852 2787 12
881 2749 1032 2797 ταύτην
1054 2749 1130 2797 τὴν
1152 2749 1182 2787 S
1197 2749 1231 2787 V
1366 2761 1413 2798 13
1443 2748 1612 2801 λε’·γεται
1637 2748 1670 2787 Ρ
1684 2749 1722 2787 R
1738 2749 1768 2788 S
1782 2749 1817 2788 V

158 2803 203 2845 δὲ
226 2806 291 2846 καὶ
316 2805 354 2843 R
485 2817 532 2854 14
565 2806 707 2845 ἑαυτοῦ
727 2804 764 2843 Α
782 2804 816 2842 Β
833 2805 886 2843 P:
919 2806 1039 2844 αὐτοῦ
1062 2803 1094 2841 C
1226 2807 1340 2857 κιρνᾷ
1358 2803 1395 2842 Α
1415 2803 1446 2841 Β
1462 2803 1494 2842 C
1612 2816 1659 2853 15
1689 2804 1820 2856 τοῖσι]

157 2861 245 2900 ὅσοι
268 2859 307 2898 R
322 2860 402 2899 SV
426 2861 532 2910 (·ιοι)
675 2859 741 2911 ἂν]
766 2861 814 2908 δὴ
838 2858 876 2896 R
892 2858 997 2898 SV:
1030 2871 1109 2897 om.
1137 2858 1229 2897 rell.
1368 2859 1553 2910 πολέμιοι
1574 2872 1652 2898 om.
1685 2859 1720 2899 R
1739 2859 1821 2899 SV

157 2915 281 2968 ἆναιρ.
307 2914 340 2953 C
357 2915 390 2954 P
504 2927 550 2964 17
583 2915 747 2956 ἄποκαθ.
776 2914 815 2952 R
831 2912 910 2953 SV
1037 2914 1087 2952 18
1116 2914 1167 2954 ἃν
1186 2926 1266 2953 om.
1291 2913 1329 2952 A
1346 2913 1380 2952 Β
1396 2914 1429 2952 C
1556 2927 1605 2964 19
1635 2915 1759 2968 ἆναιρ.
1785 2915 1819 2953 C

155 2982 210 3008 22
250 2971 442 3025 εἷτεῒνῃσι
475 2969 731 3009 Hoffmann:
775 2973 892 3010 ἐτειν.
928 2969 957 3007 S
978 2969 1039 3007 V:
1079 2970 1196 3012 ι’τεΐι.
1230 2968 1318 3007 rell.
1508 2982 1559 3019 23
1604 2973 1749 3022 διεξελ.
1784 2970 1818 3009 L

154 3023 284 3078 (μίαν)
305 3027 366 3066 ἐπὶ
387 3026 481 3076 μίαν
504 3025 703 3075 Krueger
