2098 3320
87 112 232 162 11.82
896 118 1327 168 ΗΡΟΔΟΤΟΎ

271 245 538 312 γενόμενος
569 246 757 299 ὁτέοισι
788 247 1050 315 ἐγκυρήσει
1082 250 1159 301 καὶ
1190 252 1318 307 ὅκως,
1344 251 1633 317 τελευτήσει
1663 255 1742 306 καὶ
1771 255 1934 310 ὁκοῖός

0 335 208 376 κομῶν-
250 351 346 400 ,τις
388 331 547 382 ἔσται·
595 333 673 383 καὶ
713 332 935 397 τούτοισι
964 338 1063 386 τῶν
1102 333 1366 403 Ἑλλήνων
1405 338 1555 407 οὲέν-
1582 337 1928 408 πριῄσιῄγὲνό-

0 393 181 437 μηδ
201 392 742 484 ιὲωΐῖἒῗ*(“ἷ’ἰ“ἐ”ἶ(ρήσαντο.
831 416 1011 484 τέρατά
1041 439 1096 471 τε
1136 418 1273 471 πλέω
1311 427 1408 488 σφι
1445 421 1706 488 ἀνεύρηται
1736 418 1766 487 ἢ
1797 428 1930 476 τοῖσι
1945 428 2098 498 ped-u

270 497 477 551 ἄλλοισι
508 499 667 552 ἅπασι
699 501 1021 568 ἀνθρώποισι.
1097 503 1365 570 γενομένου
1388 507 1484 572 γὰρ
1505 505 1704 572 τέρατος
1727 506 1926 574 φυλάσ-

272 603 421 634 σουσι
451 585 761 650 γραφόμενοι
797 586 1131 652 τώποβαῖνον,
1167 588 1246 639 καὶ
1281 587 1343 652 ἤν
1384 610 1495 641 κοτε
1529 591 1740 656 ὕστερον
1772 613 1925 659 παρα·
1953 615 1976 656 5

270 666 490 731 πλήσιον
521 669 675 738 τούτῳ
698 669 916 737 γένηται,
945 673 1068 723 κατὰ
1096 671 1253 724 τώυτὸ
1277 673 1530 737 νομίζουσι
1555 673 1926 740 ἀποβήσεσθαι.

164 756 232 822 83
267 751 476 817 μαντικὴ
514 755 568 805 δὲ
609 753 805 806 αὐτοῖσι
841 756 936 807 ὧδε
976 754 1230 808 διάκειται.
1319 757 1592 824 ἀνθρώπων
1634 760 1726 824 μὲν
1768 760 1929 812 οὐδενὶ

269 837 559 902 πρόσκειται
593 838 623 902 ἡ
654 837 823 906 τέχνη,
857 844 955 890 τῶν
995 842 1050 892 δὲ
1085 842 1212 892 θεῶν
1250 839 1632 909 μετεξετέροισι.
1722 845 1802 896 καὶ
1832 847 1928 912 γὰρ
1989 838 1997 847 “

267 919 547 987 “Ηρακλέος
576 921 817 987 μαντήιον
849 923 1020 975 αὐτόθι
1051 923 1163 976 ἔστι
1200 924 1280 976 καὶ
1309 923 1634 980 ’Λπόλλωνος
1664 927 1744 990 καὶ
1774 927 1925 994 Ἀθη-

267 1005 407 1070 ναίης
459 1006 538 1058 καὶ
589 1005 877 1072 Ἀρτέμιδος
936 1008 1015 1059 καὶ
1066 1007 1244 1076 Ἀρεος
1305 1010 1384 1062 καὶ
1437 1011 1575 1070 Διός,
1629 1011 1710 1063 καὶ
1759 1013 1820 1064 τό
1867 1034 1927 1080 γε
1953 1035 2004 1065 10

263 1087 487 1153 μάλιστα
531 1091 585 1142 ἐν
628 1091 742 1162 τιμῇ
786 1091 991 1159 ἄγονται
1037 1091 1236 1145 πάντων
1279 1098 1377 1146 τῶν
1420 1096 1686 1160 μαντηίων,
1734 1098 1927 1161 Λητοῦς

266 1174 320 1224 ἐν
352 1178 534 1227 Βουτοῖ
560 1176 681 1227 πόλι
712 1176 838 1228 ἐστί.
927 1177 984 1228 οὐ
1018 1176 1191 1242 μέντοι
1225 1179 1281 1230 αἵ
1311 1199 1371 1245 γε
1405 1181 1638 1244 μαντηίαι
1673 1187 1772 1248 σφι
1801 1183 1925 1233 κατὰ

156 1261 223 1321 84
263 1258 419 1310 τώυτὸ
469 1262 665 1318 ἑστᾶσι,
715 1260 850 1312 ἀλλὰ
899 1259 1136 1328 διάφοροί
1180 1263 1296 1314 εἰσι.
1384 1263 1415 1328 ἡ
1463 1265 1515 1315 δὲ
1565 1264 1751 1331 ἰητρικὴ
1801 1268 1923 1317 κατὰ

262 1342 381 1394 τάδε
422 1350 517 1410 σφι
559 1343 811 1396 δέδασται·
856 1348 970 1411 μιῆς
1011 1346 1195 1398 νούσου
1236 1347 1447 1401 ἕκαστος
1488 1349 1652 1415 ἰητρός
1693 1351 1802 1402 ἐστι
1843 1351 1922 1410 καὶ

262 1427 318 1477 οὐ
367 1428 609 1480 πλεόνων.
699 1428 860 1481 πάντα
907 1428 950 1480 δ’
999 1431 1178 1497 ἰητρῶν
1226 1433 1336 1483 ἐστι
1383 1431 1530 1484 πλέα·
1594 1435 1640 1485 οἱ
1689 1436 1781 1498 μὲν
1827 1436 1922 1501 γὰρ
1948 1456 1996 1498 15

244 1512 538 1578 »ὀφθαλμῶν
572 1514 726 1579 ἰητροὶ
759 1513 1072 1573 κατεστέασι,
1098 1517 1145 1566 οἱ
1176 1517 1227 1567 δὲ
1263 1519 1502 1583 κεφαλῆς,
1529 1519 1574 1568 οἱ
1605 1520 1658 1569 δὲ
1687 1518 1918 1577 ὀδόντων,

161 1597 225 1658 85
261 1598 305 1647 οἱ
338 1598 389 1647 δὲ
420 1601 518 1649 τῶν
552 1599 673 1648 κατὰ
702 1598 867 1662 νηδύν,
902 1601 947 1650 οἱ
976 1602 1030 1651 δὲ
1061 1603 1159 1651 τῶν
1191 1599 1426 1666 ἀφανέων
1455 1600 1666 1653 νούσων.
1751 1604 2098 1669 θρῆνοιιὶωοωι

260 1682 314 1732 δὲ
346 1681 424 1732 καὶ
455 1682 614 1748 ταφαί
641 1688 816 1749 σφεων
849 1684 948 1735 εἰσὶ
978 1685 1101 1735 αἵδε·
1146 1688 1280 1735 τοῖσι
1311 1684 1373 1736 ἂν
1405 1684 1707 1752 ἀπογένηται
1740 1688 1792 1738 ἐκ
1822 1691 1922 1739 τῶν

0 1766 430 1848 κῃᾝοίκίων
469 1764 726 1832 ἄνθρωπος
765 1771 852 1817 τοῦ
892 1788 966 1820 τις
1002 1769 1082 1819 καὶ
1117 1769 1272 1836 λόγος
1310 1766 1355 1832 ἦ,
1388 1768 1444 1820 τὸ
1483 1772 1608 1834 θῆλυ
1645 1769 1792 1838 γένος
1821 1774 1920 1823 πᾶν

259 1848 316 1899 τὸ
356 1851 410 1899 ἐκ
448 1854 547 1902 τῶν
587 1851 754 1903 οἰκίων
793 1852 982 1903 τούτων
1025 1852 1129 1903 κατ’
1169 1850 1242 1905 ὧν»
1270 1852 1527 1905 ἐπλάσατο
1563 1853 1654 1918 τὴν
1694 1854 1920 1922 κεφαλὴν
1947 1878 1997 1906 20

260 1938 402 2003 πηλῷ
433 1930 462 1998 ἢ
496 1936 574 1986 καὶ
597 1934 654 1987 τὸ
677 1936 967 2002 πρόσωπον,
996 1936 1201 1988 κᾶπειτα
1224 1939 1277 1989 ἐν
1300 1943 1435 1990 τοῖσι
1457 1939 1659 1990 οἰκίοισι
1681 1943 1920 1991 λιποῦσαι

258 2017 346 2069 τὸν
390 2018 565 2085 νεκρὸν
609 2018 752 2071 αὐταὶ
791 2021 885 2071 ἀνὰ
924 2019 1016 2085 τὴν
1059 2021 1209 2073 πόλιν
1249 2023 1611 2089 στρωφώμεναι
1654 2024 1918 2075 τύπτονται

257 2101 566 2167 ὑπεζωμέναι
618 2103 696 2155 καὶ
744 2105 1017 2170 φαίνουσαι
1067 2105 1181 2160 τοὺς
1231 2107 1428 2170 μαζούς,
1480 2106 1573 2158 σὺν
1620 2105 1674 2159 δέ
1720 2116 1817 2174 σφι
1867 2110 1918 2160 αἱ

195 2206 221 2238 2
259 2185 606 2251 προσήκουσαι
658 2191 833 2240 πᾶσαι.
923 2188 1163 2256 ἑτέρωθεν
1209 2192 1262 2242 δὲ
1315 2193 1361 2243 οἱ
1412 2190 1583 2257 ἄνδρες
1632 2191 1919 2254 τύπτονται,

258 2270 564 2335 ὑπεζωμένοι
610 2272 688 2323 καὶ
737 2272 914 2325 οὗτοι.“
977 2275 1128 2327 ἐπεὰν
1176 2276 1230 2326 δὲ
1277 2279 1430 2326 ταῦτα
1475 2273 1743 2339 ποιήσωσι,
1792 2276 1918 2327 οὕτω
1944 2298 1992 2338 25

153 2360 223 2411 86
260 2355 311 2407 ἐς
347 2354 438 2418 τὴν
473 2357 760 2424 ταρίχευσιν
799 2358 1070 2423 κομίζουσι.
1159 2357 1259 2410 εἰσὶ
1300 2361 1353 2411 δὲ
1388 2358 1433 2411 οἳ
1475 2358 1551 2411 ἐπ’
1593 2358 1721 2429 αὐτῷ
1761 2359 1917 2430 τούτῳ

0 2418 132 2559 ff
192 2458 218 2490 2
260 2437 490 2491 κατέαται
538 2441 616 2492 καὶ
662 2439 849 2509 ’τέχνην
900 2441 1077 2510 ἔχουσι
1128 2442 1327 2507 ταύτην.
1415 2443 1565 2503 οὗτοι,
1617 2442 1769 2496 ἐπεάν
1820 2451 1919 2512 σφι

313 2589 331 2615 1
363 2576 493 2620 τέοισι
514 2577 602 2618 ΑΒ
618 2579 652 2618 C
780 2593 805 2618 2
835 2581 995 2630 ποιήσει
1017 2580 1051 2620 L
1179 2594 1206 2631 3
1236 2582 1397 2635 εὕρηται
1418 2581 1452 2620 Ρ
1466 2581 1505 2619 R
1521 2581 1551 2621 S
1565 2581 1605 2621 V
1736 2593 1761 2631 5
1790 2581 1862 2634 ἥν]
1885 2586 1925 2624 εἴ

257 2631 297 2669 R
314 2632 397 2671 SV
581 2647 602 2683 7
634 2634 833 2676 διακέεται
855 2640 897 2674 et
926 2638 952 2675 8
976 2635 1219 2688 προσκέεται
1239 2635 1371 2690 (προκ.
1396 2635 1455 2688 R)
1480 2637 1514 2674 L
1692 2649 1720 2687 9
1749 2636 1918 2686 Ἀθήνης

255 2687 394 2726 ABC
562 2701 612 2728 10
641 2689 717 2729 3L
886 2702 935 2739 14
966 2689 1247 2731 udo-ovRSV
1406 2703 1454 2741 17
1485 2689 1917 2740 pr.·r‹:m0m.ABc
1984 2743 1993 2747 -

260 2753 309 2790 19
338 2747 379 2781 et
401 2755 455 2782 20
484 2743 639 2784 οἰκιέων
660 2743 694 2782 C
712 2758 721 2781 :
751 2744 913 2792 οἰκηίων
934 2744 968 2783 Ρ
982 2744 1021 2783 R
1038 2744 1068 2783 S
1082 2745 1119 2783 V
1236 2758 1289 2784 20
1318 2746 1378 2791 τὸ,
1401 2749 1449 2786 τὸ
1471 2748 1516 2786 ἐκ
1537 2745 1576 2783 R
1590 2745 1629 2784 V
1738 2745 1917 2787 τουτέων

256 2797 290 2834 C
485 2810 533 2836 21
565 2799 591 2847 ἢ
612 2811 692 2839 om.
716 2798 750 2837 P
764 2798 804 2836 R
820 2799 849 2839 S
863 2798 903 2837 V
1092 2812 1146 2838 22
1177 2797 1292 2840 αὗται
1315 2799 1348 2838 Ρ
1363 2799 1402 2837 R
1418 2800 1447 2839 S
1462 2800 1501 2839 V
1637 2799 1915 2853 στρωφόμενοι

256 2850 296 2889 R
310 2851 376 2891 Vt
405 2852 676 2907 στροφόμεναι
698 2853 729 2892 S
891 2866 944 2903 23
974 2852 1218 2905 ὖπεζωμέναι
1242 2853 1281 2892 R
1303 2869 1313 2894 ε
1342 2853 1608 2905 ὑπεζωόμεναι
1630 2855 1738 2894 SV:
1769 2854 1915 2906 ἐπεζω-

254 2905 371 2957 μέναι
403 2904 480 2946 P¹=
522 2905 793 2959 ἐπεζωσμέναι
822 2906 1028 2947 ABCPc
1249 2919 1301 2958 25
1341 2907 1581 2959 ὑπεζωμένοι
1612 2908 1913 2949 Herwerden:

257 3002 497 3054 ἐπεζωμένοι
518 3003 570 3042 Pl
589 3018 600 3044 t
638 3004 874 3056 ἐπεζώμενοι
894 3006 933 3044 V
953 3019 962 3044 t
1003 2974 1241 3055 e‘vrefg‘mevot
1265 3003 1321 3045 R¹
1341 3019 1352 3044 ε
1387 3003 1649 3057 ἐπεζωόμενοι
1671 3006 1728 3045 S:
1766 3005 1909 3058 ἐπεζω-

256 3059 396 3112 σμένοι
416 3058 455 3097 Α
470 3059 504 3098 Β
519 3059 552 3098 C
568 3059 620 3097 pc
785 3073 834 3111 27
866 3059 1195 3112 κατατετάχαται
1219 3060 1250 3100 S
