2098 3320
35 69 124 119 Ill.
152 83 218 119 ²2

868 69 1302 121 ΗΡΟΔΟΤΟΤ

255 203 390 251 τοῖσι
417 197 610 264 ἥκουσι.
696 199 876 265 λαβὼν
906 202 958 252 δὲ
987 198 1044 251 τὸ
1073 199 1186 267 εἷμα
1213 199 1271 253 τὸ
1300 200 1585 269 πορφύρεον
1616 201 1792 269 εἰρώτα
1813 202 1845 254 ὅ
1868 224 1918 256 τι

258 283 330 347 εἴη
364 283 444 335 καὶ
474 283 600 337 ὅκως
634 282 983 350 πεποιημένον.
1073 285 1313 337 εἰπόντων
1352 288 1405 338 δὲ
1440 291 1538 339 τῶν
1568 285 1917 355 Ἰχθυοφάγων

256 366 344 431 τὴν
384 367 622 432 ἀληθείην
657 369 769 434 περὶ
803 371 891 433 τῆς
930 368 1188 437 πορφύρης
1225 370 1304 421 καὶ
1339 373 1427 435 τῆς
1459 373 1649 438 βαφῆς,
1685 371 1918 438 δολεροὺς

255 453 346 517 μὲν
376 451 488 504 τοὺς
519 451 930 519 ἀνθρώπουςέφη
963 451 1104 512 εἶναι,
1131 456 1312 520 δολερὰ
1346 457 1402 506 δὲ
1430 454 1592 506 αὐτῶν
1626 455 1687 506 τὰ
1724 455 1915 520 εἵματα.

256 536 457 602 δεύτερα
475 538 529 588 δὲ
546 535 634 588 τὸν
656 535 848 604 χρυσὸν
871 536 1064 604 εἰρώτα,
1084 536 1172 589 τὸν
1197 537 1444 605 στρεπτὸν
1462 537 1549 590 τὸν
1569 537 1917 608 περιαυχένιον
1941 564 1964 605 5

258 621 336 671 καὶ
387 621 450 671 τὰ
498 618 675 687 ψέλια.
762 618 1104 688 ἐξηγεομένων
1163 623 1217 673 δὲ
1273 627 1374 674 τῶν
1424 621 1775 690 Ἰχθυοφάγων
1831 623 1917 676 τὸν

258 704 448 769 κόσμον
483 703 631 756 αὐτοῦ
667 703 890 771 γελάσας
920 706 947 754 ὁ
975 704 1224 769 βασιλεὺς
1260 706 1340 757 καὶ
1369 708 1580 771 νομίσας
1616 706 1748 759 εἷναί
1780 715 1918 775 σφεα

256 787 408 841 πέδας
451 787 559 840 εἰπε
604 788 669 842 ὣς
714 787 828 855 παρ’
872 790 1105 841 ἑωυτοῖσί
1146 790 1245 843 εἰσι
1280 790 1661 858 ῥωμαλεώτεραι
1703 790 1918 844 τουτέων

257 871 417 925 πέδαι.
489 874 655 940 τρίτον
673 875 727 924 δὲ
748 872 924 940 εἰρώτα
945 872 1003 924 τὸ
1021 872 1192 940 μύρον·
1240 875 1482 926 εἰπόντων
1504 876 1558 926 δὲ
1575 877 1663 939 τῆς
1687 873 1918 940 ποιήσιος

257 956 368 1023 πέρι
399 956 478 1008 καὶ
509 957 760 1024 ἀλείψιος,
786 956 874 1009 τὸν
903 956 1051 1008 αὐτὸν
1073 945 1231 1024 λόγον
1253 957 1340 1010 τὸν
1365 959 1444 1010 καὶ
1469 958 1580 1025 περὶ
1608 962 1695 1010 τοῦ
1718 960 1917 1025 εἵματος
1945 983 1992 1011 10

256 1041 379 1094 εἰπε.
469 1041 534 1095 ὣς
569 1043 622 1093 δὲ
659 1042 710 1094 ἐς
748 1040 834 1093 τὸν
870 1041 1006 1093 οἶνον
1041 1041 1244 1094 ἀπίκετο
1281 1043 1360 1095 καὶ
1397 1043 1605 1095 ἐπύθετο
1641 1042 1789 1096 αὐτοῦ
1826 1043 1918 1109 τὴν

256 1127 477 1190 ποίησιν,
519 1125 816 1191 ὑπερησθεὶς
854 1126 921 1196 τῷ
957 1126 1144 1191 πόματι
1187 1127 1408 1194 ἐπείρετο
1449 1128 1477 1178 ὅ
1515 1149 1561 1179 τι
1601 1149 1656 1180 τε
1701 1127 1917 1181 σιτέεται

256 1210 284 1260 ὁ
326 1210 573 1275 βασιλεὺς
618 1209 695 1261 καὶ
738 1211 921 1278 χρόνον
965 1211 1149 1262 ὁκόσον
1190 1212 1501 1278 μακρότατον
1546 1211 1668 1279 ἀνὴρ
1713 1212 1918 1280 Πέρσης

260 1294 383 1357 ζώει.
472 1297 519 1346 οἱ
548 1297 601 1346 δὲ
633 1293 893 1346 σιτέεσθαι
922 1296 1012 1360 μὲν
1052 1294 1139 1346 τὸν
1177 1294 1324 1362 ἄρτον
1362 1297 1515 1356 εἶπον,
1551 1295 1917 1364 ἐξηγησάμενοι

256 1383 354 1430 τῶν
394 1383 559 1445 πυρῶν
598 1378 688 1442 τὴν
729 1379 901 1445 φύσιν,
943 1378 1229 1445 ὀγδώκοντα
1273 1382 1326 1431 δὲ
1367 1380 1480 1431 ἔτεα
1525 1381 1636 1445 ζόης
1674 1379 1917 1448 πλήρωμα
1944 1402 1991 1442 15

257 1462 398 1529 ἀνδρὶ
431 1463 741 1530 μακρότατον
779 1466 1089 1529 προκεῖσθαι.
1177 1463 1300 1530 πρὸς
1339 1468 1491 1515 ταῦτα
1529 1465 1555 1515 ὁ
1586 1465 1777 1532 Αἰθίοψ
1816 1464 1915 1533 ἔφη

256 1546 399 1599 οὐδὲν
442 1546 683 1612 θωμάζειν
729 1549 771 1598 εἰ
816 1548 1095 1612 σιτεόμενοι
1143 1548 1326 1615 κόπρον
1369 1548 1483 1600 ἔτεα
1525 1549 1674 1615 ὀλίγα
1720 1549 1924 1612 ζώουσι·”

217 1652 220 1655 “
257 1631 368 1683 οὐδὲ
392 1633 486 1698 γὰρ
518 1631 578 1683 ἂν
601 1636 822 1682 τοσαῦτα
851 1631 1092 1683 δύνασθαι
1119 1632 1256 1695 ζώειν
1282 1632 1462 1699 σφέας,
1491 1635 1533 1684 εἰ
1556 1632 1621 1697 μὴ
1646 1633 1711 1703 τῷ
1732 1634 1916 1698 πόματι

150 1816 217 1865 23

257 1714 517 1783 ἀνέφερον,
553 1715 754 1783 φράζων
784 1720 918 1767 τοῖσι
941 1714 1325 1783 Ἰχθυοφάγοισι
1348 1715 1434 1770 τὸν
1457 1717 1609 1768 οἶνον·
1653 1721 1797 1768 τοῦτο
1820 1719 1914 1784 γὰρ

257 1800 465 1853 ἑωυτοὺς
510 1799 605 1851 ὑπὸ
655 1798 898 1867 Περσέων
942 1803 1240 1851 ἑσσοῦσθαι.
1330 1799 1688 1867 ἀντειρομένων
1734 1803 1786 1852 δὲ
1826 1801 1913 1853 τὸν
1942 1820 1991 1848 20

253 1883 478 1948 βασιλέα
514 1888 612 1936 τῶν
645 1882 994 1952 Ἰχθυοφάγων
1029 1886 1117 1948 τῆς
1154 1885 1266 1948 ζόης
1302 1884 1380 1935 καὶ
1417 1886 1603 1949 διαίτης
1640 1883 1766 1951 πέρι,
1800 1884 1913 1935 ἔτεα

251 1970 344 2031 μὲν
380 1964 532 2033 <εἳπε>
571 1969 621 2022 ἐς
669 1970 855 2038 εἴκοσί.
876 1989 929 2020 τε
977 1969 1056 2020 καὶ
1109 1968 1285 2020 ἑκατὸν
1332 1968 1446 2022 τοὺς
1489 1967 1708 2022 πολλοὺς
1753 1967 1914 2020 αὐτῶν

252 2051 590 2110 ἀπικνέεσθαι,
632 2051 975 2120 ὑπερβάλλειν
1016 2051 1072 2103 δέ
1110 2073 1248 2106 τινας
1289 2053 1367 2104 καὶ
1407 2057 1574 2112 ταῦτα,
1616 2053 1819 2117 σίτησιν
1859 2055 1913 2104 δὲ

253 2136 376 2187 εἶναι
408 2135 524 2203 κρέα
555 2138 686 2204 ἑφθὰ
719 2136 797 2187 καὶ
829 2137 964 2202 πόμα
994 2135 1142 2203 γάλα.
1231 2140 1370 2202 θῶμα
1401 2139 1453 2188 δὲ
1484 2135 1785 2201 ποιευμένων
1814 2140 1913 2188 τῶν

307 2285 331 2310 2
363 2272 559 2314 εἰπᾶντων
581 2272 620 2310 R
636 2272 717 2312 SV
876 2277 958 2314 τῶν
980 2270 1023 2313 ’1.
1049 2285 1129 2313 om.
1153 2271 1186 2311 E
1210 2273 1273 2319 (it.
1299 2273 1346 2321 6)
1571 2285 1597 2322 3
1626 2272 1849 2327 πορφυρέης
1871 2274 1908 2312 R

251 2340 277 2375 4
317 2329 447 2368 αὐτῶν
476 2329 541 2368 καὶ
570 2328 624 2369 τὰ
653 2327 687 2366 Ε
882 2339 907 2376 5
945 2331 1125 2379 χρυσοῦν
1153 2327 1193 2365 Α
1207 2327 1242 2364 Β
1257 2326 1291 2365 C
1305 2326 1340 2365 E
1356 2326 1390 2365 P
1526 2327 1597 2367 alt.
1631 2329 1705 2368 τὸν
1734 2327 1783 2378 Ε,
1808 2334 1906 2368 tert.

251 2382 291 2419 A
307 2382 341 2419 Β
358 2381 390 2420 C
408 2381 441 2420 P
459 2394 541 2421 om.
677 2395 699 2432 7
722 2384 843 2423 αὐτοῦ
857 2381 897 2420 Α
912 2382 946 2421 Β
964 2382 996 2420 C
1012 2381 1046 2420 E
1063 2381 1096 2420 P
1111 2381 1150 2419 R
1171 2396 1180 2421 ε
1210 2383 1342 2423 αὐτῶν
1358 2381 1388 2420 S
1409 2396 1418 2421 τ
1448 2384 1555 2422 αὐτῶ
1578 2382 1629 2433 (2)
1646 2382 1686 2420 V
1782 2392 1911 2436 σφεας

254 2435 293 2474 R
310 2435 340 2476 S
353 2436 392 2475 V
528 2437 554 2474 8
585 2438 744 2478 ἑωυτοῖς
764 2436 804 2475 Α
820 2437 855 2475 Β
966 2436 1124 2477 τούτων
1145 2435 1179 2474 Ε
1194 2435 1234 2474 R
1251 2435 1281 2475 S
1294 2437 1333 2475 V
1469 2450 1496 2485 9
1523 2437 1572 2477 τὸ
1588 2449 1616 2478 -1·
1631 2437 1664 2475 C
1734 2445 1741 2451 '
1777 2437 1908 2478 εἰπάν-

250 2508 331 2532 των
361 2491 400 2528 R
416 2490 446 2530 S
459 2491 499 2530 V
679 2490 877 2539 ποιήσεως
907 2490 941 2529 Ε
961 2491 1050 2530 RV
1064 2490 1136 2543 (S)
1360 2504 1410 2529 10
1448 2492 1511 2531 καὶ
1540 2490 1649 2544 περὶ]
1681 2492 1742 2532 ἐπὶ
1774 2491 1813 2529 R
1828 2491 1910 2531 SV

254 2558 299 2584 11
332 2545 375 2586 δὲ
396 2547 460 2586 καὶ
483 2549 522 2586 ἐς
545 2545 578 2584 E
739 2558 787 2594 14
816 2547 891 2586 τὸν
909 2558 991 2585 om.
1018 2545 1052 2584 E
1184 2545 1300 2587 εἶπαν
1321 2545 1360 2583 R
1376 2545 1458 2584 SV
1590 2557 1637 2595 15
1671 2545 1762 2596 ζόης
1783 2546 1882 2584 PC⁰
1898 2562 1910 2586 z

252 2599 351 2650 ζωῆς
365 2599 406 2638 Α
422 2600 456 2638 Β
473 2599 507 2638 E
522 2600 561 2637 R
577 2599 607 2638 S
622 2600 660 2638 V
774 2601 824 2638 16
843 2598 1082 2654 προκέεσθᾱι
1101 2601 1134 2639 L
1237 2599 1352 2641 οὐδὲν
1370 2599 1449 2651 ἔφη
1465 2601 1504 2638 R
1521 2600 1550 2638 S
1564 2599 1603 2638 V
1716 2613 1763 2650 17
1786 2605 1904 2651 θωυμ.

250 2654 285 2694 C
301 2653 342 2692 R
355 2654 385 2693 S
399 2654 438 2693 V
456 2669 466 2694 :
505 2660 615 2705 θαυμ.
641 2654 674 2694 Ε
691 2654 724 2693 P
892 2656 941 2694 18
979 2657 1025 2695 οὔ
1046 2654 1081 2694 Ε
1225 2653 1337 2705 ζώειν
1365 2654 1555 2695 δύνασθαι
1577 2654 1616 2692 R
1633 2654 1663 2693 S
1676 2655 1715 2693 V
1851 2659 1909 2696 τῶ

249 2708 399 2759 πόματι
412 2713 515 2750 τῶδε
537 2709 571 2747 E
686 2721 737 2760 19
760 2707 967 2762 ἀναφέρων
984 2708 1023 2747 R
1039 2709 1069 2748 S
1082 2709 1122 2748 V
1203 2707 1337 2760 τούτῳ
1355 2708 1396 2747 Α
1412 2708 1445 2746 Β
1460 2708 1494 2747 C
1509 2708 1543 2747 E
1559 2708 1593 2747 P
1702 2722 1756 2748 20
1775 2710 1907 2763 ἆντερ.

252 2763 287 2802 Β
416 2765 488 2804 τὸν
509 2762 688 2811 βασιλέα
708 2776 790 2803 om.
814 2763 853 2801 R
870 2763 900 2802 S
914 2763 951 2801 V
1116 2775 1164 2801 21
1199 2762 1298 2813 ζωης
1320 2763 1353 2801 C
1369 2763 1409 2801 R
1424 2763 1453 2802 S
1466 2762 1506 2800 V
1644 2764 1728 2816 καὶ]
1750 2765 1814 2805 καὶ
1833 2766 1907 2812 τῆς

251 2818 291 2857 R
307 2817 337 2856 S
351 2817 389 2856 V
543 2830 594 2855 22
625 2819 711 2859 εἶπε
732 2818 826 2857 add.
853 2818 1054 2868 Krueger
1165 2820 1206 2858 ἐς
1226 2817 1354 2858 εἴκοσί
1373 2834 1421 2857 τε
1444 2817 1483 2855 R
1500 2816 1529 2855 S
1544 2817 1581 2855 V
1599 2831 1609 2856 ε
1639 2820 1678 2859 ἐς
1699 2820 1824 2859 εἴκοσι
1847 2817 1906 2856 P:

250 2872 400 2913 ἐείκοσι
419 2871 459 2910 Α
474 2871 508 2910 Β
524 2872 558 2911 C
743 2885 794 2922 24
825 2871 940 2926 κρέα]
964 2888 998 2913 κ.
1023 2889 1070 2913 τε
1090 2870 1130 2911 Α
1145 2871 1180 2911 Β
1195 2871 1228 2910 C
1246 2870 1280 2910 P
1387 2871 1551 2925 μεγάλα
1572 2870 1611 2910 R
1725 2875 1834 2924 θῶμα
1854 2871 1879 2912 d
1895 2883 1903 2909 ε

249 2930 383 2978 θωυμα
404 2926 435 2964 L
547 2927 596 2977 δὴ
619 2926 657 2964 R
671 2925 710 2966 V
