1968 3236
685 358 1172 419 ADDITVM

122 517 124 519 ¹
164 528 343 578 NOVA
389 527 711 578 recensionis
755 527 1070 579 adiumenta
1120 544 1263 579 anno
1319 539 1526 580 MCMXI
1579 542 1753 576 acces-

92 620 274 665 serunt
310 612 531 664 collatio
571 614 693 664 libri
725 614 887 681 primi
913 614 1116 665 codicis
1156 614 1357 674 Mureti
1399 614 1491 680 qui
1533 620 1755 664 vocatur

89 700 195 763 '(cf.''
223 717 386 767 supra
441 717 495 767 p.
538 718 571 751 v
610 699 744 771 not.)
783 700 854 752 ab
907 698 960 751 C.
1002 699 1244 753 Dz‘ltlceio
1289 700 1552 762 confecta,
1590 715 1755 766 quam

96 787 147 837 in
198 786 382 837 libello
432 787 525 853 qui
572 786 845 839 Analecta
898 787 1214 839 Herodotea
1266 785 1421 853 (Pars
1468 784 1518 855 Ι)
1570 785 1754 837 inscri-

97 873 249 928 bitur.
281 857 1171 940 (Philologus,Supplementband
1214 872 1350 935 XII,
1391 881 1560 924 erstes
1601 871 1753 939 Heft)

95 958 297 1026 publici
349 959 478 1010 iuris
530 959 655 1010 fecit
701 959 810 1011 Leo
870 959 1068 1021 Weber,
1112 967 1167 1012 et
1217 951 1585 1028 fragmentum
1627 958 1757 1010 satis

95 1062 357 1112 magnum
395 1044 519 1096 libri
552 1046 775 1097 secundi
808 1047 955 1114 quod
992 1045 1361 1112 Oxyrhynchi
1396 1053 1670 1111 repertum
1705 1045 1757 1096 in

96 1130 372 1183 volumine
396 1131 543 1182 VIII
577 1148 911 1200 papyrorum
945 1130 1470 1199 Oxyrhynchiarum
1506 1130 1761 1182 Arturus

98 1218 266 1282 Hunt
312 1218 503 1270 edidit.
603 1218 761 1286 Quae
810 1218 1130 1271 testimonia
1179 1218 1321 1269 sicut
1376 1218 1557 1286 spatio
1615 1217 1762 1270 mille

98 1306 619 1357 annorum—codex
655 1305 798 1356 enim
834 1305 1033 1357 saeculi
1060 1302 1207 1365 xiimi,
1234 1322 1478 1373 papyrus
1505 1301 1582 1355 iidi
1606 1313 1762 1356 est—

98 1392 238 1443 inter
282 1409 340 1441 se
384 1391 651 1442 disiuncta
695 1398 838 1458 sunt,
877 1391 953 1443 ita
998 1391 1053 1442 in
1099 1408 1163 1443 ea
1210 1409 1265 1442 re
1309 1391 1665 1457 consentiunt,
1703 1398 1761 1443 ut
1826 1459 1833 1462 ‘

100 1478 337 1529 medium
378 1478 647 1544 quendam
689 1477 867 1531 locum
908 1478 1046 1530 inter
1090 1479 1224 1530 duas
1270 1478 1517 1529 codicum
1567 1479 1762 1546 stirpes

98 1571 335 1623 teneant,
377 1564 453 1616 ita
498 1572 699 1628 tamen,
739 1572 797 1616 ut
843 1565 1018 1616 codex
1066 1565 1286 1626 Mureti,
1324 1582 1488 1632 quem
1530 1565 1764 1617 Webero

100 1657 393 1718 praeeunte
437 1650 576 1718 siglo
625 1652 677 1702 D
725 1651 935 1718 signare
981 1651 1130 1716 libet,
1175 1669 1206 1703 a
1252 1652 1532 1703 codicibus
1579 1650 1764 1702 RSV

101 1737 320 1804 propior
377 1738 460 1799 sit,
512 1755 757 1806 papyrus
807 1737 908 1807 (O)
957 1755 1086 1789 vero
1144 1738 1353 1805 saepius
1413 1754 1538 1788 cum
1598 1738 1764 1805 stirpe

102 1823 417 1875 Florentina
452 1823 532 1895 (A
550 1822 617 1893 B)
653 1822 848 1888 faciat3
885 1825 1095 1876 accedit
1130 1825 1280 1892 quod
1319 1832 1373 1875 et
1413 1824 1547 1875 haec
1585 1831 1639 1875 et
1677 1823 1765 1874 ille

101 1911 373 1963 interdum
405 1927 557 1962 veras
596 1912 890 1979 scripturas
928 1910 1250 1963 coniecturis
1289 1910 1647 1962 recentiorum
1687 1910 1763 1983 in-

100 2005 292 2048 ventas
355 1998 634 2063 praebent.
740 1996 900 2066 Quae
959 1999 1259 2065 scripturae
1320 1996 1486 2063 paulo
1550 1997 1765 2047 maioris

104 2084 369 2135 momenti
393 2091 532 2144 sunt,
550 2101 643 2134 eas
670 2085 723 2134 in
750 2083 1049 2151 appendice
1075 2083 1198 2135 huic
1224 2082 1483 2133 volumini
1510 2082 1765 2133 adiuncta

104 2169 319 2236 protuli,
347 2170 548 2221 additis
572 2171 848 2237 scripturis
874 2171 1069 2238 papyri
1100 2168 1445 2219 Monacensis
1465 2165 1536 2237 (v.
1555 2168 1767 2220 Archiv

88 2258 202 2323 fiir
242 2255 792 2322 Papyrusforsclmng
831 2255 857 2306 I
902 2268 1005 2322 471
1049 2253 1225 2321 seqq.)
1271 2271 1310 2305 s.
1357 2251 1429 2304 imi
1471 2254 1555 2304 vel
1599 2251 1676 2303 ii‘li
1711 2261 1765 2304 et

104 2341 300 2408 papyri
343 2340 679 2407 R-ylandsiae
721 2340 789 2408 (v.
833 2339 1118 2407 Calalogue
1152 2340 1222 2406 of
1247 2339 1502 2406 Rylands
1538 2338 1770 2407 Papytrig

107 2427 455 2478 Manchester
504 2427 612 2478 and
655 2426 907 2488 London,
948 2426 1114 2493 1911)
1145 2443 1185 2476 S.
1227 2422 1335 2488 ii‘fi;
1386 2442 1545 2491 spero
1580 2434 1762 2477 autem

105 2512 399 2580 aliquando
422 2512 533 2563 fore
554 2520 612 2562 ut
635 2513 809 2580 ipsam
828 2511 1235 2563 adnotationem
1253 2511 1492 2562 criticam
1516 2511 1765 2562 editionis

107 2600 188 2650 his
216 2599 440 2664 aliisque
466 2599 618 2648 novis
644 2598 894 2648 subsidiis
920 2615 1110 2648 ornare
1138 2596 1267 2648 mihi
1296 2597 1472 2647 liceat,

1489 2734 1573 2795 ‘C.
1618 2744 1691 2795 Η.
1745 2749 1751 2752 ’

162 2814 397 2855 Scribebam
416 2815 579 2854 ineunte
597 2829 635 2855 a.
658 2827 830 2855 menum.

911 3013 973 3061 xii
