2098 3320
86 94 151 141 ΙΙ.
182 93 277 154 146

182 1415 272 1466 147

248 1675 273 1706 2

948 93 1376 142 ΗΡΟΔΟΤΟΎ·

314 242 451 273 νοισι
479 225 693 286 μᾶλλον·
742 221 850 286 ἐμοὶ
912 221 924 240 ’
949 218 1017 274 ὧν
1047 222 1076 286 ἡ
1109 223 1220 289 περὶ
1250 222 1412 275 αὐτῶν
1442 224 1611 290 γνώμη
1641 216 1977 278 ἀποδέδεκται.

315 308 358 358 εἷ
387 309 479 370 μὲν
509 308 605 373 γὰρ
638 307 854 373 φανεροί
888 327 943 358 τε
976 306 1208 372 ἐγένοντο
1247 307 1325 358 καὶ
1357 306 1702 374 κατεγήρασαν
1734 309 1813 360 καὶ
1843 309 1980 362 οὗτοι

315 391 368 442 ἐν
392 397 450 462 τῇ
474 388 703 454 Ἑλλάδι,
732 389 854 441 κατά
877 411 968 457 περ
992 390 1275 457 “Ηρακλέης
1298 392 1324 441 ὁ
1349 391 1407 456 ἐξ
1433 391 1810 459 Ἀμφιτρύωνος
1832 394 1974 460 γενό-

312 495 462 538 μενος
502 474 583 526 καὶ
629 474 686 539 δὴ
734 474 813 525 καὶ
857 475 1106 528 Διόνυσος
1152 477 1177 526 ὁ
1223 477 1277 527 ἐκ
1317 474 1541 541 Σεμέλης
1582 476 1661 527 καὶ
1701 477 1816 528 Πὰν
1855 478 1882 528 ὁ
1923 479 1978 529 ἐκ

314 559 618 623 Πηνελόπης
678 559 962 626 γενόμενος,
1018 559 1118 626 ἔφη
1170 559 1231 610 ἄν
1282 581 1356 613 τις
1408 560 1488 611 καὶ
1538 560 1740 615 τούτους
1793 560 1979 616 ἄλλους

311 642 608 709 γενομένους
651 642 831 710 ἄνδρας
867 643 1004 712 ἔχειν
1039 645 1099 694 τὰ
1136 644 1337 695 ἐκείνων
1374 643 1623 710 οὐνόματα
1658 650 1757 696 τῶν
1796 667 1975 714 προγε-

311 727 534 793 γονότων
565 731 706 779 θεῶν·
742 723 840 778 ’νῦν
872 730 924 779 δὲ
959 728 1211 779 Διόνυσόν
1241 749 1296 780 τε
1324 727 1534 795 λέγουσι
1563 731 1609 780 οἱ
1629 727 1883 794 “Έλληνες
1913 729 1978 784 ὡς

311 810 484 862 αὐτίκα
514 812 785 878 γενόμενον
817 813 868 864 ἐς
898 810 986 863 τὸν
1015 810 1172 878 μηρὸν
1206 811 1517 879 ἐνερράψατο
1548 812 1674 884 Ζευς
1705 813 1784 865 καὶ
1813 808 1978 878 ἤνεικε

311 896 363 948 ἐς
399 895 579 947 Νύσαν
620 895 710 960 τὴν
751 897 874 962 ὑπὲρ
917 896 1168 963 Αἰγύπτου
1212 898 1392 949 ἐοῦσαν
1434 898 1486 948 ἐν
1525 898 1584 969 τῇ
1613 898 1864 969 Αἰθιοπίῃ,
1898 899 1978 951 καὶ

310 979 484 1034 Πανός
514 1001 573 1046 γε
603 979 715 1047 πέρι
749 980 834 1031 οὐκ
866 980 1045 1048 έχουσι
1083 982 1241 1033 εἰπεῖν
1281 982 1371 1052 ὅκῃ
1413 979 1652 1047 ἐτράπετο
1691 981 1974 1049 γενόμενος.

310 1066 437 1128 δῆλα
483 1061 549 1116 ὧν
599 1086 684 1129 μοι
730 1063 908 1131 γέγονε
956 1065 1032 1116 ὅτι
1076 1065 1289 1132 ὕστερον
1341 1065 1581 1117 ἐπύθοντο
1632 1067 1679 1117 οἱ
1723 1063 1977 1131 ’Έλληνες

308 1148 496 1200 τούτων
536 1149 598 1199 τὰ
639 1149 890 1213 οὐνόματα
930 1144 960 1213 ἢ
1005 1150 1067 1200 τὰ
1107 1155 1206 1201 τῶν
1249 1148 1420 1201 ἄλλων
1466 1152 1608 1202 θεῶν.
1696 1149 1781 1202 ἀπ’
1822 1150 1878 1201 οὗ
1922 1153 1977 1203 δὲ

311 1233 552 1284 ἐπύθοντο
607 1233 807 1301 χρόνου,
859 1232 957 1285 ἀπὸ
1010 1233 1186 1286 τούτου
1233 1232 1625 1301 γενεηλογέουσι
1675 1233 1836 1286 αὐτῶν
1884 1233 1976 1299 τὴν

310 1315 528 1383 γένεσιν.

391 1405 560 1453 Ταῦτα
600 1401 692 1467 μέν
732 1423 819 1454 νυν
861 1401 999 1454 αὐτοὶ
1041 1398 1304 1469 Αἰγύπτιοι
1342 1401 1571 1470 λέγουσι,
1603 1403 1703 1454 ὅσα
1742 1405 1796 1455 δὲ
1835 1404 1887 1456 οἵ
1921 1424 1976 1456 τε

307 1484 458 1538 ἄλλοι
489 1485 740 1554 ἄνθρωποι
772 1487 852 1539 καὶ
885 1487 1147 1553 Αἰγύπτιοι
1186 1486 1400 1554 λέγουσι
1441 1485 1802 1554 ὁμολογέοντες
1841 1491 1989 1543 τοῖσι.

309 1569 516 1622 ἄλλοισι
543 1573 664 1622 κατὰ
687 1571 869 1636 ταύτην
899 1570 990 1635 τὴν
1018 1571 1188 1639 χώρην
1217 1570 1472 1638 γενέσθαι,
1498 1570 1632 1623 ταῦτ’
1655 1570 1747 1637 ἤδη
1772 1570 1974 1639 φράσω·

309 1653 589 1721 προσέσται
627 1655 681 1707 δέ
720 1677 767 1707 τι
809 1655 1005 1707 αὐτοῖσι
1045 1657 1124 1708 καὶ
1164 1658 1249 1720 τῆς
1290 1658 1410 1721 ἐμῆς
1450 1657 1612 1723 ὄψιος.
1703 1658 1971 1723 ἐλευθερω-

311 1738 478 1792 θέντες
519 1740 783 1806 Αἶγύπτιοι
828 1741 954 1805 μετὰ
997 1739 1082 1791 τὸν
1125 1739 1231 1806 ἱρέα
1269 1739 1686 1808 τοῦ’“Ηφαίστου
1728 1741 1974 1806 βασιλεύ-

310 1844 471 1875 σαντα
518 1823 713 1886 (οὐδένα
760 1826 856 1891 γὰρ
902 1825 1087 1892 χρόνον
1135 1826 1236 1876 οἶοί
1282 1846 1337 1876 τε
1385 1823 1518 1888 ἦσαν
1566 1823 1680 1876 ἄνευ
1725 1823 1974 1890 βασιλέος

308 1906 610 1971 διαιτᾶσθαι)
670 1907 954 1972 ἐστήσαντο
1012 1908 1230 1960 δυώδεκα
1286 1908 1554 1973 βασιλέας,
1614 1903 1700 1975 [ἐς]
1759 1908 1974 1961 δυώδεκα

0 1978 481 2058 Μωῖᾗῖῧίρας
513 1991 787 2057 δασάμενοι
823 1994 1077 2059 Αἴγυπτον
1108 1996 1295 2045 πᾶσαν.
1369 1993 1504 2044 οὗτοι
1536 1993 1800 2062 ἐπιγαμίας
1829 2013 1969 2058 ποιη-

246 2264 273 2306 4

311 2074 521 2140 σάμενοι
553 2078 855 2142 ἐβασίλευον
889 2078 1088 2142 νόμοισι
1111 2078 1301 2129 τοισίδε
1329 2077 1619 2145 χρεώμενοι,
1651 2074 1775 2142 μήτε
1804 2097 1968 2129 καται-

308 2159 440 2226 ρέειν
479 2159 734 2225 ἀλλήλους
778 2159 903 2226 μήτε
948 2159 1104 2213 πλέον
1145 2183 1192 2213 τι
1233 2161 1462 2226 δίζησθαι
1502 2161 1638 2230 ἔχειν
1677 2160 1763 2212 τὸν
1804 2154 1972 2229 ἕτερον

310 2250 396 2296 τοῦ
428 2244 610 2311 ἑτέρου,
645 2245 776 2297 εἶναί
799 2267 853 2297 τε
886 2246 1068 2312 φίλους
1097 2247 1159 2296 τᾶ
1197 2244 1435 2310 μάλιστα.
1523 2248 1678 2297 τῶνδε
1718 2246 1771 2296 δὲ
1807 2246 1972 2297 εἵνεκα

310 2328 424 2382 τοὺς
476 2329 655 2394 νόμους
702 2331 902 2383 τούτους
953 2328 1223 2389 ἐποιέοντο,
1276 2331 1492 2397 ἰσχυρῶς
1539 2328 1969 2396 περιστέλλοντες·

313 2411 590 2480 ἐκέχρηστό
637 2421 733 2480 σφι
783 2413 886 2465 κατ’
939 2415 1096 2481 ἀρχᾶς
1144 2414 1316 2465 αὐτίκα
1368 2412 1741 2478 ἐνισταμένοισι
1789 2415 1839 2467 ἐς
1883 2415 1971 2467 τὰς

311 2497 598 2562 τυραννίδας
628 2497 713 2550 τὸν
748 2497 940 2570 χαλκέῃ
972 2497 1132 2570 φιάλῃ
1165 2499 1448 2551 σπείσαντα
1485 2497 1643 2549 αὐτῶν
1684 2499 1738 2549 ἐν
1773 2502 1840 2567 τῷ
1883 2499 1968 2567 ἱρῷ

364 2647 388 2683 3
421 2637 620 2688 Ἡρακλῆς
643 2635 680 2673 Α
695 2636 729 2674 Β
746 2637 778 2674 C
794 2636 827 2674 P
992 2637 1018 2673 6
1049 2637 1189 2690 ἄνδρας
1209 2634 1451 2688 ’γενομένους
1471 2635 1510 2673 A
1526 2634 1559 2672 B
1576 2635 1609 2673 C
1776 2646 1798 2684 7
1830 2633 1893 2686 δὲ]
1920 2650 1968 2676 τε

313 2687 352 2727 R
368 2689 449 2728 SV
572 2691 597 2728 8
629 2690 804 2744 ἐροίψατο
825 2689 864 2729 Α
879 2690 912 2728 Β
929 2690 989 2729 C:
1019 2691 1144 2744 ἆνερρ.
1172 2690 1202 2729 S
1225 2691 1418 2729 Eustath.
1442 2688 1567 2728 Dion.
1597 2700 1698 2738 1153
1825 2700 1871 2728 11
1900 2705 1968 2740 μοι

309 2743 364 2783 ὧν
384 2743 421 2782 Α
436 2744 470 2782 Β
487 2744 520 2782 C
535 2744 567 2782 P
682 2746 874 2797 ἐγέγονεν
896 2746 933 2782 R
949 2745 978 2784 S
992 2744 1030 2783 V
1209 2756 1256 2794 15
1285 2762 1331 2785 τε
1352 2758 1433 2783 om.
1458 2744 1495 2783 A
1511 2745 1544 2782 B
1560 2744 1593 2783 C
1762 2754 1809 2793 17
1837 2747 1970 2784 ταῦτα

312 2798 402 2836 RV
586 2813 640 2838 20
670 2801 737 2840 οἵω
764 2799 850 2838 RV
1030 2812 1077 2838 21
1112 2802 1150 2841 ἐς
1171 2812 1251 2839 om.
1277 2797 1411 2838 RSV
1593 2811 1646 2847 23
1675 2801 1813 2838 τοῖσδε
1832 2796 1966 2836 ABC

311 2864 363 2901 25
403 2852 447 2894 δὲ
477 2866 558 2892 om.
594 2853 729 2892 ABC
949 2856 1003 2892 26
1033 2855 1117 2905 ἐμοὶ
1146 2857 1332 2895 ποιεῦντο
1362 2852 1452 2891 RV
1616 2853 1804 2906 ἰσχυροὺς
1834 2850 1968 2891 RSV

310 2920 360 2955 27
407 2907 606 2962 ἐκέχρητό
641 2909 674 2946 C
699 2909 736 2947 R
760 2909 790 2948 S
810 2908 849 2947 V
1067 2910 1121 2947 28
1164 2911 1293 2950 αὐτῶν
1333 2911 1377 2949 ἐν
1414 2907 1489 2959 τῷ]
1531 2909 1579 2949 ἂν
1616 2912 1673 2948 τῶ
1713 2908 1771 2947 S:
1810 2908 1859 2948 ἂν
1886 2910 1967 2947 τῶν

313 2961 403 2999 RV

2002 586 2026 627 5

2005 1004 2053 1034 10

2001 1422 2050 1465 Ι5

1999 1843 2051 1872 20

1997 2240 2089 2304 25⁷
