2098 3320
698 115 1071 188 ΙΣΤΟΡΙΩΝ
1135 142 1181 189 Δ
1695 143 1713 163 ⁰
1813 147 1898 196 IV.
1933 150 2022 211 176

107 271 360 340 δερμάτων
383 272 551 324 πολλὰ
584 269 767 336 ἑκάστη
793 271 965 339 φορέει
999 275 1119 324 κατὰ
1148 274 1341 326 τοιόνδε
1371 295 1433 334 τι,
1461 274 1524 328 ὦς
1554 274 1772 342 λέγεται·

107 357 212 411 κατ’
235 356 388 424 ἄνδρα
419 356 634 408 ἕκαστον
665 355 936 423 μειχθέντα
966 358 1299 425 περισφύριον
1330 358 1621 425 περιδέεται·
1669 358 1698 424 ἣ
1731 360 1772 410 δ’

104 440 167 495 ἂν
189 444 408 495 πλεῖστα
434 439 544 512 ἔχῃ,
571 440 690 504 αὕτη
716 440 895 507 ἀρίστη
920 440 1144 494 δέδοκται
1168 441 1294 495 εἶναι
1317 443 1381 496 ὡς
1404 444 1497 496 ὑπὸ
1522 445 1775 496 πλείστων

106 527 299 594 ἀνδρῶν
339 527 632 593 φιληθεῖσα.
722 524 875 589 ἀκτὴν
916 528 970 578 δὲ
1010 525 1329 595 προέχουσαν
1371 529 1421 581 ἐς
1464 533 1549 580 τὸν
1590 529 1773 580 πόντον
1812 547 1897 596 177

17 634 20 639 ’
58 634 79 676 5
105 611 294 663 τούτων
327 614 427 662 τῶν
458 607 709 662 Γινδάνων
747 608 978 674 νέμονται
1015 609 1335 678 Λωτοφάγοι,
1374 612 1419 663 οἳ
1459 611 1546 663 τὸν
1588 612 1773 679 καρπὸν

104 699 289 761 μοῦνον
310 698 397 746 τοῦ
426 697 587 746 λωτοῦ
609 694 884 761 τρώγοντες
910 694 1104 758 ζώουσι.
1169 697 1195 746 ὁ
1220 697 1272 747 δὲ
1295 701 1381 748 τοῦ
1402 701 1566 747 λωτοῦ
1592 698 1773 762 καρπός

106 782 216 832 ἐστι
245 779 463 848 μέγαθος
492 779 616 830 ὅσον
639 799 692 830 τε
716 781 804 843 τῆς
828 780 1025 848 σχίνου,
1052 779 1333 846 γλυκύτητα
1364 783 1416 832 δὲ
1439 785 1526 832 τοῦ
1548 782 1774 848 φοίνικος
1798 786 2098 836 Quum

104 869 171 935 τῷ
205 869 370 935 καρπῷ
401 864 744 929 προσείκελος.
819 868 1068 916 ποιεῦνται
1099 867 1152 916 δὲ
1185 866 1238 916 ἐκ
1269 869 1354 916 τοῦ
1385 869 1571 932 καρποῦ
1601 865 1775 918 τούτου

0 1011 5 1026 ‚
106 952 152 1002 οἱ
178 947 479 1016 Λωτοφάγοι
512 948 590 1000 καὶ
621 948 773 1000 οἶνον.
843 947 1167 1015 Λωτοφάγων
1193 951 1245 1000 δὲ
1269 949 1326 1000 τὸ
1350 951 1482 1016 παρὰ
1507 948 1774 1002 θάλασσαν
1813 955 1900 1015 178

0 1046 7 1111 ᾗ
34 1055 84 1086 10
106 1034 308 1104 ἔχονται
361 1031 619 1102 Μάχλυες,
677 1029 780 1103 [τῷ]
832 1037 975 1103 λωτῷ
1023 1035 1115 1099 μὲν
1170 1034 1247 1085 καὶ
1301 1034 1435 1085 οῦτοι
1483 1034 1770 1102 χρεώμενοι,

104 1120 226 1186 ἀτὰρ
247 1118 414 1184 ἧσσόν
445 1138 503 1185 γε
533 1122 631 1169 τῶν
662 1117 904 1184 πρότερον
935 1116 1236 1185 λεχθέντων.
1316 1117 1578 1182 κατήκουσι
1610 1120 1662 1169 δὲ
1694 1119 1774 1170 ε’πὶ

32 1215 34 1218 ’
105 1201 328 1269 ποταμὸν
357 1201 518 1269 μέγαν
548 1207 615 1272 τῷ
647 1202 834 1267 οὔνομα
856 1203 1050 1269 Τρίτων
1082 1203 1208 1254 ἐστί·
1257 1204 1441 1254 ἐκδιδοῖ
1469 1205 1520 1254 δὲ
1550 1202 1692 1255 οὗτος
1725 1205 1774 1255 ἐς

104 1288 286 1354 λίμνην
314 1285 542 1354 μεγάλην
564 1287 859 1353 Τριτωνίδα·
907 1288 961 1338 ἐν
984 1289 1037 1339 δὲ
1068 1288 1189 1359 αὐτῇ
1220 1289 1374 1351 νῆσος
1405 1287 1476 1339 ἔνι
1506 1288 1564 1358 τῇ
1589 1286 1774 1351 οὔνομα

106 1371 239 1424 Φλά.
327 1372 508 1437 ταύτην
544 1373 597 1423 δὲ
638 1371 729 1435 τὴν
764 1374 920 1436 νῆσον
959 1373 1402 1437 Λακεδαιμονίοισί
1434 1377 1563 1437 φασι
1599 1372 1775 1438 λοίγιον
1813 1369 2032 1419 eveno&-

34 1477 80 1520 ¹5
106 1456 232 1510 εῒναι
263 1458 444 1510 κτίσαι.

181 1541 335 1594 Ἔστι
379 1543 432 1592 δὲ
478 1542 556 1593 καὶ
599 1541 683 1592 ὅδε
726 1541 878 1608 λόγος
924 1543 1211 1608 λεγόμενος,
1255 1538 1475 1604 Ἰήσονα,
1521 1541 1682 1592 ἐπείτε
1728 1542 1774 1591 οἱ
1811 1555 1901 1604 179

107 1625 385 1694 ἐξεργάσθη
430 1625 527 1677 ὑπὸ
571 1630 638 1696 τῷ
685 1627 863 1696 Πηλίῳ
906 1625 936 1691 ἡ
983 1625 1164 1693 Ἀργώ,
1212 1623 1481 1690 ἐσθέμενον
1529 1626 1580 1678 ἐς
1623 1624 1775 1688 αὐτὴν

107 1710 272 1776 ἄλλην
301 1732 356 1764 τε
387 1711 674 1776 ἑκατόμβην
700 1710 778 1762 καὶ
809 1709 868 1775 δὴ
901 1710 981 1762 καὶ
1012 1710 1219 1776 τρίποδα
1247 1708 1464 1777 χάλκεον
1489 1708 1775 1775 περιπλέειν

0 800 14 882 ξὲ

110 1796 508 1860 Πελοπόννησον
530 1796 846 1860 βουλόμενον
870 1796 922 1849 ἐς
949 1795 1188 1862 Δελφοὺς
1212 1791 1495 1846 ἀπικέσθαι.
1572 1795 1656 1845 καί
1673 1815 1771 1857 μιν,
1808 1815 1833 1846 2

35 1906 86 1936 20
109 1879 174 1934 ὣς
224 1878 446 1933 πλέοντα
496 1878 733 1948 γενέσθαι
786 1881 910 1931 κατὰ
973 1878 1200 1943 Μαλέην,
1256 1879 1536 1943 ὑπολαβεῖν
1595 1877 1774 1942 ἄνεμον

108 1963 298 2032 βορέην
327 1965 407 2017 καὶ
438 1963 715 2032 ἀποφέρειν
744 1963 867 2031 πρὸς
897 1963 988 2028 τὴν
1012 1964 1226 2029 Λιβύην·
1274 1962 1388 2028 πρὶν
1413 1965 1466 2014 δὲ
1491 1960 1775 2013 κατιδέσθαι

75 2051 218 2116 -γῆν,
265 2050 320 2102 ἐν
371 2054 505 2102 τοῖσι
555 2049 781 2119 βράχεσι
824 2047 1062 2116 γενέσθαι
1106 2049 1283 2113 λίμνης
1327 2049 1415 2111 τῆς
1458 2047 1768 2112 Τριτωνίδος.

90 2134 197 2186 γκαί
213 2135 260 2186 οἱ
284 2132 545 2202 ἀπορέοντι
574 2133 665 2199 τὴν
688 2132 948 2202 ἐξαγωγὴν
977 2134 1132 2200 λόγος
1164 2132 1272 2184 ἐστὶ
1304 2134 1522 2198 φανῆναι
1550 2131 1776 2196 Τρίτωνα

111 2217 191 2270 καὶ
222 2218 444 2271 κελεύειν
473 2218 560 2271 τὸν
583 2218 786 2284 Ἰήσονα
810 2222 972 2288 ἑωυτῷ
998 2221 1167 2270 δοῦναι
1192 2216 1278 2269 τὸν
1302 2217 1524 2282 τρίποδα,
1554 2213 1776 2281 φάμενόν
1832 2266 1834 2268 .

36 2330 84 2374 ²5
111 2308 212 2371 σφι
263 2303 342 2355 καὶ
400 2302 486 2355 τὸν
544 2304 696 2371 πόρον
757 2302 918 2369 δέξειν
978 2302 1056 2354 καὶ
1115 2302 1373 2368 ἀπήμονας
1431 2298 1773 2351 ἀποστελέειν.
1821 2318 1824 2321 ·

1 2390 3 2392 ’
110 2386 404 2454 πειθομένου
440 2390 502 2440 δὲ
530 2393 615 2440 τοῦ
645 2387 871 2452 ’[ήσονος
906 2389 1032 2440 οὕτω
1069 2386 1125 2451 δὴ
1163 2388 1248 2438 τόν
1285 2406 1338 2437 τε
1375 2383 1641 2436 διέκπλοον
1678 2388 1775 2433 τῶν
1811 2400 1835 2442 3

109 2470 349 2540 βραχέων
379 2473 626 2525 δεικνύναι
658 2471 745 2525 τὸν
774 2471 1004 2539 Τρίτωνά
1036 2478 1134 2538 σφι
1163 2470 1243 2522 καὶ
1272 2469 1359 2521 τὸν
1389 2469 1594 2535 τρίποδα
1618 2470 1775 2518 θεῖναι

113 2558 167 2618 ἐν
200 2561 268 2627 τῷ
305 2558 488 2609 ἑωυτοῦ
524 2559 610 2628 ἱρῷ
655 2554 1054 2610 ἐπιθεσπίσαντά
1091 2576 1145 2607 τε
1181 2560 1248 2624 τῷ
1289 2554 1482 2619 τρίποδι
1524 2552 1602 2602 καὶ
1643 2555 1777 2601 τοῖσι

112 2639 206 2693 σὺν
250 2639 443 2706 Ἰήσονι
488 2640 781 2707 σημήναντα
833 2640 919 2693 τὸν
965 2628 1125 2692 πάντα
1168 2639 1340 2705 λόγον,
1387 2637 1451 2690 ὡς
1495 2637 1646 2688 ἐπεὰν
1690 2637 1776 2684 τόν

165 2793 191 2819 2
223 2783 425 2832 μιχθέντα
453 2780 487 2819 L
656 2779 790 2822 δέεται
822 2779 989 2818 PRVt
1029 2777 1187 2819 δέδεται
1219 2777 1250 2816 S
1470 2787 1495 2824 3
1525 2772 1662 2815 δέδοκε
1695 2773 1777 2812 SV

111 2848 136 2885 4
166 2834 336 2889 προσέχ.
364 2834 404 2872 R
420 2834 502 2874 SV
617 2834 789 2886 πόντον]
813 2833 941 2876 τόπον
963 2833 1003 2873 R
1152 2845 1176 2882 5
1205 2847 1350 2873 τουτον
1370 2829 1424 2869 C‘'
1575 2840 1594 2877 7
1624 2827 1776 2880 γλυκύ-

111 2906 219 2932 τατα
239 2889 279 2928 R
395 2903 444 2929 10
473 2894 530 2942 τῷ
551 2902 634 2929 om.
660 2889 693 2928 P
710 2889 747 2927 R
764 2889 794 2928 S
809 2890 844 2928 V
962 2901 1010 2928 12
1039 2889 1104 2929 καὶ
1127 2889 1278 2928 ἐκδιδοῖ
1294 2884 1338 2927 δὲ
1360 2884 1393 2924 C
1510 2897 1557 2933 14
1586 2886 1779 2924 Λακεδαι-

111 2944 241 2996 μόνιοι
265 2945 297 2983 Ρ
407 2943 535 2998 λόγον
558 2944 597 2982 R
614 2944 697 2984 SV
855 2956 901 2993 17
936 2942 1148 2994 ἐσθέμενος
1168 2941 1207 2980 Α
1221 2941 1256 2981 C
1399 2940 1447 2978 18
1476 2940 1721 2992 περιπλώειν
1742 2936 1778 2976 L

113 3012 168 3039 20
197 2998 362 3049 Μελέην
383 2998 423 3037 R
574 3011 624 3038 21
658 3001 786 3053 βορῆν
804 2997 843 3038 Α
858 2998 892 3037 Β
907 2998 982 3039 C⁰:
1016 3001 1142 3051 βορᾶν
1162 2995 1214 3037 C¹
1363 3008 1414 3034 22
1444 2992 1618 3047 τραχέσι
1641 2991 1680 3030 R
1696 2990 1778 3032 SV

114 3067 166 3106 25
196 3054 338 3109 δείξειν
359 3053 394 3093 L
561 3066 616 3106 29
645 3052 885 3106 σημάναντα
906 3053 943 3092 R
961 3052 990 3091 S
1004 3053 1043 3092 V

1536 3090 1612 3133 26*
