2098 3320
58 153 98 209 Ι.
115 165 184 221 97

154 625 224 688 98
262 623 415 677 ταῦτά
441 647 499 697 κῃ
529 624 765 692 λέγοντες
790 628 1018 679 πείθουσι
1051 627 1259 680 ἑωυτοὺς
1291 629 1675 693 βασιλεύεσθαι.

11 1187 128 1240 mm

25 1238 150 1275 υκᾴὶ

0 1266 7 1275 ,

11 1279 21 1287 ι

876 157 1304 209 ΗΡΟΔΟΤΟΎ

197 309 223 353 3
262 283 439 355 φίλοι)·
487 287 563 339 Οὐ
599 288 693 355 γὰρ
729 287 787 353 δὴ
827 289 990 359 τρόπῳ
1032 294 1098 359 τῷ
1137 290 1371 358 παρεόντι
1411 290 1685 358 χρεώμενοι
1724 291 1928 343 δυνατοί

262 373 398 437 εἰμεν
450 370 629 424 οἰκέειν
677 371 765 437 τὴν
817 373 1003 441 χώρην,
1052 373 1175 441 φέρε
1228 372 1497 441 στήσωμεν
1547 373 1712 441 ἡμέων
1763 373 1924 433 αὐτῶν

261 454 502 521 βασιλέα·
551 457 630 508 καὶ
661 457 786 508 οὕτω
817 457 849 522 ἤ
877 479 932 510 τε
961 459 1096 526 χώρη
1141 458 1471 525 εὐνομήσεται
1512 460 1591 511 καὶ
1629 459 1767 511 αὐτοὶ
1802 463 1924 526 πρὸς

263 541 386 608 ἔργα
443 541 731 609 τρεψόμεθα
764 543 900 594 ὀὐδὲ
958 542 1039 595 ὑπ’
1092 543 1297 608 ἀνομίης
1355 542 1626 595 ἀνάστατοι
1684 543 1920 608 ἐσόμεθα.

263 712 317 762 δὲ
353 709 788 776 προβαλλομένων
824 711 995 763 ὅντινα
1038 710 1324 776 στήσωνται
1359 711 1599 777 βασιλέα,
1634 713 1660 762 ὁ
1703 712 1921 776 Δηιόκης

263 793 324 859 ἧν
376 794 567 847 πολλὸς
624 793 721 847 ὑπὸ
773 799 956 850 παντὸς
1014 796 1190 862 ἀνδρὸς
1245 797 1323 847 καὶ
1370 796 1787 863 προβαλλόμενος
1839 796 1919 847 καὶ

205 899 230 931 2
264 879 563 944 αἰνεόμενος,
593 880 642 932 ἐς
672 877 698 930 ὃ
728 883 901 931 τοῦτον
926 879 1239 932 καταινέουσι
1259 879 1484 945 βασιλέα
1508 882 1661 947 σφίσι
1692 879 1831 932 εἶναι.
1893 881 1920 930 ὃ

264 962 307 1014 δ’
331 961 528 1016 ἐκέλευε
559 962 734 1017 αὐτοὺς
756 965 886 1015 οἰκία
915 985 970 1016 τε
994 967 1156 1034 ἑωυτῷ
1187 964 1301 1030 ἄξια
1323 967 1409 1029 τῆς
1432 965 1708 1030 βασιληίης
1730 966 1918 1016 οἰκοδο-

263 1050 422 1114 μῆσαι
454 1047 533 1099 καὶ
574 1052 805 1114 κρατῦναι
841 1048 987 1101 αὐτὸν
1025 1050 1363 1116 δορυφόροισι.
1440 1053 1636 1101 ποιεῦσι
1671 1048 1729 1113 δὴ
1767 1052 1919 1100 ταῦτα

264 1134 310 1184 οἱ
342 1135 522 1198 Μῆδοι·
570 1131 915 1198 οἰκοδομέουσί
954 1154 1007 1185 τε
1050 1135 1145 1201 γὰρ
1190 1133 1318 1204 αὐτῷ
1356 1134 1484 1185 οἰκία
1527 1131 1722 1200 μεγάλα
1755 1154 1809 1185 τε
1841 1132 1920 1184 καὶ

229 1216 465 1285 ῖιίσχυρά,
500 1217 580 1268 ἵνα
612 1216 758 1271 αὐτὸς
788 1217 984 1286 ἔφρασε
1007 1220 1094 1283 τῇς
1122 1218 1302 1286 χώρης,
1345 1219 1424 1269 καὶ
1456 1218 1756 1284 δορυφόρους
1789 1217 1918 1286 αὐτῷ

1751 627 1922 679 αὐτίκα
1948 649 1971 690 5

1953 1069 2000 1098 10

0 1292 162 1354 Μ’ῒ·
206 1324 231 1368 3
267 1299 587 1368 ἐπιτρέπουσι
641 1303 696 1354 ἐκ·
742 1301 942 1354 πάντων
988 1301 1177 1367 Μήδων
1223 1298 1608 1365 καταλέξασθαι.
1684 1303 1710 1352 ὁ
1750 1303 1803 1353 δὲ
1857 1301 1922 1353 ὣς
1964 1350 1972 1357 ,

0 1475 210 1540 ωᾶιῧδ..

0 1901 209 1948 mma.

266 1384 391 1453 ἔσχε
426 1384 516 1450 τὴν
548 1385 725 1454 ἀρχήν,
758 1385 871 1439 τοὺς
903 1384 1107 1451 Μήδους
1142 1385 1401 1453 ἠνάγκασε
1437 1386 1490 1438 ἓν
1520 1386 1747 1451 πόλισμα
1778 1383 1919 1449 ποιή-

267 1468 457 1522 σασθαι
510 1470 588 1522 καὶ
623 1474 766 1521 τοῦτο
807 1470 1233 1542 περιστ-έλλοντας
1262 1476 1360 1523 τῶν
1390 1470 1560 1522 ἄλλων
1604 1469 1772 1535 ἧσσον
1814 1471 1920 1522 ἐπι-

242 1553 526 1620 μέλεσθαι.
602 1553 907 1619 πειθομένων
937 1558 990 1607 δὲ
1022 1555 1101 1606 καὶ
1130 1560 1282 1606 ταῦτα
1310 1560 1408 1607 τῶν
1442 1553 1628 1619 Μήδων
1651 1551 1924 1619 οἰκοδομέει

265 1639 436 1706 τείχεα
479 1637 676 1705 μεγάλα
715 1660 768 1691 τε
816 1640 895 1691 καὶ
941 1638 1164 1706 καρτερά,
1205 1644 1358 1691 ταῦτα
1400 1641 1461 1690 τὰ
1504 1643 1591 1690 νῦν
1629 1637 1925 1705 Ἀγβάτανα

206 1743 234 1786 4
269 1721 521 1787 κέκληται,
555 1722 722 1789 ἕτερον
760 1722 909 1793 ἑτέρῳ
946 1723 1108 1793 κύκλῳ
1144 1725 1434 1776 ἐνεστεῶτα.
1496 1721 1840 1790 μεμηχάνηται
1869 1723 1923 1773 δὲ

1943 1485 2000 1526 ‚15

268 1808 394 1860 οὕτω
419 1811 561 1859 τοῦτο
591 1806 647 1858 τὸ
670 1811 836 1876 τεῖχος
866 1808 997 1860 ὥστε
1021 1809 1047 1858 ὁ
1071 1808 1237 1875 ἕτερος
1266 1813 1352 1860 τοῦ
1382 1806 1551 1874 ἐτέρου
1589 1807 1765 1859 κύκλος
1792 1810 1927 1858 τοῖσι
1989 1863 1994 1867 ‚

268 1896 595 1960 προμαχεῶσι
628 1891 863 1956 μούνοισί
890 1894 999 1944 ἐστι
1029 1893 1358 1959 ὑψηλότερος.
1444 1891 1500 1943 τὸ
1529 1890 1620 1957 μέν
1651 1890 1738 1942 κού
1767 1911 1815 1941 τι
1846 1889 1926 1941 καὶ

268 1979 324 2027 τὸ
360 1977 544 2043 χωρίον
583 1975 862 2045 συμμαχέει
903 1976 1120 2030 κολωνὸς
1157 1977 1250 2028 ἐὼν
1287 1977 1418 2029 ὥστε
1458 1980 1650 2027 τοιοῦτο
1691 1974 1830 2033 εἶναι,
1868 1972 1926 2025 τὸ

0 2044 236 2137 *laxs
269 2062 322 2111 δὲ
368 2059 447 2110 καὶ
496 2061 693 2125 μᾶλλόν
736 2081 784 2112 τι
828 2061 1141 2126 ἐπετηδεύθη.
1231 2061 1422 2113 κύκλων
1465 2057 1555 2127 (δ’)
1601 2059 1783 2111 ἐόντων
1827 2062 1926 2109 τῶν

0 2521 168 2579 *qn-(⁴²)

271 2142 597 2196 συναπάντων
619 2143 757 2204 ἑπτά,
782 2146 836 2196 ἐν
859 2144 917 2209 δὴ
936 2146 1003 2215 τῷ
1024 2145 1289 2214 τελευταίῳ
1309 2147 1370 2196 τὰ
1389 2142 1639 2210 βασιλήια
1659 2142 1826 2194 ἔνεστι
1848 2141 1927 2193 καὶ

271 2230 318 2280 οἱ
342 2228 596 2294 θησαυροί.
645 2227 702 2279 τὸ
746 2228 789 2279 δ’
835 2229 994 2281 αὐτῶν
1037 2229 1280 2296 μέγιστόν
1326 2230 1435 2280 ἐστι
1470 2233 1637 2296 τεῖχος
1679 2228 1803 2278 κατὰ
1841 2224 1928 2277 τὸν

270 2310 522 2376 Ἀθηνέων
582 2311 762 2363 κύκλον
805 2312 1029 2378 μάλιστά
1073 2334 1132 2384 κῃ
1189 2312 1246 2364 τὸ
1289 2312 1516 2380 μέγαθος.
1591 2316 1677 2363 τοῦ
1733 2312 1824 2375 μὲν
1869 2307 1926 2373 δὴ

271 2396 466 2462 πρώτου
498 2396 680 2447 κύκλου
710 2398 756 2448 οἱ
779 2396 1132 2464 προμαχεῶνές
1164 2398 1264 2449 εἰσι
1292 2397 1475 2455 λευκοί,
1502 2400 1589 2447 τοῦ
1619 2398 1672 2446 δὲ
1701 2391 1929 2459 δευτέρου

270 2478 498 2544 μέλανες,
524 2481 688 2545 τρίτου
733 2483 786 2532 δὲ
828 2481 1006 2533 κύκλου
1047 2483 1307 2547 φοινίκεοι,
1344 2479 1577 2547 τετάρτου
1621 2482 1674 2531 δὲ
1716 2476 1925 2536 κυάνεοι,

0 2570 240 2628 *notsssffi
271 2562 496 2628 πέμπτου
547 2566 601 2614 δὲ
660 2564 1026 2635 σανδαράκινοι.
1102 2566 1228 2617 οὕτω
1270 2563 1469 2617 πάντων
1509 2568 1607 2615 τῶν
1644 2563 1836 2614 κύκλων
1861 2562 1929 2612 ὀἳ

272 2652 622 2715 προμαχεῶνες
652 2647 943 2714 ἠνθισμένοι
974 2649 1073 2701 εἰσὶ
1105 2647 1430 2717 φαρμάκοισι·
1477 2648 1562 2699 δύο
1593 2650 1645 2699 δὲ
1677 2648 1723 2698 οἱ
1759 2651 1927 2698 τελευ-

326 2798 351 2834 3
382 2797 443 2835 pr.
470 2786 534 2825 καὶ
554 2799 634 2826 om.
658 2786 691 2825 C
831 2800 855 2835 4
886 2789 1121 2840 τρεψώμεθοι
1141 2788 1186 2826 C'
1321 2789 1348 2825 6
1375 2786 1540 2827 τόντινα
1560 2786 1593 2824 C
1706 2785 1931 2832 στήσονται

270 2839 305 2878 C
322 2838 356 2877 Ρ
489 2853 536 2888 14
566 2841 773 2892 ἠνάγκασε
796 2841 1028 2892 ἐμπόλισμα
1049 2842 1082 2879 Ρ
1215 2843 1264 2879 16
1292 2840 1536 2891 οἰκοδομέειν
1557 2841 1590 2878 C
1708 2851 1755 2886 17
1787 2836 1927 2884 '131ch-

269 2910 372 2935 τανα
394 2895 427 2932 Ρ
564 2909 611 2933 21
647 2897 714 2936 ἐὸν
735 2897 768 2933 Ρ
912 2910 965 2934 22
996 2898 1030 2937 δ’
1051 2897 1145 2936 add.
1173 2895 1369 2945 Krueger
1506 2907 1558 2943 23
1588 2892 1876 2934 συναπτόντων
1898 2891 1931 2929 Ρ

270 2949 320 2996 δὴ
351 2949 765 3000 Schweighaeuser:
806 2949 850 2991 δὲ
883 2951 916 2988 L
1094 2962 1146 2999 25
1187 2950 1385 2999 Ἀθηνέων
1422 2949 1605 2988 Reiske':
1645 2947 1864 2995 Ἀθηναίων
1895 2946 1929 2983 L

269 3002 439 3055 μέγεθος
463 3004 495 3041 L
687 3006 740 3044 28
771 3004 1051 3059 σανδαράκινοι
1072 3003 1154 3044 A²:
1187 3008 1375 3058 στονδαρ.
1400 3005 1432 3043 L
1542 3002 1704 3044 πάντων
1723 3000 1825 3052 τῶν]
1847 3003 1930 3041 τῶν

269 3057 391 3099 πέντε
414 3058 537 3098 Stein
767 3060 769 3062 ’

1955 1903 2004 1932 20

1955 2324 2002 2367 25
