2098 3320
724 110 1103 170 ΙΣΤΟΡΙΩΝ
1166 124 1211 170 Δ

79 265 85 272 ·
133 250 340 305 λοιποὺς
361 248 744 317 τῶνΒαρκαίων
769 253 814 303 οἳ
842 251 1036 319 Πέρσαι
1066 254 1549 321 ἀνδραποδισάμενοι
1580 256 1800 323 ἀπήισαν

55 332 74 403 ᾗ
134 337 315 390 ὀπίσω·
362 336 442 388 καὶ
486 336 651 388 ἐπείτε
690 336 772 388 ἐπὶ
812 343 872 409 τῆ
915 340 1203 404 Κυρηναίων
1243 340 1363 392 πόλι
1409 340 1711 406 ἐπέστησαν,
1755 346 1800 395 οἱ

135 423 406 488 Κυρηναῖοι
440 420 615 487 λόγιόν
651 441 699 472 τι
735 421 1089 487 ἀποσιεύμενοι
1125 421 1353 488 διεξῆκαν
1391 424 1565 480 αὐτοὺς
1600 428 1678 478 διὰ
1715 432 1802 479 τοῦ

134 504 332 559 ἄστεος.
420 502 702 569 διεξιούσης
746 507 798 556 δὲ
843 526 931 570 της
983 527 1218 572 στρατιης
1265 507 1457 574 Βάδρης
1503 513 1595 575 μὲν
1643 512 1669 561 ὁ
1716 516 1803 563 τοῦ

89 612 110 652 5
136 592 364 643 ναυτικοῦ
417 593 632 655 στρατοῦ
684 588 963 656 στρατηγὸς
1013 589 1210 643 ἐκέλευε
1262 591 1445 659 αἱρέειν
1492 594 1581 658 τὴν
1635 596 1800 653 πόλιν,

40 663 45 667 ,
127 663 348 740 ’Ἄμασις
385 675 437 725 δὲ
479 674 504 723 ὁ
540 677 626 724 τοῦ
663 673 810 737 πεζοῦ
847 672 933 724 οὐκ
975 673 1047 725 ἔα·
1095 675 1175 727 ἐπὶ
1215 674 1410 742 Βάρκην
1448 680 1541 745 γὰρ
1579 679 1798 730 ἀποστα-

134 760 284 823 λῆναι
311 758 499 823 μούνην
528 756 806 822 Ἑλληνίδα
838 758 1003 811 πόλιν·
1053 760 1102 813 ἐς
1134 758 1159 810 ὃ
1190 759 1503 825 διεξελθοῦσι
1535 763 1612 814 καὶ
1644 763 1801 828 ἱζομέ-

136 863 269 896 νοισι
293 841 374 895 ἐπὶ
399 846 521 896 Διὸς
544 843 760 894 Λυκαίου
783 844 937 910 ὄχθον
968 842 1280 908 μετεμέλησέ
1305 851 1401 912 σφι
1425 846 1479 898 οὐ
1506 851 1692 914 σχοῦσι
1714 847 1804 911 τὴν

135 925 378 995 Κυρήνην.
469 927 548 978 καὶ
578 928 844 993 ἐπειρῶντο
875 926 931 978 τὸ
963 927 1190 995 δεύτερον
1221 927 1446 994 παριέναι
1478 933 1527 983 ἐς
1558 929 1724 995 αὐτήν,
1759 933 1805 983 οἱ

11 1060 23 1078 -·.
65 1035 114 1065 ιο
137 1014 190 1064 δὲ
213 1015 481 1078 Κυρηναῖοι
504 1011 561 1063 οὗ
585 1011 854 1078 περιώρων.
924 1017 1058 1064 τοῖσι
1082 1014 1134 1064 δὲ
1158 1011 1394 1084 Πέρσῃσι
1417 1014 1615 1068 οὐδενὸς
1643 1036 1801 1083 μαχο-

135 1094 286 1163 μένου
327 1097 492 1164 φόβος
535 1095 760 1155 ἐνέπεσε,
806 1096 1175 1162 ἀποδραμόντες
1217 1100 1269 1149 δὲ
1309 1098 1434 1149 ὅσον
1473 1120 1526 1150 τε
1568 1097 1806 1164 ἑξήκοντα

137 1179 320 1233 στάδια
364 1181 542 1248 ἵζοντο.
637 1179 878 1246 ἱδρυθέντι
924 1184 975 1233 δὲ
1015 1186 1083 1250 τῷ
1130 1181 1447 1252 στρατοπέδῳ
1490 1183 1640 1255 ταύτῃ
1683 1182 1804 1247 ἦλθε

0 1310 11 1364 ἱ
137 1267 270 1332 παρὰ
292 1263 572 1331 Ἀρυάνδεω
606 1264 821 1332 ἄγγελος
855 1265 1151 1317 ἀποκαλέων
1183 1266 1374 1319 αὐτούς.
1449 1270 1495 1319 οὶ
1526 1269 1578 1319 δὲ
1610 1267 1806 1334 Πέρσαι

0 1366 71 1447 ξ
138 1350 428 1417 Κυρηναίων
467 1347 724 1414 δεηθέντες
765 1349 939 1401 ἐπόδιά
984 1357 1082 1417 σφι
1121 1353 1288 1402 δοῦναι
1327 1350 1519 1418 ἔτυχον,
1558 1353 1807 1417 λαβόντες

0 1449 11 1503 ξ
65 1457 111 1500 15
137 1436 190 1487 δὲ
227 1438 380 1487 ταῦτα
416 1432 818 1486 ἀπαλλάσσοντο
856 1436 906 1488 ἐς
944 1456 1032 1498 την
1066 1436 1334 1501 Αἴγυπτοι.
1425 1436 1806 1502 παραλαβόντες

0 1515 8 1570 5
137 1521 191 1572 δὲ
247 1518 306 1571 τὸ
368 1521 591 1572 ἐνθεῦτεν
651 1518 825 1573 αὐτοὺς
876 1520 1062 1586 Λίβυες
1120 1522 1207 1583 τῆς
1264 1541 1317 1571 τε
1377 1521 1587 1584 ἐσθῆτος
1646 1521 1806 1571 εἵνεκα

139 1603 218 1656 καὶ
261 1607 349 1669 τῆς
394 1607 574 1669 σκευῆς
629 1603 742 1658 τοὺς
793 1603 1217 1691 ὑπολειζτῃομένους
1268 1603 1426 1656 αὐτῶν
1473 1605 1551 1656 καὶ
1600 1606 1803 1672 ε’πελκ,ο-

135 1686 313 1755 μένους
353 1691 609 1757 ἐφόνευον,
655 1691 705 1743 ἐς
745 1688 771 1740 ὃ
812 1691 863 1743 ἐς
903 1688 993 1753 τὴν
1031 1691 1285 1755 Αἴγυπτον
1326 1690 1574 1741 ἀπίκοντο.
1667 1688 1809 1742 οὗτος

137 1775 164 1824 ὁ
201 1771 446 1841 Περσέων
482 1778 694 1842 στρατὸς
730 1777 818 1839 τῆς
853 1773 1048 1839 Λιβύης
1089 1772 1344 1825 ἑκαστάτω
1384 1775 1433 1827 ἐς
1472 1772 1810 1839 Εὐεσπερίδας

0 1875 17 1883 “’
64 1877 114 1907 20
138 1856 276 1923 ἦλθε.
364 1859 478 1912 τοὺς
515 1861 568 1911 δὲ
607 1858 1037 1926 ἠνδραποδίσαντο
1073 1862 1171 1910 τῶν
1208 1858 1480 1924 Βαρκαίων
1520 1858 1719 1911 τούτους
1756 1860 1808 1907 δὲ

1811 755 2098 866 3375·

1841 128 1927 182 IV.
1956 142 2056 192 203

1842 536 1864 567 2

1858 806 2098 897 ‹effu-u

1848 1033 1868 1047 ἢ
1927 1044 1929 1046 .

1847 1444 2098 1546 4352&

1817 1605 2088 1685 smmum

1847 1703 1950 1750 204

139 1945 194 1994 ἐκ
245 1945 333 2008 τῆς
378 1943 631 2011 Αἰγύπτου
685 1942 1335 2007 dvaffwdffrovg-flrofnffav
1383 1944 1515 2008 παρὰ
1566 1940 1806 2006 βασιλέα·
1826 1934 2098 1997 Gan-*bb*

137 2027 386 2092 βασιλεὺς
443 2027 499 2079 δέ
558 2033 656 2095 σφι
716 2032 930 2095 Δαρειος
989 2027 1140 2079 ἔδωκε
1197 2030 1285 2092 τῆς
1347 2026 1586 2092 Βακτρίης
1644 2026 1809 2093 χώρης

140 2111 307 2177 κώμην
338 2114 844 2179 ἐγκατοικῆσαι.οἱ
881 2115 934 2164 δὲ
969 2119 1030 2184 τῇ
1068 2112 1204 2183 κώμῃ
1234 2112 1386 2182 ταύτῃ
1418 2111 1602 2175 οὕνομα
1637 2110 1809 2161 ἔθεντο

138 2195 352 2263 Βάρκην,
404 2197 436 2261 ἥ
485 2219 576 2264 περ
624 2198 698 2250 ἔτι
747 2197 825 2249 καὶ
878 2198 928 2249 ἐς
983 2198 1068 2261 ἐμὲ
1122 2194 1181 2260 ἧν
1233 2194 1488 2260 οἰκεομένη
1539 2196 1591 2245 ἐν
1638 2195 1700 2265 ’γῇ
1749 2195 1807 2264 τῇ

0 2276 1 2280 ’
38 2298 113 2351 ¹25
139 2281 368 2353 Βακτρίῃ.

1749 2363 1767 2379 N

1839 2333 1994 2379 M.

222 2366 299 2418 Οὐ
326 2368 419 2431 μὲν
445 2366 609 2432 0ὗὸὲὴ
635 2366 881 2433 Φερετίμη
916 2365 969 2418 εὖ
999 2363 1089 2429 τὴν
1116 2365 1231 2429 ζόην
1264 2360 1551 2432 κατέπλεξε.
1623 2362 1688 2415 ὡς
1711 2383 1805 2429 γαρ
1844 2379 1944 2429 205

139 2448 196 2514 δὴ
220 2448 439 2518 τάχιστα
469 2452 524 2502 ἐκ
554 2453 642 2516 τῆς
664 2449 858 2517 Λιβύης
888 2447 1157 2514 τεισαμένη
1182 2447 1294 2501 τοὺς
1326 2446 1592 2513 Βαρκαίους
1623 2446 1802 2497 ἀπενό-

196 2600 214 2627 1
247 2587 420 2630 ἀπίεσαν
439 2587 528 2628 ΑΒ
543 2588 577 2627 C
596 2602 605 2628 z
635 2588 877 2641 ἆπήωεσαν
897 2587 989 2627 rell.
1153 2599 1177 2625 2
1208 2585 1326 2626 πόλει
1349 2584 1382 2623 C
1398 2583 1435 2622 R
1450 2583 1487 2622 V
1597 2596 1622 2632 4
1652 2582 1803 2636 Βάδρης

140 2643 208 2682 R:
237 2646 364 2697 Βδρῆς
383 2643 446 2685 V:
479 2643 664 2697 Μάνδρης
686 2643 745 2683 S:
775 2643 832 2684 Βά
833 2659 902 2696 ρης
924 2641 1016 2681 rell.
1230 2641 1257 2679 6
1286 2638 1343 2680 Βά
1343 2655 1416 2692 ρην
1439 2637 1472 2676 C
1681 2650 1731 2676 10
1760 2640 1804 2677 οὐ

137 2709 219 2738 om.
246 2697 286 2736 R
301 2698 384 2737 SV
556 2711 601 2738 11
634 2715 682 2740 τε
702 2699 801 2739 ὅσον
820 2715 867 2738 τε
889 2697 1035 2737 ABm:
1069 2697 1167 2737 ὅσον
1187 2712 1233 2735 τε
1257 2694 1335 2732 B‘·
1327 2724 1335 2733 .
1366 2710 1411 2733 τε
1434 2693 1530 2733 όσον
1553 2691 1609 2731 C:
1642 2690 1684 2732 δὲ
1706 2692 1805 2731 ὅσον

139 2751 230 2792 rell.
401 2766 449 2792 12
480 2753 702 2824 ἴδρυνθέντι
719 2753 759 2791 Α
773 2752 808 2791 Β
971 2765 1018 2801 14
1052 2750 1194 2803 ἐφόδιά
1217 2750 1250 2788 L
1421 2760 1434 2785 1
1447 2760 1467 2796 7
1501 2749 1641 2797 ἐφελκ.
1669 2746 1707 2784 R
1723 2745 1753 2784 S
1767 2746 1805 2784 V

142 2807 192 2846 18
222 2809 262 2849 ἐς
282 2806 328 2848 οῧ
349 2807 389 2846 R
403 2807 485 2847 SV
631 2808 801 2849 ἀπίκατο
823 2808 863 2847 R
879 2806 908 2845 S
923 2806 985 2845 V:
1017 2805 1210 2846 ἀπικέατο
1239 2804 1272 2842 C
1290 2803 1322 2841 P
1525 2814 1578 2839 20
1606 2800 1803 2853 ἠνδραπό-

139 2865 256 2903 δισαν
279 2863 316 2901 R
334 2862 414 2901 SV
608 2875 657 2901 21
693 2863 936 2912 ἐποιήσαντο
960 2861 998 2899 R
1015 2861 1044 2899 S
1059 2861 1097 2899 V
1237 2857 1393 2906 βασίλα
1418 2856 1455 2894 R
1647 2867 1700 2904 23
1729 2854 1804 2905 τῆ]

137 2932 197 2957 τω
228 2916 269 2956 R
461 2930 514 2968 οι
556 2921 596 2960 ἐς
626 2930 707 2958 om.
738 2917 776 2958 v
979 2917 1033 2957 26
1072 2916 1151 2965 μην
1180 2913 1317 2955 Assc
1485 2910 1587 2964 ςωην
1619 2897 1805 2952 CRSV

138 2982 190 3024 27
220 2971 418 3023 τισαμένη
434 2972 475 3014 L
