2098 3320
53 130 118 181 ΙΙ.
141 142 220 194 115
880 131 1032 180 HPO
1047 131 1310 181 AOTo‘r

258 263 345 324 τῆς
386 261 505 327 ἐμῆς
547 264 639 327 γῆς
681 262 731 314 ἐς
770 260 934 327 ἄλλην
973 263 1085 315 τινὰ
1123 265 1518 331 μετορμίζεσθαι,
1553 265 1595 316 εἰ
1631 267 1683 317 δὲ
1713 264 1797 331 μή,
1830 264 1919 319 ἄτε

257 347 523 411 πολεμίους
553 343 901 413 περιέψεσθαι.

137 426 219 475 116
341 427 550 495 Ἑλένης
598 432 691 495 μὲν
737 430 920 496 ταύτην
971 429 1141 498 ἄπιξιν
1192 434 1324 499 παρὰ
1383 431 1594 500 Πρωτέα
1642 432 1821 502 ἔλεγον
1873 436 1919 487 οἱ

0 571 23 595 n.
260 512 386 580 ἱρέες
443 513 696 581 γενέσθαι·
763 514 924 568 δοκέει
983 514 1037 568 δέ
1094 538 1178 581 μοι
1230 517 1308 568 καὶ
1351 515 1576 585 θΌμηρος
1625 517 1713 570 τὸν
1763 519 1920 586 λόγον

0 602 467 700 ιῖἄίἆτθῦτον
481 597 743 651 πυθέσθαι·
807 599 922 652 ἀλλ’
967 599 1023 651 οὗ
1066 602 1162 669 γὰρ
1206 602 1509 704 ὁμοίως-,ες
1525 601 1964 668 τὴννέπνιῃῑρᾴῃι5

261 681 506 749 εῃρεπὴς
532 705 614 748 ην
659 689 727 754 τῷ
776 682 926 754 ἑτέρῳ
974 689 1042 754 τῷ
1090 706 1182 751 περ
1225 684 1491 753 ἐχρήσατο,
1536 681 1607 752 [ἐς
1650 683 1696 753 ὃ]
1737 689 1918 752 μετῆκε

194 789 219 820 2
259 767 425 826 αὐτόν,
452 768 686 832 δηλώσας
716 767 780 822 ὣς
805 769 884 820 καὶ
915 773 1090 821 τοῦτον
1121 768 1384 822 ἐπίσταιτο
1414 769 1502 822 τὸν
1530 770 1703 838 λόγον.
1766 773 1919 835 δῆλον

0 850 329 936 msszbe',
365 853 488 903 κατὰ
519 853 828 920 παρεποίησε
858 854 912 905 ἐν
941 852 1119 905 Ἰλιάδι
1145 851 1245 918 (καὶ
1275 853 1462 926 οὐδαμῇ
1488 853 1622 926 ἄλλῃ
1652 855 2098 908 ἀνεπόδισευνκοῦ

0 949 139 980 *⁶0⁶*-
259 934 462 1000 ἑωυτόν)
518 935 715 1002 πλάνην
773 958 862 1001 την
921 935 1270 1003 Ἀλεξάνδρου,
1334 938 1399 991 ὡς
1449 938 1724 1008 ἀπηνείχθη
1783 938 1919 1007 ἄγων

258 1018 475 1086 Ἑλένην
511 1028 571 1094 τῇ
607 1043 661 1073 τε
698 1020 756 1085 δὴ
787 1020 921 1094 ἄλλῃ
958 1022 1269 1088 πλαζόμενος
1310 1021 1388 1074 καὶ
1428 1021 1493 1076 ὣς
1528 1023 1580 1076 ἐς
1608 1026 1804 1075 Σιδῶνα
1830 1026 1919 1088 τῆς
1944 1046 1994 1076 ιο

194 1122 219 1166 3
260 1106 497 1170 Φοινίκης
549 1107 772 1158 ἀπίκετο.
859 1105 1185 1172 ἐπιμέμνηται
1231 1108 1285 1159 δὲ
1335 1105 1486 1159 αὐτοῦ
1536 1107 1590 1159 ἐν
1642 1098 1920 1179 Διομήδεος

259 1189 502 1262 ἀριστείῃ·
548 1189 690 1257 λέγει
721 1193 774 1242 δὲ
802 1191 864 1242 τᾶ
893 1190 1018 1243 ἔπεα
1046 1192 1156 1243 ὧδε·

343 1294 444 1347 ἔνθ’
476 1295 600 1347 ἔσαν
632 1298 678 1347 οἱ
709 1294 895 1348 πέπλοι
924 1297 1266 1362 παμποίκιλοι,
1298 1295 1420 1364 ἔργα
1447 1284 1694 1364 γυναικῶν

343 1380 597 1438 Σιδονίων,
629 1381 718 1434 τὰς
748 1379 894 1433 αὐτὸς
923 1377 1255 1448 Ἀλέξανδρος
1286 1380 1506 1446 θεοειδὴς

341 1462 501 1531 ἤγαγε
531 1465 835 1529 Σιδονίηθεν,
868 1465 1091 1519 ἐπιπλὼς
1123 1464 1267 1532 εὐρέα
1295 1466 1498 1525 πόντον,
1944 1487 1994 1532 15

342 1547 433 1612 τὴν
464 1548 579 1601 ὁδὸν
609 1546 671 1613 ἢν
700 1547 914 1614 Ἑλένην
945 1570 1037 1617 περ
1067 1547 1321 1617 ἀνήγαγεν
1350 1547 1688 1618 εὐπατέρειαν.
1984 1551 1990 1555 ’

193 1673 220 1715 4
259 1648 602 1719 [ἐπιμέμνηται
632 1657 685 1707 δὲ
716 1655 796 1707 καὶ
828 1656 883 1707 ἐν
913 1654 1188 1727 Ὀδυσσείῃ
1221 1656 1274 1708 ἐν
1303 1657 1493 1708 τοισίδε
1521 1658 1657 1708 τοῖσι
1685 1653 1870 1714 ἕπεσι·,

342 1742 451 1790 τοῖα
483 1737 604 1792 Διὸς
638 1738 855 1806 θυγάτηρ
886 1738 972 1807 ἔχε
1004 1738 1242 1806 φάρμακα
1270 1737 1554 1805 μητιόεντα,

345 1822 522 1882 ἐσθλά,
555 1821 616 1874 τά
646 1825 692 1875 οἱ
725 1823 1035 1889 Πολύδαμνα
1064 1824 1216 1891 πόρεν
1249 1827 1426 1878 Θῶνος
1455 1822 1744 1889 παράκοιτις

346 1909 607 1974 Αἰγυπτίη,
640 1915 701 1980 τῇ
730 1912 947 1960 πλεῖστα
978 1907 1121 1975 φέρει
1153 1908 1376 1975 ζείδωρος
1405 1907 1590 1975 ἄρουρα
1944 1931 1995 1961 20

345 1989 596 2058 φάρμακα,
623 1993 791 2043 πολλὰ
820 1994 912 2058 μὲν
942 1993 1105 2044 ἐσθλὰ
1134 1991 1427 2060 μεμιγμένα,
1461 1993 1630 2045 πολλὰ
1659 1994 1712 2045 δὲ
1740 1988 1916 2059 λυγρά.

199 2117 221 2163 5
264 2095 342 2148 καὶ
370 2095 486 2148 τάδε
519 2097 660 2164 ἕτερα
689 2096 811 2164 πρὸς
840 2096 1145 2166 Τηλέμαχον
1177 2096 1444 2151 Μενέλεως
1473 2095 1628 2164 λέγει·

344 2202 577 2272 Αἰγύπτῳ
607 2203 658 2268 μ’
690 2203 763 2255 ἔτι
793 2207 932 2270 δεῦρο
964 2205 1068 2256 θεοὶ
1097 2209 1332 2270 μεμαῶτα
1361 2202 1563 2256 νέεσθαι

344 2286 514 2354 ἔσχον,
550 2287 656 2339 ἐπεὶ
687 2287 742 2338 οὔ
773 2294 900 2354 σφιν
931 2287 1076 2354 ἔρεξα
1106 2287 1390 2353 τεληέσσας
1419 2283 1739 2354 ἑκατόμβας.]

200 2401 228 2444 6
260 2394 315 2445 ἐν
343 2392 561 2444 τούτοισι
590 2398 724 2445 τοῖσι
748 2391 892 2446 ἔπεσι
923 2387 1070 2458 δηλόῖ
1089 2394 1166 2445 ὅτι
1194 2392 1441 2458 ἠπίστατο
1466 2392 1555 2457 τὴν
1587 2395 1637 2445 ἐς
1667 2394 1918 2459 Αἴγυπτον
1943 2414 1992 2455 25

258 2474 591 2544 Ἀλεξάνδρου
634 2475 848 2542 πλάνην·
899 2476 1122 2544 ὁμουρέει
1165 2479 1259 2545 γὰρ
1304 2478 1334 2542 ἡ
1379 2478 1528 2545 Συρίη
1574 2476 1824 2545 Αἰγύπτῳ,
1871 2478 1918 2528 οἱ

259 2564 314 2614 δὲ
365 2563 609 2621 Φοίνικες,
663 2567 762 2614 τῶν
810 2563 921 2613 ἐστι
967 2562 996 2627 ἡ
1047 2562 1221 2621 Σιδών,
1273 2563 1326 2613 ἐν
1373 2555 1433 2633 τῇ
1480 2561 1630 2632 Συρίῃ
1682 2559 1916 2612 οἰκέουσι.

319 2710 336 2737 1
371 2702 411 2740 ἐς
432 2712 514 2738 om.
539 2699 577 2737 R
595 2699 624 2738 S
638 2698 677 2738 V
814 2698 1123 2753 μετεωρίζεσθαι
1146 2698 1186 2737 R
1204 2698 1285 2738 SV
1482 2699 1510 2736 6
1541 2701 1580 2739 ἐς
1599 2698 1621 2738 ὃ
1643 2697 1722 2737 del.
1750 2697 1920 2738 Bekker

257 2757 431 2805 μεθῆκεν
452 2754 491 2792 R
507 2753 536 2792 S
549 2754 588 2792 V
715 2766 737 2804 7
769 2755 984 2795 ἐπίσταται
1005 2753 1062 2792 Α1
1077 2754 1110 2792 C
1291 2754 1318 2791 8
1345 2753 1590 2806 παρεποίησε
1612 2751 1810 2792 Bekker:
1838 2753 1918 2806 γὰρ

261 2808 426 2856 ἐποίησε
451 2808 482 2846 L
569 2811 611 2849 ἐν
632 2821 712 2847 om.
740 2807 779 2846 R
795 2809 877 2848 SV
987 2822 1015 2858 9
1045 2807 1253 2860 ἀπηνέχθη
1275 2807 1310 2846 Β
1424 2808 1509 2859 ἄγω
1532 2807 1570 2846 R
1585 2805 1622 2844 V
1737 2819 1785 2845 12
1813 2809 1917 2847 οὕτω

259 2863 298 2902 Α
314 2863 349 2901 Β
367 2864 399 2901 C
584 2877 628 2912 14
661 2863 703 2905 ἃς
724 2862 763 2900 Α
779 2864 812 2901 Β
831 2863 864 2901 C
1045 2876 1176 2914 17-24
1206 2862 1291 2902 del.
1314 2861 1524 2902 Sellaefer
1701 2875 1746 2911 17
1777 2865 1916 2902 τοισδε

262 2917 296 2955 Β
314 2918 346 2955 C
364 2917 395 2955 P
411 2917 450 2955 R
464 2918 501 2955 V
646 2931 693 2956 ει
729 2919 856 2959 ἐσθλὰ
875 2931 956 2958 om.
984 2918 1023 2958 R
1165 2929 1217 2956 22
1247 2917 1451 2958 Μενέλεος
1470 2916 1510 2955 A
1527 2916 1561 2954 B
1574 2917 1612 2955 V
1748 2929 1801 2965 23
1829 2919 1915 2956 δετι

261 2971 299 3010 R
316 2972 345 3010 S
367 2986 375 3010 :
405 2972 453 3021 δή
474 2989 512 3012 τι
534 2970 570 3010 V
756 2985 807 3021 24
838 2976 961 3024 ἴσχον
980 2972 1019 3010 A
1034 2973 1068 3012 B
1086 2973 1119 3011 C
1251 2981 1351 3025 σφιν
1371 2971 1462 3024 ἔρξα
1482 2972 1539 3012 C:
1572 2980 1644 3023 σφι
1664 2970 1757 3024 ῥέξα
1779 2970 1914 3011 RVS

260 3027 363 3079 (ms)
478 3026 679 3077 τεληέσας
711 3025 777 3066 R:
815 3028 1069 3076 τελευτήσας
1100 3028 1134 3066 C
1299 3038 1351 3076 27
1383 3028 1474 3068 ἐστι
1500 3026 1525 3076 ἡ
1551 3031 1593 3069 Σ.
1615 3039 1696 3066 om.
1723 3025 1805 3065 SV
