2098 3320
739 63 1119 112 ΙΣΤΟΡΙΩΝ
1182 63 1219 110 Γ

234 197 513 263 Καμβύσης
553 195 623 256 δέ,
668 195 732 248 ὡς
770 193 982 262 λέγουσι
1025 194 1303 262 Αἰγύπτιοι,
1345 192 1518 247 αὐτίκα
1560 195 1639 245 διὰ
1680 198 1825 245 τοῦτο

147 282 204 335 τὸ
226 283 438 347 ἀδίκημα
469 280 640 347 ἐμάνη,
676 281 771 332 ἐὼν
795 279 907 332 οὐδὲ
931 281 1174 347 πρότερον
1199 278 1465 347 φρενήρης.
1544 278 1623 330 καὶ
1654 284 1824 346 πρῶτα

146 369 237 433 μὲν
274 362 392 433 [τῶν
433 363 612 431 κακῶν]
656 363 964 432 ἐξεργάσατο
1003 364 1093 416 τὸν
1135 363 1386 431 ἀδελφεὸν
1424 362 1639 433 Σμέρδιν
1679 364 1824 416 ἐόντα

113 450 330 518 ·πατρὸς
375 451 455 503 καὶ
498 449 680 518 μητρὸς
725 453 813 514 τῆς
858 450 1023 514 αὐτῆς,
1072 449 1161 502 τὸν
1207 447 1479 517 ἀπέπεμψε
1526 450 1576 502 ἐς
1616 446 1823 516 Πέρσας

99 559 121 601 5
147 537 317 606 φθόνῳ
350 533 410 600 ἐξ
435 534 707 602 Αἰγύπτου,
741 535 818 586 ὅτι
846 534 904 586 τὸ
934 534 1082 600 τόξον
1118 538 1301 600 μοῦνος
1332 532 1579 601 Περσέων
1614 535 1739 586 ὅσον
1769 555 1822 586 τε

146 620 227 673 ἐπὶ
267 619 352 673 δύο
395 619 667 673 δακτύλους
713 620 894 687 εἴρυσε,
943 623 1000 670 τὸ
1042 620 1175 686 παρὰ
1216 622 1303 671 τοῦ
1344 620 1583 673 Αἰθίοπος
1621 617 1821 685 ἤνεικαν

146 707 192 758 οἱ
239 702 582 773 Ἰχθυοφάγοι·
647 708 746 756 τῶν
793 706 847 756 δὲ
895 703 1069 756 ἄλλων
1119 702 1364 771 Περσέων
1415 703 1574 758 οὐδεὶς
1621 705 1725 757 οἶός
1767 725 1822 756 τε

146 788 362 858 ἐγένετο.
450 788 788 858 ἀποιχομένου
829 786 898 841 ὧν
938 791 989 843 ἐς
1034 787 1240 856 Πέρσας
1286 793 1373 841 τοῦ
1417 787 1658 856 Σμέρδιος
1698 791 1822 856 ὄψιν

147 874 247 928 εἶδε
276 874 303 925 ὁ
335 874 617 941 Καμβύσης
660 875 715 926 ἐν
754 878 821 944 τῷ
862 875 1000 945 ὕπνῳ
1038 872 1252 939 τοιήνδε·
1302 872 1470 926 ἐδόκεέ
1511 876 1558 926 οἳ
1599 873 1820 941 ἄγγελον

0 946 15 952 „
73 981 121 1010 10
146 959 359 1012 ἐλθόντα
379 959 432 1010 ἐκ
452 956 695 1027 Περσέων
720 958 993 1027 ἀγγέλλειν
1019 959 1084 1013 ὡς
1118 960 1170 1011 ἐν
1194 963 1261 1029 τῷ
1287 959 1445 1029 θρόνῳ
1469 963 1535 1029 τῷ
1561 960 1818 1029 βασιληίῳ

145 1044 366 1110 ἱζόμενος
389 1043 616 1111 ’Σμέρδις
654 1051 715 1118 τῇ
760 1050 957 1118 κεφαλῇ
998 1048 1085 1096 τοῦ
1128 1041 1336 1111 οὐρανοῦ
1375 1044 1610 1112 ψαύσειε.
1699 1043 1821 1111 πρὸς

144 1125 212 1189 ὧν
242 1132 398 1181 ταῦτα
426 1130 597 1183 δείσας
627 1128 740 1196 περὶ
764 1132 946 1181 ἑωυτοῦ
973 1128 1040 1195 μή
1071 1151 1155 1195 μιν
1188 1129 1484 1183 ἀποκτείνας
1515 1130 1541 1179 ὁ
1573 1128 1820 1196 ἀδελφεὸς

143 1213 290 1286 ἄρχῃ,
317 1212 501 1278 πέμπει
525 1211 838 1280 Πρηξάσπεα
868 1215 918 1268 ἐς
943 1212 1164 1281 Πέρσας,
1195 1212 1249 1267 ὃς
1274 1212 1334 1278 ἧν
1359 1216 1405 1266 οἱ
1430 1211 1555 1281 ἀνὴρ
1578 1212 1820 1278 Περσέων

146 1299 459 1359 πιστότατος,
509 1297 874 1351 ἀποκτενέοντά
924 1319 1024 1365 μιν.
1115 1299 1142 1349 ὁ
1195 1300 1250 1351 δὲ
1302 1299 1500 1364 ἀναβὰς
1548 1300 1599 1352 ἐς
1652 1302 1820 1350 Σοῦσα

71 1402 118 1445 ¹5
144 1383 403 1436 ἀπέκτεινε
443 1382 670 1451 Σμέρδιν,
705 1385 752 1436 οἱ
792 1386 884 1450 μὲν
925 1382 1137 1452 λέγουσι
1181 1382 1258 1436 ἐπ’
1288 1382 1447 1450 ἄγρην
1487 1381 1815 1451 ἐξαγαγόντα,

144 1471 190 1521 οἱ
213 1470 267 1521 δὲ
292 1470 343 1522 ἐς
365 1467 454 1533 τὴν
478 1467 723 1536 Ἐρυθρὴν
748 1467 1019 1521 θάλασσαν
1039 1469 1397 1536 προαγαγόντα
1421 1472 1816 1520 καταποντῶσαι.

143 1557 338 1621 πρῶτον
375 1555 468 1619 μὲν
505 1551 563 1618 δὴ
600 1551 811 1621 λέγουσι
843 1553 1099 1626 Καμβύσῃ
1141 1558 1239 1605 τῶν
1282 1558 1445 1605 κακῶν
1481 1550 1624 1620 ἄρξαι
1656 1556 1815 1612 τοῦτο,

144 1638 347 1706 δεύτερα
377 1640 428 1690 δὲ
460 1636 770 1706 ἐξεργάσατο
794 1637 885 1703 τὴν
917 1637 1175 1706 ἀδελφεὴν
1207 1636 1551 1703 ἐπισπομένην
1575 1640 1622 1690 οἱ
1653 1638 1704 1692 ἐς
1728 1639 1814 1690 Αἵ-

143 1744 345 1790 γυπτον,
377 1723 437 1795 τῇ
470 1723 549 1775 καὶ
581 1724 810 1776 συνοίκεε
843 1723 922 1775 καὶ
954 1721 1013 1788 ἧν
1045 1725 1091 1775 οἳ
1123 1722 1208 1775 ἀπ’
1241 1721 1538 1791 ἀμφοτέρων
1574 1721 1815 1790 ἀδελφεή.

71 1829 121 1858 20
144 1807 298 1875 ἔγημε
333 1810 387 1860 δὲ
417 1806 570 1872 αὐτὴν
601 1809 713 1860 ὧδε·
762 1807 987 1874 οὐδαμῶς
1026 1809 1121 1876 γὰρ
1162 1808 1385 1860 ἐώθεσαν
1422 1808 1663 1874 πρότερον
1699 1808 1816 1880 τῇσι

144 1893 425 1964 ἀδελφεῇσι
454 1891 730 1944 συνοικέειν
762 1892 977 1960 Πέρσαι·
1025 1891 1220 1960 ἠράσθη
1262 1895 1377 1958 μιῆς
1413 1898 1512 1945 τῶν
1553 1893 1818 1961 ἀδελφεῶν

145 1977 425 2043 Καμβύσης
474 1977 554 2029 καὶ
604 1977 776 2030 ἔπειτα
826 1978 1139 2043 βουλόμενος
1186 1976 1338 2042 αὐτὴν
1385 1981 1556 2045 γῆμαι,
1603 1978 1682 2029 ὅτι
1729 1977 1816 2029 οὐκ

145 2062 333 2113 ἐωθότα
375 2062 576 2114 ἐπενόεε
617 2060 863 2127 ποιήσειν,
899 2064 1057 2130 εἴρετο
1103 2054 1323 2116 καλέσας
1358 2061 1471 2115 τοὺς
1509 2062 1816 2127 βασιληίους

144 2141 510 2212 [καλεομένους]
535 2149 773 2202 δικαστὰς
798 2149 939 2201 εἴτις
966 2147 1076 2199 ἔστι
1103 2147 1319 2199 κελεύων
1344 2148 1493 2213 νόμος
1516 2146 1604 2199 τὸν
1625 2147 1812 2212 βουλό-

72 2249 118 2291 25
142 2251 294 2295 μενον
317 2232 541 2304 ἀδελφεῇ
572 2231 864 2285 συνοικέειν.
936 2234 981 2284 οἱ
1014 2235 1069 2284 δὲ
1099 2231 1368 2298 βασιλήιοι
1398 2231 1629 2284 δικασταὶ
1654 2253 1810 2299 κεκρι-

142 2313 284 2380 μένοι
329 2315 502 2383 ἄνδρες
546 2318 769 2383 γίνονται
809 2316 1070 2384 Περσέων,
1116 2319 1166 2371 ἐς
1211 2316 1266 2368 οὗ
1312 2315 1604 2369 ἀποθάνωσι
1643 2315 1675 2381 ἥ
1716 2324 1814 2384 σφι

143 2401 417 2472 παρευρεθῇ
448 2421 496 2452 τι
525 2399 711 2461 ἄδικον,
744 2400 896 2471 μέχρι
923 2402 1115 2454 τούτου·
1162 2401 1297 2454 οὗτοι
1329 2405 1382 2454 δὲ
1412 2406 1547 2454 τοῖσι
1579 2400 1813 2474 Πέρσῃσι

197 2545 223 2582 3
251 2535 335 2574 τῶν
354 2535 488 2574 κακῶν
507 2531 611 2573 secl.
635 2531 756 2572 Stein
887 2546 911 2583 4
944 2535 983 2575 ἐς
1005 2531 1163 2587 Πέρσας
1185 2546 1264 2573 om.
1291 2533 1322 2573 S
1455 2535 1482 2572 6
1511 2533 1579 2585 τὸ]
1602 2534 1673 2575 τὸν
1695 2533 1729 2573 C
1749 2547 1757 2572 :
1788 2535 1810 2575 ὃ

143 2586 182 2625 Α
197 2587 232 2626 Β
361 2586 543 2638 ἤνεικαν]
564 2588 587 2629 ὃ
607 2590 668 2637 ἥν.
697 2587 735 2626 R
752 2587 782 2627 S
795 2587 845 2638 V·
1018 2588 1044 2626 8
1075 2588 1180 2629 εἶδεν
1200 2588 1291 2641 ὄψιν
1314 2588 1347 2626 R
1369 2588 1398 2627 S
1413 2588 1450 2627 V
1632 2601 1659 2638 9
1691 2591 1734 2629 ἐν
1753 2584 1811 2642 τῷ

144 2643 252 2695 ὕπνῳ
291 2654 373 2683 om.
415 2641 454 2680 R
477 2641 508 2680 S
528 2641 567 2680 V
829 2642 960 2684 ἐδόκει
1004 2643 1136 2683 schol.
1180 2642 1358 2683 Aristid.
1399 2644 1480 2682 682
1500 2658 1509 2683 :
1558 2642 1730 2695 ἔδοξέ(ν)
1775 2646 1807 2683 L

149 2709 198 2735 10
227 2696 421 2750 ἀγγέλειν
441 2695 476 2735 C
493 2696 531 2734 R
547 2695 587 2734 V
713 2710 760 2748 13
792 2700 832 2740 ἐς
854 2698 1011 2752 Πέρσας
1032 2710 1114 2739 om.
1141 2698 1180 2737 R
1197 2698 1279 2738 SV
1390 2701 1440 2740 ὡς
1463 2698 1496 2737 C
1609 2700 1648 2739 οἵ
1668 2711 1748 2738 om.
1771 2700 1809 2738 R

148 2763 196 2801 15
236 2751 436 2805 ἐξαγόντα
466 2751 507 2790 R
678 2755 728 2791 16
764 2770 908 2806 προαγ.
944 2752 982 2790 R
1003 2767 1012 2792 t
1049 2769 1223 2807 προσαγ.
1255 2753 1346 2794 rell.
1519 2753 1567 2792 18
1608 2755 1807 2803 ἐπισπωμ.

146 2806 254 2846 SV:
285 2809 427 2858 ἑσπομ.
453 2805 493 2844 A
507 2805 542 2845 Β
556 2807 589 2846 P
608 2821 618 2847 z
648 2809 761 2859 ἐπομ.
784 2808 818 2847 C
991 2821 1040 2858 19
1070 2806 1133 2849 ἐπ’
1154 2808 1188 2847 C
1355 2822 1407 2859 24
1437 2807 1705 2860 καλεομένους
1726 2821 1807 2848 om.

144 2861 184 2900 A
205 2861 241 2900 B
262 2861 324 2901 P:
367 2871 558 2902 ÷÷÷÷÷
589 2862 623 2900 C
819 2864 873 2902 26
912 2862 1100 2916 Περσέων
1127 2863 1310 2916 ’γίνονται
1344 2862 1381 2902 R
1406 2862 1435 2902 S
1457 2863 1495 2901 V
1626 2861 1690 2915 οὗ]
1721 2865 1744 2904 ὃ
1776 2863 1809 2902 Ρ

144 2916 170 2964 ’ἦ
191 2915 224 2955 C
245 2930 254 2955 :
282 2919 332 2965 ἥν
352 2916 440 2956 ΑΒ
456 2915 488 2954 Ρ
654 2929 704 2967 27
734 2918 1036 2972 παρευβρεθῆ<β
1065 2931 1121 2957 ex
1142 2920 1272 2967 corr.)
1297 2919 1334 2957 R
1447 2918 1601 2960 τούτων
1622 2917 1662 2957 Α
1677 2919 1710 2958 Β
1725 2919 1757 2957 C
1775 2918 1808 2958 P

147 2970 326 3026 Πέρσῃσι
348 2983 429 3011 om.
452 2971 492 3011 A
505 2970 541 3011 B
557 2971 590 3011 C
605 2971 639 3012 Ρ
1570 3031 1591 3068 1
1623 3030 1643 3055 *

1595 3033 1618 3070 6

1863 64 1952 112 ΙΙΙ.
1983 76 2047 124 30

1864 209 1931 255 30

1865 810 1890 842 2

1863 1064 1887 1106 3

1856 1570 1914 1616 31

1861 1829 1883 1860 2

1858 2253 1883 2297 Ο)
