2098 3320
839 126 1214 175 ΙΣΤΟΡΙΩΝ
1279 129 1315 175 Β

242 257 648 324 κατακλυσθῆναί
694 258 823 308 ἐστι.
907 256 971 310 ὡς
1015 260 1067 309 δὲ
1112 262 1179 327 τῷ
1229 261 1352 310 Μῖνι
1405 259 1562 330 τούτῳ
1613 265 1682 331 τῷ
1728 262 1904 332 πρώτῳ

239 341 488 411 γενομένῳ
524 340 735 408 βασιλέϊ
774 339 966 409 χέρσον
1000 342 1262 409 γεγονέναι
1305 343 1362 394 τὸ
1397 344 1726 412 ἀπεργμένον,
1759 351 1903 398 τοῦτο

237 429 328 492 μὲν
358 427 412 478 ἐν
441 425 571 496 αὐτῷ
603 426 754 478 πόλιν
778 427 951 478 ’κτίσαι
981 427 1162 491 ταύτην
1193 427 1299 492 ἥτις
1320 432 1405 479 νῦν
1432 428 1641 497 Μέμφις
1672 429 1903 483 καλέεται

1896 131 1899 134 ’
1948 137 2010 187 11.
2032 151 2098 199 99

1936 283 1963 326 4

234 508 366 577 (ἔστι
395 512 491 577 γὰρ
524 511 602 562 καὶ
626 510 655 575 ἡ
682 508 890 578 Μέμφις
915 512 970 563 ἐν
992 516 1058 580 τῷ
1084 517 1264 582 στεινῷ
1291 515 1379 576 τῆς
1406 511 1692 580 Αἰγύπτου),
1717 513 1903 580 ἔξωθεν
1958 564 1961 566 .

145 589 149 593 ⁴
192 617 214 658 5
238 597 292 647 δὲ
323 594 474 659 αὐτῆς
503 592 789 662 περιορύξαι
816 596 998 660 λίμνην
1030 597 1083 647 ἐκ
1113 600 1199 647 τοῦ
1229 602 1450 662 ποταμοῦ
1480 597 1602 664 πρὸς
1630 597 1817 666 βορέην
1845 620 1902 652 τε

239 678 318 731 καὶ
359 678 484 745 ,πρὸς
529 677 748 747 ἑσπέρην
791 677 866 745 (τὸ
911 681 1004 746 γὰρ
1049 679 1172 746 πρὸς
1215 680 1306 745 τὴν
1349 681 1420 745 ἠῶ
1466 682 1611 735 αὐτὸς
1652 684 1678 733 ὁ
1714 687 1902 738 Νεῖλος

237 760 473 831 ἀπέργει),
517 768 661 815 τοῦτο
694 766 746 815 δὲ
789 769 875 815 τοῦ
913 763 1202 831 “Ηφαίστου
1248 764 1304 816 τὸ
1350 767 1454 832 ἱρὸν
1502 767 1801 834 ἱδρύσασθαι
1846 771 1900 820 ἐν

237 847 375 919 αὐτῇ,
412 847 494 900 ἐὸν
533 846 665 915 μέγα
704 869 758 900 τε
799 848 878 899 καὶ
919 846 1394 915 ἀξιαπηγητότατον.
1468 853 1594 916 μετὰ
1632 854 1683 903 δὲ
1724 856 1899 904 τοῦτον

239 929 509 999 κατέλεγον
538 935 584 985 οἱ
618 930 743 999 ἱρέες
773 933 827 984 ἐκ
862 932 1067 998 βύβλου
1103 932 1275 985 ἄλλων
1305 932 1571 998 βασιλέων
1601 938 1898 1002 τριηκοσίων

166 1035 214 1066 10
236 1037 292 1069 τε
350 1017 430 1068 καὶ
480 1015 743 1084 τριήκοντα
794 1016 1058 1082 οὐνόματα.
1147 1019 1202 1069 ἐν
1253 1018 1528 1090 τοσαύτῃσι
1587 1022 1639 1071 δὲ
1698 1021 1897 1092 γενεῇσι

238 1101 509 1167 ἀνθρώπων
553 1102 882 1152 ὀκτωκαίδεκα
931 1104 1024 1166 μὲν
1069 1102 1304 1156 Αἰθίοπες
1354 1101 1500 1166 ἦσαν,
1547 1105 1636 1168 μία
1679 1106 1732 1156 δὲ
1775 1104 1897 1171 γυνὴ

238 1186 494 1254 ἐπιχωρίη,
543 1187 588 1237 οἱ
633 1189 685 1237 δὲ
730 1185 880 1236 ἄλλοι
919 1185 1094 1252 ἄνδρες
1140 1186 1417 1253 Αἰγύπτιοι.
1505 1189 1565 1259 τῇ
1609 1190 1662 1239 δὲ
1707 1189 1899 1255 γυναικὶ

237 1269 421 1334 οὔνομα
438 1268 513 1335 ἧν,
535 1269 642 1334 ἤτις
663 1269 986 1334 ἐβασίλευσε,
1010 1270 1068 1320 τό
1087 1291 1178 1335 περ
1202 1271 1260 1341 τῇ
1287 1273 1606 1342 Βαβυλωνίῃ,
1631 1273 1892 1339 Νίτωκρις.

236 1352 326 1418 τὴν
345 1353 522 1422 ἔλεγον
540 1353 879 1420 τιμωρέουσαν
898 1354 1144 1422 ἀδελφεῷ,
1168 1355 1254 1405 τὸν
1275 1354 1538 1421 Αἰγύπτιοι
1556 1356 1898 1420 βασιλεύοντα

165 1459 211 1499 15
238 1444 414 1505 σφεων
451 1438 760 1497 ἀπέκτειναν,
794 1439 1173 1490 ἀποκτείναντες
1208 1440 1261 1489 δὲ
1292 1440 1416 1489 οὕτω
1449 1440 1611 1510 ἐκείνῃ
1643 1439 1899 1491 ἀπέδοσαν

234 1522 325 1587 τὴν
347 1524 640 1588 βασιληίην,
665 1521 820 1592 τούτῳ
851 1521 1189 1588 τιμωρέουσαν
1220 1522 1440 1576 πολλοὺς
1463 1524 1746 1590 Αἰγυπτίων
1768 1526 1897 1594 δόλῳ

236 1609 533 1674 διαφθεῖραι.
599 1605 944 1672 ποιησαμένην
963 1605 1058 1674 γάρ
1074 1627 1159 1671 μιν
1179 1608 1357 1672 οἴκημα
1376 1608 1640 1673 περίμηκες
1657 1609 1899 1675 ὑπόγαιον

0 1677 208 1770 w
238 1695 435 1743 καινοῦν
465 1696 531 1742 τῶ
561 1692 713 1761 λόγῳ,
748 1692 844 1761 νόῳ
869 1693 922 1742 δὲ
946 1690 1079 1742 ἄλλα
1109 1694 1448 1759 μηχανᾶσθαι·
1497 1692 1788 1744 καλέσασαν
1808 1688 1896 1758 [δέ]

0 1778 143 1838 ΜΨ·
234 1796 320 1841 μιν
364 1777 646 1843 Αἰγυπτίων
689 1775 802 1829 τοὺς
844 1774 1067 1840 μάλιστα
1110 1776 1392 1840 μεταιτίόυς
1434 1780 1520 1827 τοῦ
1565 1777 1723 1844 φόνου
1765 1776 1895 1847 ᾔδεε,

163 1883 213 1913 20
236 1860 458 1914 πολλοὺς
502 1862 682 1918 ἱστιᾶν,
729 1858 1068 1925 δαινυμένοισι
1109 1862 1162 1919 δὲ
1203 1861 1395 1921 ἐπεῖναι
1438 1860 1527 1912 τὸν
1569 1860 1791 1926 ποταμὸν
1834 1860 1898 1913 δι’

236 1943 459 1997 αὐλῶνος
480 1948 690 2010 κρυπτοῦ
713 1943 950 2011 μεγάλου.
1016 1944 1194 2009 ταύτης
1211 1946 1303 2009 μὲν
1326 1943 1439 2011 πέρι
1461 1949 1680 1996 τοσαῦτα
1700 1945 1894 2013 ἔλεγον,

235 2028 367 2093 πλὴν
399 2030 475 2080 ὅτι
510 2027 661 2093 αὐτήν
695 2050 795 2093 μιν,
831 2028 895 2082 ὡς
934 2032 1077 2080 τοῦτο
1119 2026 1410 2095 ἐξέργαστο,
1442 2029 1591 2096 ῥίψαι
1629 2031 1678 2083 ἐς
1719 2031 1899 2095 οἴκημα

0 2115 115 2169 aba
236 2115 429 2183 σπρροῦ
470 2112 643 2172 πλέον,
685 2115 812 2167 ὅκως
856 2113 1161 2179 ἀτιμώρητος
1204 2110 1422 2179 γένηται.
1497 2118 1596 2166 τῶν
1640 2116 1693 2165 δὲ
1730 2113 1899 2165 ἄλλων

234 2195 497 2264 βασιλέων
538 2198 596 2250 οὐ
639 2199 734 2265 γὰρ
777 2198 955 2265 ἔλεγον
993 2197 1226 2262 οὐδεμίαν
1262 2193 1460 2265 [ἔργων]
1501 2196 1750 2262 ἀπόδεξιν,
1796 2198 1898 2249 κατ’

162 2304 211 2347 25
236 2282 380 2335 οὐδὲν
431 2281 556 2334 εἶναι
598 2283 961 2349 λαμπρότητος,
1009 2281 1142 2346 πλὴν
1187 2281 1297 2334 ἑνὸς
1339 2286 1425 2333 τοῦ
1469 2280 1688 2349 ἐσχάτου
1739 2282 1899 2334 αὐτῶν

236 2367 462 2434 Μοίριος.
535 2371 709 2419 τοῦτον
733 2369 787 2419 δὲ
809 2364 1150 2431 ἀποδέξασθαι
1178 2366 1473 2432 μνημόσυνα
1502 2371 1590 2418 τοῦ
1610 2365 1900 2433 ἹΙφαίστου

236 2452 298 2504 τὰ
333 2450 455 2519 πρὸς
492 2448 680 2518 βορέην
720 2450 904 2517 ἄνεμον
934 2448 1245 2519 τετραμμένα
1283 2451 1584 2518 προπ-ύλαια,
1627 2452 1807 2517 λίμνην
1846 2472 1900 2502 τε

294 2603 313 2630 1
359 2592 411 2633 ὣς
449 2589 494 2631 δὲ
530 2589 609 2643 τῷ]
649 2595 709 2632 τῶ
745 2589 981 2632 δὲΚΞν
1114 2586 1574 2629 Mav2PR1SVC0:
1622 2590 1728 2638 Μηνὶ
1768 2587 1900 2628 C¹R⁰

1934 870 2035 907 100

1936 2126 2023 2165 101

1938 2388 1962 2418 Ν

235 2657 262 2696 3
292 2648 336 2687 ἐν
355 2659 437 2685 orn.
460 2645 500 2684 A
517 2645 552 2684 B
571 2645 605 2684 C
752 2659 780 2696 9
809 2645 925 2693 βίβλ.
952 2645 985 2683 Ρ
999 2644 1038 2683 R
1055 2643 1084 2682 S
1098 2644 1154 2682 V⁰
1323 2656 1374 2682 10
1401 2660 1449 2684 τε
1470 2642 1505 2682 Ρ
1524 2643 1640 2682 solus
1751 2643 1795 2684 δὲ
1815 2657 1898 2683 om.

235 2700 276 2739 A
297 2701 332 2740 B
353 2701 387 2740 C
412 2701 446 2740 P
669 2713 717 2751 13
762 2703 806 2742 ἐν
843 2703 896 2754 τῇ
936 2699 974 2738 Α
997 2700 1030 2737 Β
1054 2699 1088 2738 C
1314 2711 1362 2747 14
1406 2697 1715 2745 βασιλεύσαντά
1755 2698 1793 2735 R
1817 2698 1901 2737 SV
1944 2736 1950 2749 Ι

241 2767 290 2806 15
321 2759 464 2798 ἐκεῖνοι
483 2757 539 2795 V⁰
653 2758 703 2795 16
732 2759 953 2809 διαφθεῖραι
975 2754 1083 2807 δόλῳ
1105 2752 1139 2792 Ρ
1154 2753 1193 2792 R
1207 2753 1291 2792 SV
1389 2765 1435 2802 17
1467 2751 1641 2804 ὑπόγεον
1662 2752 1742 2791 SV
1758 2752 1816 2790 Rc
1837 2753 1901 2804 (1)

242 2811 291 2850 18
327 2812 392 2853 καὶ
423 2815 515 2853 νοῦν
545 2810 615 2851 R:
652 2812 718 2853 καὶ
748 2813 818 2853 νῦν
848 2810 930 2850 SV
1050 2807 1256 2851 καλέεσαν
1290 2807 1328 2845 R
1348 2806 1431 2846 SV
1556 2805 1602 2848 δέ
1629 2807 1709 2846 del.
1743 2807 1900 2846 Abicht

241 2877 291 2916 19
327 2867 415 2915 ἥιδε
446 2865 583 2906 RSV
803 2879 858 2905 20
897 2868 1039 2907 εστιᾶν
1070 2864 1103 2903 L
1324 2874 1376 2901 22
1416 2860 1611 2915 ἐξέργατο
1639 2861 1702 2902 V:
1744 2862 1900 2915 ἐξεργά-

238 2934 340 2962 σατο
361 2921 392 2960 S
558 2934 610 2972 24
649 2921 777 2975 ἔργων
806 2934 887 2961 om.
925 2920 964 2959 R
1118 2920 1173 2959 26
1211 2916 1357 2973 Μύριος
1388 2916 1428 2956 R
1450 2917 1480 2957 S
1502 2917 1538 2956 V
1681 2929 1731 2968 27
1776 2920 1902 2972 βορῆν

238 2973 387 3014 ABC
