2098 3320
93 67 182 118 111.

0 1596 341 1642 *md-eum

206 69 270 130 78

204 289 272 340 79

247 892 272 924 2

247 1233 271 1275 3

202 1631 272 1678 80

246 1904 272 1936 2

925 68 1357 116 ΗΡΟΔΟΤΟΤ

313 202 525 266 Δαρεῖος
555 201 608 250 δὲ
641 198 929 263 πειθόμενος
965 196 1069 250 ὦσέ
1097 221 1151 250 τε
1180 200 1236 250 τὸ
1267 201 1563 268 ἐγχειρίδιον
1595 199 1673 253 καὶ
1705 199 1855 268 ἔτυχέ-
1880 223 1975 255 κως

311 288 397 334 τοῦ
426 282 602 350 μάγου.
677 283 1055 337 ἀποκτείναντες
1085 286 1137 335 δὲ
1168 283 1281 337 τοὺς
1310 283 1497 351 μάγους
1530 285 1607 335 καὶ
1638 285 1975 350 ἀποταμόντες

313 366 471 418 αὐτῶν
523 368 610 420 τὰς
664 369 889 434 κεφαλὰς
939 367 1051 422 τοὺς
1108 370 1199 432 μὲν
1250 370 1529 434 τρωματίας
1582 371 1776 420 ἑωυτῶν
1827 369 1976 420 αὐτοῦ

311 452 545 502 λείπουσι
599 451 676 503 καὶ
729 452 997 516 ἀδυνασίης
1049 453 1234 504 εἵνεκεν
1290 454 1368 504 καὶ
1415 455 1644 520 φυλακῆς
1692 455 1779 517 τῆς
1828 454 1972 520 ἀκρο-

314 535 503 593 πόλιος,
538 537 583 587 οἱ
614 537 666 586 δὲ
699 534 846 587 πέντε
882 535 1042 588 αὐτῶν
1067 535 1274 603 ἔχοντες
1304 541 1401 588 τῶν
1431 535 1605 603 μάγων
1633 539 1720 590 τὰς
1752 539 1976 604 κεφαλᾶς
2003 558 2018 568 ·

312 618 452 670 ἔθεον
482 617 591 682 ἔξω,
624 621 723 690 βοῇ
753 641 807 671 τε
846 619 923 670 καὶ
953 619 1156 689 πατάγῳ
1194 621 1484 687 χρεώμενοι,
1520 621 1598 671 καὶ
1630 620 1834 687 Πέρσας
1862 621 1978 675 τοὺς·

311 702 496 756 ἄλλους
518 700 846 755 ἐπεκαλέοντο
867 701 1186 770 ἐξηγεόμενοί
1200 726 1254 756 τε
1273 705 1329 755 τὸ
1349 707 1550 771 πρῆγμα
1575 704 1653 755 καὶ
1672 705 1975 759 δεικνύοντες

311 789 397 840 τὰς
435 787 675 854 κεφαλάς·
725 788 802 839 καὶ
839 787 939 852 ἅμα
976 788 1192 840 ἔκτεινον
1222 787 1384 840 πάντα
1413 791 1524 840 τινὰ
1554 794 1651 840 τῶν
1686 787 1860 855 μάγων
1887 789 1975 842 τὸν

312 872 366 922 ἐν
398 872 517 923 ποσὶ
549 873 827 938 γινόμενον.
915 875 961 923 οἱ
998 874 1051 923 δὲ
1082 872 1279 939 Πέρσαι
1315 873 1556 937 μαθόντες
1591 872 1647 924 τὸ
1678 872 1884 940 γεγονὸς
1921 874 1974 925 ἐκ

311 960 409 1007 τῶν
452 958 575 1009 ἑπτὰ
617 956 694 1007 καὶ
733 961 831 1007 τῶν
869 955 1043 1023 μάγων
1079 956 1169 1020 τὴν
1206 956 1401 1021 ἀπάτην
1437 957 1677 1028 ἐδικαίευν
1720 958 1798 1009 καὶ
1839 956 1975 1009 αὐτοὶ

312 1040 453 1106 ἕτερα
484 1045 683 1092 τοιαῦτα
708 1039 910 1099 ποιέειν,
938 1039 1257 1106 σπασάμενοι
1288 1043 1340 1092 δὲ
1366 1043 1425 1093 τὰ
1457 1042 1728 1109 ἐγχειρίδια
1758 1041 1975 1094 ἔκτεινον

311 1124 427 1176 ὅκου
466 1127 576 1176 τινὰ
616 1124 776 1192 μάγον
813 1126 1057 1191 εὕρισκον·
1107 1127 1148 1176 εἰ
1190 1127 1242 1176 δὲ
1278 1124 1344 1190 μὴ
1381 1124 1473 1190 νὺξ
1507 1126 1792 1177 ἐπελθοῦσα
1832 1125 1972 1193 ἔσχε,

312 1208 485 1260 ἔλιπον
521 1208 582 1260 ἂν
612 1208 786 1260 οὐδένα
820 1208 995 1276 μάγον.
1084 1209 1266 1274 ταύτην
1301 1208 1391 1273 τὴν
1424 1208 1610 1275 ἡμέρην
1648 1210 1975 1274 θεραπεύουσι

312 1292 510 1359 Πέρσαι
561 1294 697 1365 κοινῇ
745 1292 968 1358 μάλιστα
1015 1298 1112 1345 τῶν
1160 1293 1380 1360 ἡμερέων
1428 1294 1507 1345 καὶ
1555 1295 1610 1344 ἐν
1656 1293 1778 1364 αὐτῇ
1807 1293 1974 1359 ,ὁρτὴν

310 1376 536 1443 μεγάλην
566 1377 825 1444 ἀνάγουσι,
857 1376 887 1442 ἢ
919 1376 1152 1442 κέκληται
1189 1377 1284 1429 ὑπὸ
1316 1376 1556 1445 Περσέων
1585 1377 1884 1444 μαγοφόνια,
1920 1378 1973 1430 ἐν

310 1468 370 1533 τῇ
400 1461 561 1529 μάγον
585 1461 758 1514 οὐδένα
782 1460 949 1526 ἔξεστι
973 1465 1193 1529 φανῆναι
1216 1464 1265 1515 ἐς
1289 1461 1345 1513 τὸ
1369 1466 1492 1529 φῶς,
1520 1462 1653 1513 ἀλλὰ
1685 1460 1789 1513 κατ’
1812 1462 1973 1516 οἴκους

312 1546 521 1600 ἑωυτοὺς
551 1549 596 1599 οἱ
626 1545 775 1613 μάγοι
806 1546 982 1614 ἔχουσι
1011 1546 1102 1610 τὴν
1132 1546 1317 1613 ἡμέρην
1347 1546 1542 1611 ταύτην.

360 1627 373 1634 ”
394 1629 594 1683 Ἐπείτε
630 1633 683 1683 δὲ
720 1630 933 1697 κατέστη
965 1632 991 1680 ὁ
1029 1631 1241 1697 θόρυβος
1279 1630 1356 1683 καὶ
1394 1632 1533 1684 ἐκτὸς
1568 1628 1716 1682 πέντε
1751 1627 1982 1696 ἡμερέων,

311 1714 526 1780 ἐγένετο,
569 1716 901 1780 ἐβουλεύοντο
940 1718 985 1766 οἱ
1026 1713 1395 1768 ἐπαναστάντες
1438 1718 1570 1765 τοῖσι
1613 1713 1820 1780 μάγοισι
1860 1713 1972 1780 περὶ

311 1803 408 1850 τῶν
438 1798 636 1851 πάντων
671 1799 988 1866 πρηγμάτων,
1024 1800 1101 1850 καὶ
1139 1798 1424 1867 ἐλέχθησαν
1459 1799 1606 1865 λόγοι
1642 1797 1844 1850 ἄπιστοι
1878 1799 1971 1863 μὲν

313 1883 490 1935 ἐνίοισι
520 1879 798 1947 Ἑλλήνων,
833 1883 1119 1950 ἐλέχθησαν
1156 1883 1197 1933 δ’
1229 1881 1312 1934 ὧν.
1400 1881 1614 1944 Ὀτάνης
1650 1885 1743 1947 μὲν
1773 1880 1970 1933 ἐκέλευε

310 1969 360 2020 ἐς
403 1966 560 2032 μέσον
602 1967 837 2039 Πέρσῃσι
882 1971 1162 2019 καταθεῖναι
1205 1969 1267 2018 τὰ
1310 1964 1589 2033 πρήγματα,
1632 1965 1798 2033 λέγων
1835 1964 1967 2017 τάδε·

309 2050 456 2115 Ἐμοὶ
499 2050 655 2104 δοκέει
703 2038 790 2103 ἕνα
832 2054 924 2116 μὲν
968 2050 1131 2116 ἡμέων
1173 2052 1456 2119 μούναρχον
1499 2049 1671 2115 μηκέτι
1715 2049 1966 2117 γενέσθαι·

308 2135 419 2186 οὔτε
448 2137 544 2202 γὰρ
572 2136 661 2200 ἡδὺ
691 2136 803 2187 οὔτε
840 2136 1041 2202 ἀγαθόν.
1130 2137 1284 2187 εἴδετε
1312 2138 1405 2199 μὲν
1434 2136 1529 2201 γὰρ
1559 2133 1649 2198 τὴν
1683 2133 1967 2199 Καμβύσεω

306 2219 455 2284 ὕβριν
478 2219 554 2270 ἐπ’
579 2221 701 2270 ὅσον
725 2218 983 2283 ἐπεξῆλθε,
1009 2217 1354 2286 μετεσχήκατε
1385 2221 1436 2270 δὲ
1469 2218 1547 2269 καὶ
1577 2221 1663 2282 τῆς
1692 2222 1779 2269 τοῦ
1806 2216 1968 2284 μάγου

0 2292 272 2368 *oq-⁸533
307 2303 497 2368 ὕβριος.
587 2308 681 2356 κῶς
712 2302 753 2354 δ’
785 2302 847 2354 ἂν
878 2305 952 2368 εἴη
984 2306 1151 2371 χρῆμα
1188 2301 1554 2369 κατηρζημένον
1583 2301 1874 2369 μουναρχίη,
1907 2309 1968 2373 τῇ

307 2385 474 2450 ἔξεστι
499 2387 743 2457 ἀνευθύνῳ
769 2386 955 2438 ποιέειν
978 2389 1039 2438 τὰ
1062 2384 1300 2451 βούλεται
1308 2407 1324 2446 ;
1365 2386 1442 2437 καὶ
1465 2388 1559 2452 γὰρ
1578 2384 1639 2438 ἂν
1659 2385 1745 2437 τὸν
1764 2385 1967 2451 ἄριστον

364 2538 382 2564 1
415 2524 693 2575 πυθόμενοςδι
710 2524 743 2562 Β
762 2524 794 2562 C
811 2524 840 2563 S
952 2542 999 2564 τε
1020 2537 1100 2563 om.
1127 2523 1166 2562 A
1182 2524 1216 2562 B
1233 2523 1266 2562 C
1283 2523 1315 2561 E
1426 2540 1507 2564 πως
1529 2523 1562 2561 E
1582 2523 1619 2561 R
1634 2523 1671 2560 V
1816 2535 1841 2571 3
1868 2520 1962 2573 μὲν]

305 2597 352 2621 τε
374 2580 413 2618 R
430 2580 459 2618 S
473 2580 510 2619 V
621 2578 798 2630 ἑωυτῶν]
821 2581 953 2619 αὐτῶν
973 2579 1006 2616 C
1144 2581 1171 2617 6
1202 2579 1274 2629 ἔξω
1294 2591 1374 2617 οιιι.
1399 2577 1439 2616 Α
1452 2578 1486 2616 Β
1507 2578 1539 2615 C
1555 2578 1588 2616 P
1726 2577 1752 2614 8
1782 2575 1967 2617 ἀπέκτει-

307 2653 374 2676 νον
395 2635 429 2674 C
555 2637 637 2675 τῶν
653 2665 662 2674 .
685 2663 694 2673 .
713 2633 934 2687 γινομένων
955 2634 988 2671 C
1126 2647 1152 2684 9
1181 2633 1231 2673 τό
1250 2650 1297 2673 τε
1318 2633 1516 2672 Cantabr.
1670 2645 1716 2670 12
1749 2631 1964 2683 εὑρίσκοιεν

307 2690 426 2728 Stein
617 2701 665 2738 15
696 2691 839 2742 ἄγουσι
862 2689 895 2727 Ρ
911 2689 948 2726 R
965 2688 994 2726 S
1009 2688 1047 2726 V
1157 2688 1383 2739 μαγοφονία
1403 2688 1435 2726 C
1453 2687 1486 2725 P
1501 2689 1536 2726 R
1552 2686 1590 2725 V
1770 2687 1818 2724 18
1849 2687 1964 2726 ἐντὸς

304 2745 343 2783 A
359 2744 393 2782 B
410 2745 443 2782 C
459 2744 493 2783 P
660 2756 708 2793 19
739 2744 929 2796 ἐγένοντο
952 2744 990 2781 R
1007 2743 1036 2781 S
1051 2742 1088 2780 V
1233 2755 1286 2791 23
1313 2743 1496 2793 γίνεσθαι
1519 2741 1558 2779 R
1574 2741 1604 2779 S
1618 2741 1656 2778 V
1806 2753 1858 2789 24
1887 2739 1964 2789 μὲν

303 2812 384 2838 om.
412 2799 445 2837 C
460 2799 492 2837 P
508 2798 546 2836 R
713 2810 764 2847 25
796 2798 1040 2850 ἐπεξήλθατε
1063 2797 1120 2838 C:
1153 2799 1294 2850 ἐξῆλθε
1317 2797 1356 2834 R
1373 2797 1402 2835 S
1416 2797 1453 2835 V
1562 2795 1796 2847 μετέσχετε
1825 2794 1864 2832 R
1880 2793 1910 2832 S
1923 2794 1964 2832 V

300 2871 390 2948 ,ger-
409 2856 488 2949 Ἰγὰρ
507 2854 572 2894 καὶ
591 2853 639 2905 C,
655 2866 864 2904 suprascr.
881 2852 924 2894 δὲ
950 2866 966 2895 1
1082 2855 1134 2893 26
1155 2851 1250 2903 κῶς]
1268 2853 1331 2896 καὶ
1350 2854 1401 2895 ὡς
1416 2851 1453 2892 Α
1471 2851 1504 2893 Β
1521 2851 1554 2890 C
1641 2847 1962 2906 κατηρτισμένον

338 2915 408 2960 tep
423 2921 548 2950 1anus

503 3053 521 3070 Q

1998 570 2020 598 :³

2001 977 2050 1005 10

1998 1395 2045 1436 15

1997 1819 2046 1847 20

1993 2238 2040 2278 25
