2098 3320
752 120 1129 196 ῐΣΤΟΡΙΩΝ
1188 149 1226 195 Γ

149 277 401 344 Αἴγυπτον
457 275 605 328 ἄλλοι
663 297 717 329 τε
770 277 951 344 συχνοὶ
1010 278 1061 331 ἐς
1121 277 1213 343 τὴν
1271 280 1524 345 Αἴγυπτον
1579 279 1817 331 ἀπίκοντο

147 358 426 425 Ἑλλήνων,
459 362 505 412 οἱ
533 359 642 426 μέν,
677 360 741 414 ὡς
773 361 922 420 οἶκός,
958 361 1062 413 κατ’
1095 363 1353 429 ἐμπορίην,
1386 365 1432 415 οἱ
1463 365 1515 415 δὲ
1548 365 1813 429 στρατευό-

1861 153 1953 203 ΙΙΙ.
1981 167 2072 216 139

148 466 303 506 μενοι,
339 447 385 498 οἱ
417 443 472 496 δέ
501 465 633 499 τινες
666 444 743 496 καὶ
775 445 925 510 αὐτῆς
962 448 1048 510 τῆς
1085 447 1252 514 χώρης
1281 447 1469 511 θεηταί·
1515 451 1613 499 τῶν
1645 446 1705 512 ἧν
1738 448 1815 500 καὶ
1861 504 1873 515 ·

148 533 389 582 Συλοσῶν
438 530 464 580 6
515 527 738 589 Αἰάκεος,
791 530 1141 597 Πολυκράτεός
1189 548 1242 584 τε
1296 532 1391 583 ἐὼν
1438 531 1685 600 ἀδελφεὸς
1735 534 1815 586 καὶ

99 640 123 682 5
149 613 349 682 φεύγων
409 615 463 665 ἐκ
522 613 707 681 Σάμου.
816 619 992 667 τοῦτον
1050 615 1137 667 τὸν
1198 620 1502 668 Συλοσῶντα
1562 616 1815 683 κατέλαβε

148 697 346 768 εὐτυχίη
400 720 474 753 τις
524 697 704 764 τοιήδε·
772 700 952 764 λαβὼν
1004 702 1221 768 χλανίδα
1279 702 1359 753 καὶ
1411 702 1815 767 περιβαλόμενος

147 782 335 851 πυρρὴν
376 783 589 851 ἠγόραζε
630 785 685 836 ἐν
728 785 787 856 τῇ
835 783 1032 851 Μέμφι.
1125 786 1240 837 ἰδὼν
1284 788 1338 837 δὲ
1379 785 1528 838 αὐτὸν
1580 791 1810 853 Δαρεῖος,

148 868 422 936 δορυφόρος
452 889 506 920 τε
530 869 624 920 ἐὼν
658 860 945 934 Καμβύσεω
973 870 1052 921 καὶ
1074 870 1230 937 λόγου
1255 869 1454 924 οὐδενός
1480 893 1545 922 κω
1570 870 1809 939 μεγάλου,

147 953 429 1018 ἐπεθύμησε
479 956 567 1018 τῆς
626 955 864 1021 χλανίδος
926 954 1006 1006 καὶ
1057 954 1209 1019 αὐτὴν
1261 956 1560 1022 προσελθὼν
1614 955 1808 1008 ὠνέετο.

72 1039 172 1093 106
224 1039 277 1090 δὲ
329 1042 571 1091 Συλοσῶν
624 1040 752 1105 ὁρῶν
798 1038 886 1091 τὸν
937 1044 1152 1105 Δαρεῖον
1198 1038 1429 1109 μεγάλως
1482 1039 1812 1106 ἐπιθυμέοντα

145 1124 232 1188 τῆς
275 1124 530 1191 χλανίδος,
580 1124 687 1195 θείῃ
732 1123 859 1195 τύχῃ
905 1124 1188 1192 χρεώμενος
1239 1123 1396 1191 λέγει·
1449 1123 1584 1191 Ἐγὼ
1630 1125 1812 1191 ταύτην

144 1206 323 1260 πωλέω
369 1210 462 1274 μὲν
509 1209 707 1263 οὐδενὸς
753 1207 1023 1278 χρήματος,
1069 1210 1241 1275 δίδωμι
1289 1211 1341 1261 δὲ
1392 1208 1577 1268 ἄλλως,
1629 1211 1677 1262 εἵ
1719 1231 1812 1276 περ

145 1293 268 1344 οὕτω
307 1296 384 1345 δεῖ
418 1292 657 1361 γενέσθαι
694 1293 891 1348 πάντως
926 1315 1016 1345 τοι.
1108 1293 1312 1347 αἰνέσας
1352 1298 1505 1346 ταῦτα
1536 1295 1561 1345 6
1601 1298 1811 1361 Δαρεῖος

144 1377 531 1445 παραλαμβάνει
560 1378 616 1429 τὸ
649 1380 775 1444 εἳμα.
856 1380 882 1429 ὁ
912 1381 1003 1444 μὲν
1035 1378 1093 1443 δὴ
1125 1383 1365 1430 Συλοσῶν
1388 1378 1637 1443 ἠπίστατο
1668 1381 1812 1431 τοῦτό

71 1484 118 1526 15
143 1463 190 1514 οἱ
219 1460 538 1515 ἀπολωλέναι
569 1462 631 1515 δι’
663 1462 879 1528 εὐηθίην.
949 1463 1013 1517 ὡς
1044 1465 1097 1515 δὲ
1121 1468 1208 1514 τοῦ
1238 1463 1421 1531 χρόνου
1446 1464 1810 1530 προβαίνοντος

145 1547 427 1612 Καμβύσης
462 1569 515 1599 τε
552 1546 768 1600 ἀπέθανε
812 1547 890 1599 καὶ
921 1552 986 1618 τῷ
1026 1547 1168 1617 μάγῳ
1210 1547 1562 1612 ἐπανέστησαν
1599 1550 1644 1600 οἱ
1682 1550 1807 1601 ἑπτὰ

142 1631 222 1683 καὶ
255 1634 308 1684 ἐκ
343 1636 442 1684 τῶν
480 1634 615 1685 ἑπτα
645 1637 857 1699 Δαρεῖος
887 1632 978 1697 τὴν
1014 1632 1293 1698 βασιληίην
1331 1632 1473 1701 ἔσχε,
1508 1631 1806 1685 πυνθάνεται

142 1716 169 1766 6
221 1720 462 1768 Συλοσῶν
515 1717 580 1771 ὡς
625 1717 654 1782 ἡ
702 1718 949 1783 βασιληίη
999 1716 1352 1784 περιεληλύθοι
1400 1718 1450 1770 ἐς
1498 1721 1672 1769 τοῦτον
1720 1717 1806 1769 τὸν

141 1798 294 1867 ἄνδρα
329 1806 396 1871 τῷ
439 1804 549 1854 κοτὲ
589 1801 735 1855 αὐτὸς
771 1802 924 1854 ἔδωκε
961 1803 1014 1853 ἐν
1051 1802 1286 1871 Αἰγύπτῳ
1323 1800 1547 1866 δεηθέντι
1587 1801 1644 1853 τὸ
1675 1803 1803 1867 εἷμα.

67 1911 118 1940 20
141 1885 338 1951 ἀναβὰς
367 1889 420 1939 δὲ
453 1888 503 1940 ἐς
534 1889 594 1938 τὰ
625 1890 794 1938 Σοῦσα
824 1887 953 1951 ἵζετο
990 1888 1040 1940 ἐς
1080 1887 1141 1938 τὰ
1182 1887 1401 1953 πρόθυρα
1431 1891 1529 1938 τῶν
1559 1885 1806 1951 βασιλέος

140 1971 306 2023 οἰκίων
347 1971 426 2023 καὶ
463 1970 561 2039 ἔφη
596 1972 810 2038 Δαρείου
851 1970 1109 2038 εὐεργέτης
1148 1971 1288 2022 εἶναι.
1380 1970 1621 2038 ἀγγέλλει
1652 1975 1805 2023 ταῦτα

141 2054 358 2110 ἀκούσας
390 2056 415 2105 6
446 2055 692 2123 πυλουρὸς
729 2061 795 2125 τῷ
826 2055 1054 2121 βασιλέϊ·
1103 2057 1129 2105 6
1159 2058 1213 2107 δὲ
1246 2054 1483 2120 θωμάσας
1514 2054 1654 2122 λέγει
1683 2055 1805 2122 πρὸς

140 2138 307 2192 αὐτόν·
361 2140 458 2192 Καὶ
497 2141 572 2195 τίς
613 2142 723 2192 ἐστι
762 2138 1026 2205 Ἑλληνων
1073 2139 1332 2207 εὐεργέτης
1373 2145 1439 2210 τῷ
1489 2140 1585 2206 ἐγὼ
1630 2161 1802 2206 προαι-

1850 637 1875 668 2

1848 1474 1941 1523 140

1844 1990 1869 2021 2

139 2227 327 2289 δεΰμαι,
370 2225 552 2277 νεωστὶ
587 2246 679 2291 μεν
715 2224 806 2289 τὴν
847 2224 1007 2292 ἀρχην
1045 2224 1201 2292 ἔχωνς
1252 2223 1544 2290 ἀναβέβηκε
1584 2223 1624 2275 δ’
1665 2245 1805 2293 72-ss
1831 2238 2098 2308 λΜφιἻω

65 2335 114 2377 25
138 2302 369 2374 ᾒ-ὗδείς
412 2331 478 2361 κω
518 2308 632 2376 παρ’
676 2308 831 2375 ἡμέας
876 2308 1051 2368 αὐτῶν,
1098 2330 1200 2376 εχω
1249 2310 1302 2359 δὲ
1345 2307 1491 2377 χρέος
1540 2308 1604 2361 ὡς
1650 2309 1806 2360 εἰπεῖν

138 2392 281 2445 οὐδὲν
316 2394 493 2461 ἀνδρὸς
520 2392 795 2459 ‘'EMwyvos·
842 2395 974 2459 ὅμως
1009 2396 1063 2446 δε
1100 2392 1247 2444 αὐτὸν
1290 2392 1536 2460 παράγετε
1573 2393 1690 2451 ἔσω,
1724 2394 1805 2444 ἵνα

138 2476 277 2528 εἰδέω
329 2479 380 2530 τί
427 2477 590 2530 θέλων
641 2478 783 2546 λέγει
833 2483 1003 2531 ταῦτα.
1101 2479 1290 2544 παρῆγε
1343 2478 1369 2526 6
1421 2481 1665 2544 πυλουρὸς
1716 2475 1804 2528 τὸν

106 2564 458 2622 «Συλοσῶντα,
493 2562 683 2615 στάντα
724 2566 775 2614 δὲ
819 2565 869 2616 ἐς
909 2562 1068 2628 μέσον
1114 2562 1327 2627 εἰρώτων
1372 2563 1417 2613 οἱ
1459 2560 1690 2627 ἑρμηνέες
1731 2562 1804 2613 τίς

189 2715 215 2741 2
257 2702 525 2745 etnAsESV
732 2703 842 2745 οἶδὲ
871 2717 954 2744 om.
987 2702 1228 2742 ABCEP
1478 2715 1503 2749 4
1546 2700 1621 2756 ἐὼν
1650 2711 1733 2739 om.
1770 2698 1803 2738 E

138 2764 188 2798 10
216 2756 340 2812 ὀρέων
361 2758 394 2796 C
410 2758 443 2797 P
458 2758 497 2798 R
515 2759 544 2797 S
558 2759 596 2798 V
765 2771 813 2808 13
843 2757 951 2799 οὗτοι
976 2758 1014 2796 R
1029 2758 1089 2799 V·
1100 2760 1244 2798 τοῦτο
1269 2758 1298 2796 S
1407 2757 1456 2805 δὴ
1479 2755 1512 2793 C
1625 2770 1689 2794 σοι
1714 2753 1752 2791 R
1767 2754 1805 2792 V

136 2811 298 2855 αἰνέσας
317 2812 363 2854 δὲ
385 2812 424 2852 R
441 2813 471 2851 S
485 2813 523 2852 V
620 2836 622 2839 ·
695 2827 742 2864 14
773 2816 811 2855 οἶ
829 2817 953 2855 τοῦτο
976 2814 1009 2852 Ρ
1024 2813 1061 2851 R
1079 2813 1109 2852 S
1123 2813 1159 2852 V
1331 2822 1378 2861 15
1413 2810 1595 2859 εὖηθειην
1613 2809 1653 2848 Λ
1670 2808 1705 2848 Β
1721 2808 1754 2847 C
1771 2808 1803 2847 E

135 2869 456 2923 παραβαίνοντος
479 2870 512 2908 C
673 2872 722 2910 18
753 2869 814 2922 ἐς]
837 2872 888 2911 ὡς
908 2867 996 2908 ΑΒ
1012 2869 1045 2907 C
1061 2868 1095 2907 E
1257 2880 1307 2919 19
1338 2869 1382 2908 ἐν
1405 2867 1484 2918 Αἷγ
1486 2895 1495 2905 .
1522 2865 1643 2907 ἔδωκε
1668 2865 1707 2903 R
1723 2864 1753 2903 S
1768 2864 1804 2902 V

133 2937 188 2963 20
215 2928 298 2966 τῶν
316 2929 391 2967 τοῦ
413 2925 447 2965 Ε
629 2938 678 2965 21
712 2925 885 2980 ἇγγέλει
907 2925 940 2963 C
957 2924 1046 2964 RV
1231 2935 1284 2961 22
1314 2926 1334 2963 ὅ
1356 2930 1449 2963 πυλ.
1455 2883 1647 2962 Ὑᾶκούσας
1670 2920 1711 2958 R
1725 2918 1805 2958 SV

134 2981 310 3030 θωυμ.Ι,
438 2993 488 3031 23
518 2979 707 3035 τῷ]ᾦῐ.
831 2994 882 3031 24
915 2981 948 3022 δ’
969 2979 1013 3033 ἤ]
1038 2978 1170 3028 67'2C:
1200 2978 1247 3020 δε
1266 2977 1451 3017 PRSV
1507 2986 1510 2988 ·
1564 2987 1615 3025 25
1646 2977 1799 3017 ὡςοῐη.

132 3032 172 3072 A
186 3033 221 3074 B
239 3033 272 3074 C
288 3035 322 3074 E
490 3037 543 3076 26
571 3037 781 3090 παράγατε
808 3036 855 3075 E·
1565 3088 1642 3128 20*

1839 2498 1864 2541 3
