2098 3320
761 99 1140 148 ΙΣΤΟΡΙΩΝ
1204 101 1242 148 Β
1871 99 2057 161 11.179

162 234 350 294 πλέειν,
383 236 444 286 τᾶ
476 234 659 302 φορτία
690 231 797 283 ἔδεε
828 230 1084 297 περιάγειν
1115 232 1169 282 ἐν
1199 229 1379 297 βάρισι
1410 231 1521 298 περὶ
1551 230 1608 282 τὸ
1641 229 1828 290 Δέλτα,

159 318 310 388 μέχρι
339 318 396 369 οὗ
428 318 655 370 ἀπίκοιτο
685 317 736 370 ἐς
772 316 1075 381 Ναύκρατιν.
1165 315 1291 365 οὕτω
1327 318 1418 380 μὲν
1456 315 1514 380 δὴ
1549 315 1830 382 Ναύκρατις

159 403 431 468 ἐτετίμητο.
504 400 885 467 Ἀμφικτυόνων
909 402 963 451 δὲ
991 398 1358 464 μισθωσάντων
1381 399 1466 451 τὸν
1491 401 1545 452 ἐν
1571 404 1831 467 Δελφοῖσι
1868 399 1963 448 180

160 491 247 539 νῦν
284 487 431 539 ἐόντα
465 484 585 550 νηὸν
618 484 918 551 τριηκοσίων
955 482 1214 535 ταλάντων
1253 481 1700 556 ἐξεργάσασθαι.(ὁ
1732 486 1830 552 γὰρ

111 593 134 634 5
159 571 398 638 πρότερον
431 570 525 622 ἐὼν
557 569 728 620 αὐτόθι
761 568 1035 632 αὐτόματος
1074 566 1320 632 κατεκάη),
1354 568 1468 621 τοὺς
1502 568 1739 635 Δελφοὺς
1768 567 1828 633 δὴ

0 646 116 704 15⁸
159 653 419 728 ἐπέβαλλε
437 653 820 720 τεταρτημόριον
840 657 925 703 τοῦ
943 652 1266 717 μισθώματος
1286 657 1584 720 παρασχεῖν.
1631 653 1827 705 πλανώ·
1866 673 1890 704 2
1946 687 1948 689 >

156 759 299 804 μενοι
334 741 387 790 δὲ
427 741 472 790 οἱ
516 737 717 804 Δελφοὶ
757 737 870 803 περὶ
907 738 995 788 τὰς
1036 737 1184 789 πόλις
1226 737 1536 800 ἐδωτίναζον,
1572 742 1827 791 ποιεῦντες

157 825 211 875 δὲ
247 827 391 874 τοῦτο
428 822 515 874 οὐκ
552 819 826 890 ἐλάχιστον
862 819 922 885 ἐξ
956 820 1209 887 Αἰγύπτου
1246 820 1521 884 ἠνείκαντο.
1606 820 1827 886 ’Άμασις

155 910 247 972 μὲν
291 906 387 974 γάρ
432 913 528 974 σφι
573 905 724 957 ἔδωκε
768 905 913 973 χίλια
958 906 1263 971 στυπτηρίης
1304 904 1541 963 τάλαντα,
1585 907 1631 957 οἱ
1677 908 1729 957 δὲ
1770 907 1825 957 ἐν
1854 899 2070 946 Μ

86 1014 134 1043 10
157 991 391 1061 Αἰγύπτῳ
422 990 666 1043 οἰκέοντες
688 988 942 1053 ’Έλληνες
975 990 1134 1040 εἴκοσι
1163 988 1332 1054 μνέας.

239 1075 563 1142 Κυρηναίοισι
615 1078 668 1126 δὲ
712 1071 934 1139 ’Ἄμασις
986 1072 1236 1140 φιλότητά
1287 1094 1342 1125 τε
1394 1074 1473 1125 καὶ
1533 1075 1822 1141 συμμαχίην
1861 1076 1947 1126 181

157 1158 478 1225 συνεθήκατο.
566 1159 828 1210 ἐδικαίωσε
860 1160 914 1210 δὲ
947 1158 1027 1209 καὶ
1064 1160 1218 1224 γῆμαι
1255 1157 1480 1216 αὐτόθεν,
1515 1160 1613 1210 εἴτε
1650 1160 1817 1210 ἐπιθυ-

153 1243 318 1310 μήσας
366 1243 664 1309 Ἑλληνίδος
720 1243 966 1310 γυναικός,
1023 1243 1122 1294 εἴτε
1182 1243 1261 1294 καὶ
1320 1241 1488 1295 ἄλλως
1547 1243 1820 1309 φιλότητος

156 1330 446 1397 Κυρηναίων
477 1329 656 1381 εἵνεκα.
743 1326 919 1394 γαμέει
959 1329 1013 1378 δὲ
1055 1324 1139 1385 ὧν,
1173 1329 1219 1378 οἱ
1258 1329 1351 1391 μὲν
1386 1326 1597 1394 λέγουσι
1630 1326 1819 1378 Βάττου
1862 1349 1886 1380 2

82 1434 130 1477 15
152 1418 240 1465 τοῦ
277 1413 583 1480 Ἀρκεσίλεω
626 1410 886 1479 θυγατέρα,
926 1413 972 1463 οἱ
1014 1414 1067 1463 δὲ
1110 1410 1460 1477 Κριτοβούλου
1501 1410 1680 1477 ἀνδρὸς
1720 1416 1819 1462 τῶν

150 1491 322 1550 ἀστῶν
357 1498 573 1563 δοκίμου,
606 1504 667 1570 τῇ
703 1497 888 1562 οὕνομα
925 1494 986 1560 ἧν
1017 1496 1224 1559 Λαδίκη.
1314 1496 1372 1566 τῇ
1413 1497 1574 1547 ἐπείτε
1610 1497 1817 1562 συγκλί-

153 1603 289 1637 νοιτο
329 1583 356 1633 6
391 1580 628 1647 Ἀμασις,
672 1582 947 1648 μίσγεσθαι
988 1579 1074 1631 οὐκ
1114 1580 1215 1632 οἶός
1260 1601 1313 1631 τε
1358 1581 1567 1646 ἐγίνετο,
1610 1580 1722 1651 τῇσι
1766 1582 1819 1631 δὲ

152 1665 342 1739 ἄλλῃσι
378 1665 574 1734 γυναιξὶ
606 1668 804 1733 ἐχρᾶτο.
894 1666 1059 1717 ἐπείτε
1100 1666 1152 1715 δὲ
1190 1663 1384 1716 πολλὸν
1424 1668 1568 1715 τοῦτο
1609 1665 1817 1731 ἐγίνετο,
1861 1687 1885 1729 3

153 1751 260 1803 εἶπε
297 1753 323 1802 ὁ
355 1749 577 1816 ’Ἄμασις
617 1749 741 1817 πρὸς
774 1749 866 1814 τὴν
905 1750 1126 1813 Λαδίκην
1163 1749 1345 1814 ταύτην
1383 1748 1705 1814 καλεομένην·
1744 1747 1819 1799 ἦὨ

78 1856 129 1886 20
150 1835 311 1903 γύναι,
346 1834 469 1888 κατά
498 1857 560 1901 με
591 1833 899 1902 ἐφάρμαξας,
929 1834 1007 1885 καὶ
1038 1833 1149 1884 ἔστι
1180 1854 1258 1884 τοι
1287 1833 1489 1898 οὐδεμία
1517 1832 1720 1900 μηχανὴ
1751 1832 1818 1898 μὴ

150 1919 237 1972 οὐκ
267 1918 587 1973 ἀπολωλέναι
620 1918 831 1971 κάκιστα
869 1922 1116 1986 γυναικῶν
1153 1916 1374 1970 πασέων.
1463 1917 1493 1982 ἡ
1525 1920 1578 1969 δὲ
1609 1919 1816 1981 Λαδίκη,
1858 1938 1885 1979 4

151 1993 317 2057 ἐπείτε
361 2007 407 2057 οἱ
451 2003 723 2075 ἀρνευμένῃ
769 2002 912 2054 οὐδὲν
957 2003 1150 2069 ἐγίνετο
1194 2001 1463 2068 πρηΰτερος
1512 2002 1539 2051 ὁ
1578 2000 1816 2066 ”Αμασις,

150 2088 348 2157 εὔχεται
373 2091 426 2140 ἐν
450 2094 518 2159 τῷ
543 2089 640 2158 νόῳ
664 2095 724 2160 τῇ
755 2087 1047 2158 Ἀφροδίτῃ,
1074 2085 1136 2150 ἥν
1159 2088 1205 2137 οἳ
1229 2086 1309 2138 ὑπ’
1336 2087 1530 2150 ἐκείνην
1552 2085 1642 2149 τὴν
1667 2085 1820 2137 νύκτα

147 2174 328 2245 μειχθῇ
361 2172 644 2240 ὁ”Αμασις,
678 2176 820 2223 τοῦτο
850 2170 945 2238 γάρ
977 2173 1024 2222 οἱ
1058 2175 1208 2221 κακοῦ
1245 2169 1370 2222 εἶναι
1404 2173 1581 2240 μῇχος,
1614 2168 1818 2236 ἄγαλμά
1852 2156 2098 2238 “³77⁶st-

76 2275 125 2316 25
149 2259 196 2310 οἱ
227 2257 548 2325 ἀποπέμψειν
580 2259 630 2310 ἐς
663 2254 905 2322 Κυρήνην.
995 2256 1120 2320 μετὰ
1158 2257 1210 2306 δὲ
1246 2254 1337 2318 τὴν
1375 2254 1528 2322 εὐχὴν
1564 2255 1739 2306 αὐτίκα
1769 2256 1816 2305 οἱ

150 2342 355 2410 ἐμείχθη
389 2342 416 2392 6
437 2340 675 2407 ”Αμασις.
755 2340 833 2391 καὶ
864 2339 920 2391 τὸ
952 2341 1179 2391 ἐνθεῦτεν
1209 2338 1317 2404 ἤδη,
1346 2339 1489 2390 ὁκότε
1521 2339 1659 2390 ἔλθοι
1693 2337 1816 2405 πρὸς

150 2425 316 2492 αὐτήν,
350 2426 587 2493 ἐμίσγετο
626 2425 704 2476 καὶ
742 2423 896 2492 κάρτα
930 2444 1016 2489 μιν
1054 2422 1259 2490 ἔστερξε
1294 2426 1419 2489 μετὰ
1454 2427 1612 2474 τοῦτο.
1700 2423 1729 2486 ἡ
1763 2424 1815 2474 δὲ
1855 2443 1876 2489 5

207 2578 225 2604 1
259 2568 303 2606 ἐν
321 2569 409 2607 ταῖς
429 2564 566 2618 βάρισι
589 2563 620 2604 S
633 2563 672 2602 V
862 2575 887 2600 2
916 2560 1059 2614 μέχρις
1080 2561 1119 2600 Α
1134 2562 1169 2600 Β
1185 2561 1218 2600 C
1234 2562 1271 2601 R
1288 2562 1317 2601 S
1330 2562 1368 2600 V
1557 2574 1582 2611 3
1614 2559 1816 2612 ἐτέτμητο

147 2618 189 2658 Α
202 2619 236 2659 Β
250 2620 285 2659 C
447 2632 473 2669 4
506 2617 741 2673 ἐξεργάσθαι
761 2617 801 2655 Α
814 2617 849 2656 Β
866 2617 899 2655 C
1070 2629 1095 2666 5
1127 2616 1360 2667 αὐτομάτως
1381 2616 1420 2654 Α
1434 2616 1468 2654 Β
1485 2616 1517 2654 C
1533 2616 1566 2655 P
1714 2615 1758 2656 δὲ
1780 2616 1815 2655 C

147 2676 175 2713 6
204 2674 383 2723 ἐπέβαλε
404 2674 434 2714 S
657 2685 679 2722 7
710 2672 854 2713 πόλιας
880 2670 1038 2710 RSV:
1073 2670 1214 2712 πόλεις
1242 2671 1275 2709 C
1496 2684 1523 2720 9
1553 2674 1595 2712 ἐν
1617 2684 1696 2710 om.
1725 2671 1816 2709 RV

153 2741 198 2768 11
245 2728 291 2770 δὲ
321 2727 513 2780 Ἄμασις]
555 2726 590 2769 δ’
630 2731 670 2770 ἐς
708 2728 916 2777 ’ἀλλήλους
953 2725 994 2764 Α
1010 2726 1045 2764 Β
1065 2726 1098 2764 C
1324 2739 1371 2775 14
1418 2724 1580 2766 Βάττεω
1618 2726 1657 2764 Α
1675 2725 1710 2763 Β
1730 2725 1763 2763 C
1782 2725 1816 2764 P

153 2794 202 2833 15
230 2783 322 2837 τοῦ]
348 2785 386 2825 οἷ
405 2783 450 2825 δὲ
469 2783 558 2822 ΑΒ
575 2782 657 2821 CP
827 2782 876 2821 16
905 2780 1058 2829 Λαδίκη
1083 2780 1121 2819 R
1137 2780 1219 2819 SV
1239 2780 1304 2831 (it.
1329 2781 1452 2831 infra)
1608 2793 1654 2830 17
1686 2784 1708 2821 ὁ
1728 2793 1811 2820 om.

147 2838 236 2877 AB
251 2838 285 2877 C
397 2838 562 2891 ἐγένετο
584 2837 622 2875 R
638 2837 720 2876 SV
892 2836 941 2874 18
971 2836 1182 2885 ἀλλήλησι
1206 2835 1244 2873 R
1259 2835 1295 2874 V
1318 2836 1454 2887 (·ow·t*1
1628 2848 1676 2886 19
1706 2836 1747 2875 ὁΪ
1771 2834 1814 2876 δὲ

149 2892 480 2943 ὖῙὶνεδὴὸΞ
610 2889 991 2932 20-nA20m.P
1119 2902 1172 2928 22
1202 2890 1491 2931 ‹somAssc
1622 2889 1813 2939 23·rbR

149 2951 217 2988 νῶι
236 2947 325 2987 ΑΒ
341 2948 374 2987 C
487 2947 552 2988 ὑπ’
575 2946 813 2987 Schaeser:
843 2944 906 2986 ἐπ’
931 2944 964 2982 L
1115 2958 1166 2993 24
1198 2948 1324 2999 μιχθῇ
1349 2946 1381 2983 L
1525 2946 1578 2985 26
1609 2946 1757 2998 ἐμίχθη
1782 2945 1814 2985 L

149 3003 197 3054 δὴ
221 3002 260 3043 R
274 3002 304 3042 S
316 3003 354 3042 V
467 3003 575 3043 ἔλθοι
589 3001 763 3054 ’Άμασις
783 2999 822 3038 Α
836 3000 870 3039 Β
887 3000 919 3037 C
935 3000 967 3040 P
