2098 3320
728 124 1107 194 ΙΣΤΟΡΙΩΝ
1177 147 1221 194 Δ
1849 146 1938 196 lv.
1965 161 1996 196 2

145 283 286 332 κοῖλα
317 278 396 330 καὶ
419 274 795 344 περιστίξαντες
826 279 949 328 κατὰ
979 280 1040 329 τὰ
1071 276 1256 345 ἀγγήια
1280 277 1393 331 τοὺς
1417 277 1639 346 τυφλοὺς
1670 276 1805 330 δονέ-

142 384 254 417 ουσι
286 362 345 414 τὸ
379 360 528 429 γάλα,
565 362 644 414 καὶ
684 361 741 413 τὸ
781 364 873 427 μὲν
909 363 1058 414 αὐτοῦ
1095 361 1429 428 ἐπιστάμενον
1465 362 1811 429 ἀπαρύσαντες

140 447 373 515 ἡγεῦνται
416 445 542 499 εἶναι
585 446 891 514 τιμιώτερον,
937 446 995 498 τὸ
1039 446 1080 498 δ’
1125 446 1463 513 ὑπιστάμενον
1509 446 1677 512 ἧσσον
1725 452 1811 499 τοῦ

141 530 324 598 ἑτέρου.
411 530 600 583 τούτων
651 533 743 596 μὲν
795 532 959 584 εἵνεκα
1010 530 1206 584 ἅπαντα
1256 531 1344 583 τὸν
1394 529 1455 583 ἂν
1507 530 1714 596 λάβωσι
1764 534 1811 583 οἱ

95 641 118 683 5
141 615 326 668 Σκύθαι
356 616 679 682 ἐκτυφλοῦσι·
727 615 783 667 οὐ
813 618 909 683 γὰρ
939 616 1113 684 ἀρόται
1144 616 1244 668 εἰσὶ
1282 616 1417 667 ἀλλὰ
1454 615 1679 682 νομάδες.
1756 618 1810 668 ἐκ
1846 631 1878 679 3

141 700 326 753 τούτων
357 698 414 763 δὴ
446 696 515 751 ὧν
547 705 644 766 σφι
673 705 772 752 τῶν
802 700 993 753 δούλων
1028 701 1105 752 καὶ
1136 705 1234 752 τῶν
1266 704 1510 768 γυναικῶν
1551 699 1808 768 ἐπετράφη

142 784 330 849 νεότης,
363 783 410 835 οἳ
448 785 612 836 ἐπείτε
653 784 839 850 ἔμαθον
879 785 970 849 τὴν
1015 784 1268 853 σφετέρην
1307 784 1524 852 γένεσιν,
1556 785 1810 849 ἠντιοῦντο

141 868 338 921 αὐτοῖσι
363 873 589 920 κατιοῦσι
618 870 672 920 ἐκ
701 873 800 921 τῶν
825 868 1029 934 Μήδων.
1107 871 1185 922 καὶ
1209 874 1379 937 πρῶτα
1408 872 1500 934 μὲν
1523 869 1611 933 τὴν
1641 869 1810 937 χώρην
1846 889 1871 920 2

142 951 469 1020 ἀπετάμοντο,
492 952 686 1020 τάφρον
710 952 1001 1021 ὀρυξάμενοι
1026 953 1199 1021 εὐρέαν
1225 955 1611 1006 κατατείνουσαν
1635 955 1689 1005 ἐκ
1712 959 1812 1006 τῶν

71 1062 120 1092 10
139 1041 399 1106 Ταυρικῶν
422 1036 577 1105 ὀρέων
597 1040 648 1091 ἐς
671 1037 761 1102 τὴν
787 1042 1005 1104 Μαιῆτιν
1027 1039 1224 1105 λίμνην,
1246 1039 1305 1110 τῇ
1330 1038 1422 1105 πέρ
1444 1041 1556 1090 ἐστι
1578 1040 1809 1106 μεγίστη·

142 1125 266 1189 μετὰ
295 1125 348 1175 δὲ
379 1121 731 1189 πειρωμένοισι
762 1122 1043 1188 ἐσβάλλειν
1080 1128 1214 1175 τοῖσι
1251 1124 1472 1195 Σκύθῃσι
1505 1123 1808 1187 ἀντικατιζό-

141 1229 282 1274 μενοι
315 1205 575 1275 ἐμάχοντο.
650 1206 914 1274 γινομένης
945 1211 997 1260 δὲ
1022 1207 1187 1276 μάχης
1210 1207 1454 1262 πολλάκις
1478 1208 1636 1259 καὶού
1667 1211 1808 1259 δυνα-
1847 1232 1872 1276 3

142 1290 307 1358 μένων
338 1291 480 1344 οὐδὲν
511 1290 668 1344 πλέον
699 1291 834 1360 ἔχειν
865 1297 964 1344 τῶν
998 1291 1227 1345 Σκυθέων
1263 1293 1322 1365 τῇ
1362 1291 1516 1364 μάχῃ,
1552 1294 1622 1346 εἷς
1653 1292 1813 1344 αὐτῶν

143 1374 286 1441 ἔλεξε
320 1375 452 1428 τάδε·
498 1377 600 1428 Οἷα
634 1381 882 1442 ποιεῦμεν,
917 1376 1092 1444 ἄνδρες
1134 1378 1331 1429 Σκύθαι.
1423 1376 1649 1428 δούλοισι
1679 1381 1813 1429 τοῖσι

72 1482 120 1524 15
143 1459 429 1528 ἡμετέροισι
456 1461 734 1529 μαχόμενοι
765 1461 908 1514 αὐτοί
936 1482 989 1513 τε
1021 1463 1324 1527 κτεινόμενοι
1366 1460 1645 1515 ἐλάσσονες
1675 1462 1809 1528 γινό-

143 1548 270 1612 μεθα
293 1545 371 1597 καὶ
401 1547 617 1600 ἐκείνους
650 1547 926 1600 κτείνοντες
960 1547 1258 1598 ἐλασσόνων
1291 1551 1345 1597 τὸ
1376 1545 1554 1598 λοιπὸν
1585 1545 1812 1612 ἄρξομεν.

145 1635 232 1683 νῦν
267 1626 335 1682 ὧν
375 1652 458 1695 μοι
489 1629 651 1682 δοκέει
681 1632 866 1698 αἰχμὰς
906 1633 999 1696 μὲν
1039 1633 1117 1683 καὶ
1155 1630 1275 1695 τόξα
1316 1636 1551 1696 μετεῖναι,
1584 1630 1815 1695 λαβόντα
1849 1652 1876 1694 4

145 1717 199 1768 δὲ
247 1715 462 1767 ἕκαστον
508 1719 595 1766 τοῦ
641 1716 792 1768 ἵππου
841 1715 931 1780 τὴν
980 1715 1203 1783 μάστιγα
1253 1715 1378 1767 ἰέναι
1426 1716 1590 1767 ἆσσον
1638 1714 1814 1766 αὐτῶν.

143 1798 293 1868 μέχρι
329 1802 424 1866 μὲν
458 1801 555 1868 γὰρ
595 1800 735 1867 ὥρων
773 1799 929 1866 ἡμέας
970 1801 1103 1853 ὅπλα
1147 1801 1373 1868 ἔχοντας,
1410 1802 1455 1852 οἱ
1496 1802 1549 1851 δὲ
1591 1800 1815 1864 ἐνόμιζον

73 1903 123 1940 20
144 1885 310 1967 ὅμοιοί
327 1905 381 1936 τε
402 1885 480 1936 καὶ
501 1883 560 1949 ἐξ
577 1885 760 1951 ὁμοίων
780 1886 896 1950 ἡμῖν
918 1884 1061 1937 εἶναι·
1095 1887 1246 1938 ἐπεὰν
1265 1887 1324 1958 μδὲ
1346 1886 1545 1936 ἴδωνται
1568 1883 1816 1950 μάστιγας

145 1969 255 2022 ἀντὶ
285 1970 455 2022 ὅπλων
487 1969 713 2037 ἔχοντας,
744 1970 989 2035 μαθόντες
1025 1969 1090 2023 ὡς
1127 1970 1227 2021 εἶσὶ
1269 1968 1497 2036 ἡμέτεροι
1538 1972 1705 2020 δοῦλοι
1736 1969 1816 2019 καὶ

145 2054 451 2122 συγγνόντες
486 2059 631 2105 τοῦτο
668 2054 753 2106 οὐκ
795 2053 1140 2120 ὑπομενέουσι.
1234 2058 1385 2105 ταῦτα
1426 2053 1729 2106 ἀκούσαντες
1770 2055 1815 2103 οἱ
1851 2065 1886 2112 4

145 2137 328 2190 Σκύθαι
373 2138 572 2190 ἐποίευν
613 2138 862 2191 ἐπιτελέα·
917 2142 962 2191 οἱ
1005 2139 1046 2189 δ’
1087 2137 1423 2205 ἐκπλαγέντες
1463 2142 1530 2206 τῷ
1571 2137 1816 2205 γινομένῳ

143 2225 231 2286 τῆς
266 2221 432 2291 μάχης
471 2244 525 2275 τε
562 2222 869 2275 ἐπελάθοντο
915 2224 993 2275 καὶ
1036 2223 1267 2290 ἔφευγον.
1360 2223 1512 2274 οὕτως
1550 2224 1596 2273 οἱ
1633 2221 1819 2272 Σκύθαι

71 2330 120 2372 ²5
143 2309 231 2371 Τἣς
274 2327 329 2359 τε
370 2306 548 2372 Ἀσίης
592 2306 746 2373 ἧρξαν
788 2308 867 2359 καὶ
912 2306 1270 2372 ἐξελασθέντες
1317 2308 1453 2360 αὖτις
1491 2306 1587 2358 ὑπὸ
1630 2303 1819 2370 Μήδων

146 2392 391 2456 κατῆλθον
420 2381 586 2462 τρόπῳ
617 2392 821 2462 τοιούτῳ
857 2394 906 2446 ἐς
938 2392 1029 2456 τὴν
1067 2391 1331 2459 σφετέρην.
1423 2395 1521 2442 τῶν
1562 2393 1613 2442 δὲ
1655 2391 1818 2442 εἵνεκα

202 2539 221 2566 1
250 2527 457 2580 περιστήξ.
479 2526 512 2566 C
530 2541 538 2566 ε
560 2527 778 2582 περιστήσ.
805 2527 838 2566 Ρ
855 2528 895 2567 R
914 2528 944 2567 S
964 2528 999 2566 V
1018 2543 1027 2567 ε
1048 2527 1159 2582 πέριξ
1181 2527 1410 2576 στήσαντες
1432 2527 1601 2566 Dobrce
1714 2530 1818 2569 κατὰ

142 2593 225 2622 om.
251 2580 285 2620 P
299 2581 339 2620 R
355 2581 385 2620 S
398 2582 436 2621 V
600 2596 626 2633 3
655 2582 849 2636 ἡγέονται
880 2583 912 2621 Ρ
928 2583 969 2621 R
983 2583 1013 2622 S
1027 2583 1066 2621 V
1169 2584 1394 2635 τιμιώτεροι
1419 2582 1457 2619 R
1571 2596 1713 2630 ηπιστ.
1735 2581 1765 2620 S
1779 2582 1818 2621 V

142 2651 168 2687 4
197 2639 234 2678 οἱ
253 2649 337 2680 orn.
357 2637 398 2676 A
412 2637 446 2675 B
463 2637 497 2677 C
617 2640 645 2677 6
673 2636 852 2679 τουτέων
875 2638 915 2677 R
939 2639 1042 2689 <-ον>
1066 2637 1149 2677 SV
1261 2637 1306 2678 δὲ
1327 2637 1366 2675 Α
1383 2637 1417 2675 Β
1434 2637 1466 2675 C
1583 2635 1817 2690 ἐπεστράφη

143 2691 306 2732 RSV:
336 2691 491 2746 ἐτράφη
515 2692 607 2734 rell.
724 2707 745 2743 7
778 2694 930 2743 νεώτης
962 2693 1001 2731 R
1120 2705 1169 2732 10
1200 2696 1379 2733 Μαιῶτιν
1401 2693 1434 2730 L
1545 2694 1597 2746 ’τῇ
1621 2691 1817 2731 Dobree:

141 2747 167 2795 ἥ
189 2747 223 2786 L
430 2760 474 2786 11
508 2751 706 2796 ἐσβαλεῖν
730 2748 770 2787 R
786 2748 869 2788 SV
1019 2747 1165 2798 -καθιζ-
1193 2748 1233 2786 R
1253 2762 1261 2786 :
1294 2746 1451 2798 -καθεζ-
1475 2746 1531 2787 S:
1567 2745 1726 2796 -καθηζ-
1750 2746 1789 2785 V
1809 2761 1817 2786 τ

143 2801 644 2897 mm&
817 2805 972 2897 ππ
992 2803 1201 2906 affixam}
1227 2815 1402 2897 Q
1417 2858 1454 2895 v
1557 2801 1817 2898 1532222225

143 2870 388 2952 ἒὲίνίὶοὲἱὺ
500 2890 607 2955 αὖτέ»
630 2871 670 2951 lp(
747 2875 847 2952 '7¹22
877 2916 956 2966 οὐχ
976 2912 1017 2951 Λ
1031 2871 1065 2951 l}
1080 2876 1142 2953 Ca
1198 2875 1485 2963 ντιξτίομενοῦσι
1509 2911 1543 2950 C
1656 2922 1708 2960 23
1737 2910 1813 2963 τῷ]

145 2968 208 3008 ἐπὶ
227 2971 286 3019 τῷ
308 2967 342 3006 Ρ
357 2967 395 3006 R
411 2966 442 3007 S
458 2967 495 3006 V
607 2979 660 3018 25
682 2967 941 3021 ἐξελαθέντες
959 2968 993 3006 E
1107 2969 1162 3006 26
1181 2967 1316 3021 τρόπῳ
1337 2971 1478 3020 τοιῷδε
1503 2967 1536 3006 C
1554 2966 1586 3006 P
1605 2981 1613 3005 τ
1645 2966 1817 3008 τοιούτω

143 3020 277 3076 τρόπω
301 3022 339 3061 R
355 3022 436 3062 SV
548 3027 629 3065 τῶν
651 3023 696 3065 δὲ
716 3023 750 3062 C
766 3023 825 3062 V:
860 3026 986 3067 τῶνδε
1012 3021 1101 3063 rell.
