2098 3320
80 97 146 147 ΙΙ.
166 99 259 158 136

163 1575 285 1640 137,

916 95 1343 144 ΗΡΟΔΟΤΟὙ

297 225 423 275 οὕτω
468 225 750 291 λαμβάνειν
794 225 851 277 τὸ
896 226 1060 294 χρέος·
1111 229 1448 294 προστεθῆναι
1492 229 1544 279 δὲ
1590 227 1663 279 ἔτι
1705 228 1859 298 τούτῳ
1903 229 1971 298 τῷ

295 309 430 378 νόμῳ
461 311 617 367 τόνδε,
652 310 738 362 τὸν
774 311 972 362 διδόντα
1002 310 1058 362 τὸ
1087 310 1236 380 χρέος
1275 311 1353 363 καὶ
1387 310 1586 376 ἁπάσης
1621 310 1843 377 κρατέειν
1878 314 1964 376 τῆς

295 398 381 444 τοῦ
411 393 761 458 λαμβάνοντος
794 393 960 460 θήκης,
995 396 1061 466 τῷ
1083 397 1137 447 δὲ
1166 394 1450 447 ὑποτιθέντι
1479 399 1624 447 τοῦτο
1645 394 1704 446 τὸ
1727 394 1962 463 ἐνέχυρον

295 476 442 540 τήνδε
487 479 678 529 ἐπεῖναι
724 476 897 543 ζημίην
942 478 1008 544 μὴ
1054 478 1348 549 βουλομένῳ
1395 481 1663 531 ἀποδοῦναι
1703 477 1761 530 τὸ
1794 478 1958 546 χρέος,

293 560 419 626 μήτε
459 561 588 632 αὐτῷ
621 563 790 632 ἐκείνῳ
831 561 1188 627 τελευτήσαντι
1231 562 1356 615 εἶναι
1396 566 1560 630 ταφῆς
1602 566 1808 629 κυρῆσαι
1847 561 1959 628 μήτ’

293 646 348 696 ἐν
392 645 562 715 ἐκείνῳ
607 647 674 716 τῷ
715 648 943 717 πατρωίῳ
969 646 1132 717 τάφῳ
1176 645 1289 713 μήτ’
1334 649 1389 699 ἐν
1434 646 1573 716 ἄλλῳ
1617 648 1806 712 μηδενί,
1838 645 1962 711 μήτε

1983 588 2006 629 5

292 727 454 781 ἄλλον
483 729 671 797 μηδένα
702 735 799 782 τῶν
838 733 1022 782 ἑωυτοῦ
1059 731 1431 798 ἀπογενόμενον
1468 729 1643 799 θάψαι.
1737 732 1957 798 ὑπερβα-
2004 744 2009 747 ’

293 812 475 864 λέσθαι
517 816 569 865 δὲ
605 814 921 879 βουλόμενον
962 820 1139 868 τοῦτον
1179 815 1266 867 τὸν
1300 814 1526 881 βασιλέα
1565 814 1678 868 τοὺς
1720 815 1961 882 πρότερον

293 899 475 948 ἑωυτοῦ
492 897 744 963 βασιλέας
768 898 1066 965 γενομένους
1091 900 1342 966 Αἰγύπτου
1371 900 1690 964 μνημόσυνον
1713 899 1960 964 πυραμίδα

291 979 530 1032 λιπέσθαι
570 984 622 1033 ἐκ
659 983 883 1034 πλίνθων
924 981 1222 1047 ποιήσαντα,
1256 985 1310 1034 ἐν
1350 991 1410 1056 τῇ
1445 982 1709 1050 γράμματα
1745 985 1799 1034 ἐν
1833 984 1958 1053 λίθῳ

291 1065 703 1131 ἐγκεκολαμμένα
730 1065 847 1118 τάδε
877 1065 1094 1134 λέγοντά
1125 1069 1252 1119 ἐστι·
1298 1065 1365 1131 μή
1395 1089 1458 1132 με
1495 1069 1800 1139 κατονοσθῇς
1837 1065 1958 1133 πρὸς

292 1149 380 1203 τὰς
408 1151 604 1204 λιθίνας
639 1150 930 1217 πυραμίδας·
977 1150 1176 1219 προέχω
1208 1152 1303 1218 γὰρ
1339 1149 1528 1203 αὐτέων
1562 1154 1804 1202 τοσοῦτον
1833 1151 1957 1203 ὅσον

292 1234 318 1283 ὁ
367 1234 493 1287 Ζεὺς
542 1238 641 1285 τῶν
691 1233 865 1286 ἄλλων
919 1238 1060 1287 θεῶν.
1151 1236 1304 1304 κοντῷ
1349 1237 1444 1302 γὰρ
1493 1234 1856 1289 ὑποτύπτοντες
1905 1236 1957 1288 ἐς

289 1318 487 1383 λίμνην,
520 1320 549 1369 ὅ
577 1339 623 1370 τι
656 1319 970 1387 πρόσσχοιτο
999 1324 1085 1371 τοῦ
1116 1323 1278 1384 πηλοῦ
1306 1319 1374 1388 τῷ
1400 1319 1565 1388 κοντῷ,
1599 1323 1742 1370 τοῦτο
1771 1317 1955 1370 συλλέ-

290 1422 465 1468 γοντες
496 1403 734 1456 πλίνθους
767 1404 969 1470 εἴρυσαν
1002 1404 1084 1455 καί
1115 1424 1177 1469 με
1206 1403 1371 1473 τρόπῳ
1402 1403 1605 1473 τοιούτῳ
1637 1400 1955 1505 ἐξεποίησαν.

290 1491 465 1538 τοῦτον
494 1489 586 1551 μὲν
615 1491 835 1539 τοσαῦτα
866 1486 1222 1552 ἀποδέξασθαι.

376 1572 521 1623 Μετὰ
557 1574 610 1623 δὲ
650 1576 823 1623 τοῦτον
863 1576 1175 1637 βασιλεῦσαι
1211 1570 1366 1638 ἄνδρα
1400 1570 1594 1639 τυφλὸν
1630 1569 1690 1636 ἐξ
1721 1571 1955 1625 Ἀνύσιος

291 1654 486 1714 πόλιος,
520 1656 589 1724 τῷ
621 1655 810 1721 οὕνομα
831 1653 1047 1708 ’Άνυσιν
1071 1656 1211 1708 εἶναι.
1288 1655 1370 1707 ἐπὶ
1393 1655 1569 1707 τούτου
1590 1655 1955 1721 βασιλεύοντος

291 1738 474 1790 ἐλάσαι
504 1739 581 1791 ἐπ’
607 1741 859 1807 Αἴγυπτον
889 1740 1018 1808 χειρὶ
1042 1741 1207 1812 πολλῇ
1241 1738 1483 1794 Αἰθίοπάς
1511 1761 1566 1791 τε
1598 1740 1677 1791 καὶ
1707 1744 1955 1805 Σαβακῶν

291 1821 378 1874 τὸν
403 1823 655 1875 Αἰθιόπων
685 1823 924 1888 βασιλέα.
1003 1827 1089 1876 τὸν
1111 1827 1203 1890 μὲν
1226 1823 1284 1887 δὴ
1309 1823 1504 1891 τυφλὸν
1527 1828 1700 1876 τοῦτον
1723 1825 1954 1892 οἴχεσθαι

291 1906 544 1974 φεύγοντα
573 1910 625 1961 ἐς
653 1909 715 1959 τὰ
755 1908 890 1968 ἕλεα,
923 1907 1010 1960 τὸν
1042 1910 1095 1960 δὲ
1125 1909 1339 1960 Αἰθίοπα
1374 1908 1670 1973 βασιλεύειν
1701 1908 1954 1974 Αἰγύπτου

289 1990 368 2042 ἐπ’
417 1991 531 2043 ἔτεα
578 1990 898 2056 πεντήκοντα,
950 1994 1005 2043 ἐν
1052 1997 1187 2044 τοῖσι
1236 1991 1384 2044 αὐτὸν
1429 1991 1547 2044 τάδε
1593 1990 1950 2056 ἀποδέξασθαι·

290 2075 417 2128 ὅκως
460 2081 556 2127 τῶν
601 2097 675 2130 τις
722 2076 1007 2143 Αἰγυπτίων
1052 2075 1259 2143 ἁμάρτοι
1302 2097 1365 2135 τι,
1406 2077 1614 2128 κτείνειν
1654 2078 1746 2140 μὲν
1791 2075 1951 2127 αὐτῶν

289 2158 467 2210 οὐδένα
498 2159 706 2219 ἐθέλειν,
732 2160 819 2212 τὸν
851 2163 904 2212 δὲ
939 2162 1061 2212 κατὰ
1089 2159 1305 2227 μέγαθος
1328 2164 1413 2211 τοῦ
1444 2157 1738 2224 ἀδικήματος
1762 2158 1955 2228 ἑκάστῳ

289 2242 518 2306 δικάζειν,
555 2243 895 2296 ἐπιτάσσοντα
932 2244 1140 2312 χώματα
1176 2249 1299 2312 χοῦν
1336 2243 1457 2310 πρὸς
1493 2251 1552 2316 τῇ
1589 2246 1782 2295 ἑωυτῶν
1812 2244 1947 2303 πόλι,

289 2327 405 2378 ὅθεν
436 2327 645 2382 ἕκαστος
683 2326 741 2391 ἦν
778 2332 876 2380 τῶν
908 2328 1221 2380 ἀδικεόντων.
1312 2328 1390 2378 καὶ
1424 2328 1550 2379 οὕτω
1587 2327 1660 2379 ἔτι
1696 2329 1746 2379 αἱ
1778 2327 1951 2379 πόλιες

289 2409 522 2476 ἐγένοντο
551 2412 876 2478 ὑψηλότεραι.
936 2411 1019 2469 ,rb
1049 2414 1141 2477 μὲν
1172 2413 1266 2478 γὰρ
1297 2416 1492 2478 πρῶτον
1524 2411 1826 2478 ἐχώσθησαν
1855 2409 1950 2463 ὑπὸ

347 2553 676 2602 Ιπροστεθεῖναι
699 2548 753 2588 R¹
770 2550 800 2589 S
815 2547 870 2587 V1
981 2550 1031 2591 rb
1054 2549 1093 2587 R
1258 2563 1283 2588 2
1298 2534 1406 2591 ’τόδε
1424 2549 1464 2588 R
1479 2548 1560 2588 SV
1695 2560 1721 2599 5
1750 2548 1872 2602 μήτε]
1893 2550 1949 2600 μὴ

288 2602 331 2644 δὲ
354 2601 443 2642 ΑΒ
460 2605 492 2643 C
510 2604 543 2642 P
699 2605 726 2643 6
756 2605 894 2656 ἐκείνῳ
915 2604 997 2644 del.
1027 2604 1224 2655 Krueger
1334 2602 1554 2657 πατρῶω(ι>
1581 2602 1614 2641 L
1779 2616 1802 2654 7
1833 2605 1948 2656 ὑπερ-

288 2657 515 2704 βαλλέσθαι
535 2659 574 2697 V
797 2671 841 2697 11
875 2659 965 2699 ἔστι
986 2659 1083 2700 τάδε
1104 2659 1285 2711 λέγοντα
1306 2658 1346 2697 R
1359 2658 1389 2697 S
1402 2658 1441 2696 V
1601 2661 1818 2712 κατονοθῆς
1838 2657 1872 2696 C
1887 2658 1948 2696 Ρ·

287 2715 594 2761 κατονομασθῆς
635 2714 674 2753 R
699 2713 729 2753 S
751 2713 788 2752 V
1013 2726 1061 2763 14
1104 2713 1352 2767 προσέχοιτο
1390 2713 1430 2751 R
1453 2712 1483 2751 S
1502 2713 1564 2752 V.
1609 2729 1837 2766 προσχοιτο
1863 2712 1897 2751 C
1915 2712 1948 2750 P

291 2778 342 2816 19
373 2767 615 2809 e’sPRSV
724 2768 1048 2810 AtoiovrdRSV
1157 2767 1437 2815 ΣάβάκωνΗ·
1466 2766 1734 2814 Σάβακωννε
1761 2767 1948 2813 Σαβακὸν

288 2820 319 2859 S
450 2835 504 2861 20
532 2822 861 2875 τὸνΑ.]τῶνΑ.
889 2822 1024 2861 RSV
1150 2835 1201 2871 23
1230 2839 1272 2863 τι
1293 2834 1374 2861 om.
1403 2821 1584 2860 PRSV
1667 2822 1791 2862 αυτὸν
1811 2821 1948 2860 RSV

287 2888 372 2968 ἵξις
387 2876 564 2967 &daron
611 2877 652 2916 A
676 2877 764 2916 BC
791 2877 868 2930 [V]
1094 2890 1146 2926 25
1194 2877 1313 2917 πόλει
1362 2876 1396 2914 L
1634 2877 1687 2914 26
1733 2875 1948 2916 οἰκεόντων

1985 1005 2035 1035 10

1984 1426 2032 1469 Ι5

1980 1846 2030 1875 20

1977 2264 2024 2305 25
