2098 3320
0 115 151 174 [199
235 125 237 127 ·
489 105 504 118 ’
809 112 1241 160 HPOAOTOT

194 244 247 294 δὲ
299 241 615 310 ἀπέρχονται.
713 241 1056 310 σχοινοτενέες
1105 245 1157 294 δὲ
1208 240 1417 305 διέξοδοι
1465 233 1623 294 πάντα
1670 244 1854 309 τρόπον
2084 215 2098 309 ff!

194 328 320 377 ὁδῶν
357 327 533 394 ἔχουσι
572 328 653 378 διὰ
688 331 785 377 τῶν
821 332 1081 399 γυναικῶν,
1114 327 1176 378 δι’
1200 329 1283 385 ,ὧν
1321 329 1366 378 οἱ
1403 326 1555 391 ξεῖνοι
1592 324 1855 390 διεξιόντες
2095 321 2098 412 3

133 434 158 477 3
193 410 498 476 ἐκλέγονται.
569 411 687 462 ἔνθα
719 412 869 462 ἐπεὰν
892 412 1050 476 ἵζηται
1073 410 1212 478 γυνή,
1240 412 1295 462 οὐ
1319 412 1557 478 πρότερον
1587 410 1852 463 ἀπαλλάσ-
2093 422 2098 485 s

194 515 335 546 σεται
366 497 416 548 ἐς
446 497 508 546 τὰ
537 496 667 546 οἰκία
703 494 733 559 ἤ
773 496 847 548 τίς
883 497 929 547 οἱ
965 494 1141 559 ξείνων
1181 495 1414 562 ἀργύριον
1445 496 1684 561 ἐμβαλὼν
1715 498 1765 550 ἐς
1794 498 1854 548 τᾶ

193 579 409 645 γούνατα
439 580 618 650 μειχθῇ
651 578 744 643 ἔξω
775 584 862 631 τοῦ
894 582 1013 646 ἱροῦ.
1081 581 1373 646 ἐμβαλόντα
1405 582 1456 632 δὲ
1486 583 1563 631 δεῖ
1590 582 1746 632 εἰπεῖν
1770 602 1850 632 το-
1879 602 1901 642 5

0 656 73 698 *k‘r
195 664 360 715 σόνδε·
407 662 688 730 Ἐπιζςαλέω
734 685 808 714 τοι
859 663 949 728 τὴν
1002 667 1115 716 θεὸν
1175 665 1423 716 Μύλιττα.
1513 663 1754 716 Μύλιττα
1802 668 1854 718 δὲ

134 768 160 810 4
195 746 431 799 καλέουσι
462 747 551 811 τὴν
575 747 881 815 Ἀφροδίτην
911 748 1193 816 Ἀσσύριοι.
1267 747 1326 799 τὸ
1355 752 1408 801 δὲ
1439 749 1670 816 ἀργύριον
1699 749 1857 816 μέγα-γ

0 836 51 880 Α.
82 834 135 867 ὓ*-
195 833 279 884 θός
310 833 420 882 ἐστι
450 833 574 883 ὅσον
606 830 690 883 ὧν·
740 834 797 884 οὐ
825 834 921 900 γὰρ
959 833 1022 899 μὴ
1070 835 1347 898 ἀπώσηται·
1397 833 1452 884 οὐ
1489 833 1582 900 γάρ
1626 835 1672 886 οἱ
1716 834 1856 899 θέμις

138 907 147 915 ’
197 915 321 967 ἐστί·
368 917 557 982 γίνεται
586 918 682 983 γὰρ
726 916 832 983 ἱρὸν
862 921 1004 968 τοῦτο
1049 917 1106 969 τὸ
1146 917 1392 984 ἀργύριον.
1483 923 1549 987 τῷ
1591 920 1643 969 δὲ
1679 919 1854 988 πρώτῳ

4 1001 472 1096 4Μ.μωωέιμβιαλόντι
497 1001 666 1052 ἕπεται
691 1001 801 1052 οὐδὲ
826 1002 1103 1072 ἀποδοκιμᾷ
1133 1001 1324 1053 οὐδένα.
1413 1003 1565 1054 ἐπεὰν
1581 1004 1636 1053 δὲ
1654 1003 1852 1074 μειχθῇ,
1881 1022 1931 1050 10

0 1093 177 1143 Μωὴ
195 1083 583 1150 ἀποσιωσαμένη
614 1086 672 1156 τῇ
706 1088 799 1154 θεῷ
832 1085 1221 1138 ἀπαλλάσσεται
1252 1088 1302 1139 ἐς
1332 1087 1392 1137 τὰ
1423 1088 1567 1144 οἰκία,
1603 1087 1681 1138 καὶ
1719 1086 1855 1139 τώπὸ

95 1165 99 1170 ’
135 1191 154 1237 5
194 1169 369 1220 τούτου
399 1169 485 1220 οὐκ
517 1169 642 1220 οὕτω
672 1168 802 1236 μέγα
828 1171 880 1221 τί
914 1171 960 1221 οἱ
991 1170 1170 1223 δώσεις
1199 1171 1264 1223 ὥς
1301 1191 1385 1235 μιν
1416 1169 1662 1237 λάμψεαι.
1737 1171 1856 1222 ὅσαι

193 1252 287 1318 μέν
316 1274 404 1306 νυν
435 1254 590 1306 εἴδεός
619 1275 674 1306 τε
703 1253 980 1319 ἐπαμμέναι
1011 1254 1111 1305 εἰσὶ
1144 1254 1223 1305 καὶ
1252 1253 1509 1320 μεγάθεος,
1531 1254 1659 1321 ταχὺ
1690 1255 1853 1306 ἀπαλ-

194 1336 492 1396 λάσσονται,
531 1338 647 1389 ὅσαι
695 1340 749 1390 δὲ
797 1337 1013 1405 ἄμορφοι
1049 1337 1236 1390 αὐτέων
1277 1339 1392 1396 εἰσί,
1434 1339 1616 1406 χρόνον
1659 1338 1853 1390 πολλὸν

195 1421 533 1487 προσμένουσι
581 1421 637 1472 οὐ
677 1421 940 1487 δυνάμεναι
988 1422 1075 1474 τὸν
1121 1423 1275 1488 νόμον
1324 1424 1589 1485 ἐκπλῆσαι·
1636 1423 1715 1473 καὶ
1758 1424 1854 1490 γὰρ
1881 1440 1943 1481 15.

194 1504 387 1572 τριέτεα
419 1507 497 1558 καὶ
526 1505 787 1572 τετραέτεα
823 1505 1132 1573 μετεξέτεραι
1168 1507 1352 1574 χρόνον
1394 1505 1614 1571 μένουσι.
1684 1507 1857 1579 ἐνιαχῇ
1923 1519 1925 1522 ’

194 1593 248 1642 δὲ
279 1591 358 1642 καὶ
388 1593 474 1654 τῆς
505 1591 703 1656 Κύπρου
734 1591 843 1642 ἐστὶ
868 1589 1219 1657 παραπλήσιος
1250 1591 1404 1659 τούτῳ
1435 1591 1601 1655 νόμος.
1788 1653 1797 1658 ι
1877 1593 1880 1598 ’

49 1697 157 1734 200
278 1675 441 1739 Νόμοι
470 1677 560 1739 μὲν
593 1674 649 1738 δὴ
681 1674 815 1726 τοῖσι
846 1675 1219 1740 Βαβυλωνίοισι
1257 1675 1391 1726 οῦτοι
1431 1678 1717 1734 κατεστᾶσι,
1753 1675 1853 1727 εἰσὶ

0 1780 47 1808 η
193 1761 245 1811 δὲ
277 1758 435 1810 αὐτῶν
465 1759 664 1828 πατριαὶ
694 1764 823 1825 τρεῖς
853 1759 903 1811 αἳ
933 1760 1076 1811 οὐδὲν
1102 1759 1231 1811 ἄλλο
1263 1758 1512 1810 σιτέονται
1543 1761 1585 1811 εἰ
1616 1759 1683 1825 μὴ
1716 1761 1856 1828 ἰχθῦς
1876 1815 1921 1828 ⁸,

2 1834 391 1909 εωφῖᾭοῦνον,
437 1842 549 1897 τοὺς
597 1845 761 1895 ἐπείτε
801 1843 862 1895 ἂν
915 1841 1243 1911 θηρεύσαντες
1281 1842 1502 1912 αὐήνωσι
1533 1843 1655 1910 πρὸς
1689 1809 2088 1908 ἤλιον,“ῗοήιὲᾟ.

0 1928 109 1969 ‹⁴:⁸ae
195 1931 392 1979 ποιεῦσι
421 1927 553 1979 τάδε·
600 1927 920 1993 ἐσβάλλουσι
953 1930 1002 1981 ἐς
1034 1930 1190 1996 ὅλμον
1222 1928 1299 1979 καὶ
1323 1921 1853 1994 ’λεήναντες-ῥπέροισι
1873 1924 2098 1993 hwa*

1918 1974 2082 2018 xpum.

0 1992 328 2082 ἅμσῶσι
357 2013 437 2063 διὰ
467 2013 710 2064 σινδόνος·
759 2013 835 2063 καὶ
856 2011 910 2065 ὃς
931 2015 1022 2077 μὲν
1052 2011 1113 2063 ἂν
1135 2012 1382 2077 βούληται
1407 2013 1567 2064 αὐτῶν
1587 2011 1672 2064 ἄτε
1694 2013 1853 2077 μᾶζαν

194 2094 472 2161 μαξάμενος
502 2096 616 2155 ἔδει,
649 2098 675 2146 ὁ
704 2098 757 2148 δὲ
781 2095 929 2162 ἄρτου
959 2097 1142 2162 τρόπον
1173 2095 1409 2160 ὀπτήσας.

65 2200 160 2236 201
279 2179 373 2233 εΩς
408 2182 461 2232 δὲ
495 2184 562 2249 τῷ
600 2180 742 2249 Κύρῳ
783 2181 860 2231 καὶ
902 2185 1045 2231 τοῦτο
1085 2180 1142 2230 τὸ
1184 2181 1323 2233 ἔθνος
1370 2179 1693 2248 κατέργαστο,
1737 2182 1858 2233 ἐπει

195 2264 386 2329 θύμησε
418 2262 763 2330 Μασσαγέτας
792 2263 874 2314 ὑπ’
907 2267 1068 2332 ἑωυτῷ
1113 2263 1436 2328 ποιήσασθαι.
1523 2269 1579 2315 τὸ
1623 2267 1676 2315 δὲ
1713 2264 1852 2318 ἔθνος
1879 2281 1927 2322 25

194 2353 335 2399 τοῦτο
362 2349 440 2400 καὶ
468 2347 598 2414 μέγα
626 2347 827 2414 λέγεται
859 2347 984 2399 εἶναι
1018 2349 1095 2399 καὶ
1126 2347 1350 2412 ἄλκιμον,
1374 2347 1632 2412 οἰκημένον
1657 2351 1709 2400 δὲ
1733 2348 1853 2415 πρὸς

192 2433 261 2496 ἠῶ
304 2454 357 2484 τε
398 2432 475 2483 καὶ
514 2432 658 2496 ἡλίου
710 2430 972 2490 ἀνατολάς,
1026 2430 1181 2497 πέρην
1228 2437 1314 2483 τοῦ
1365 2430 1583 2497 Ἀράξεω
1614 2437 1849 2497 ποταμοῦ,

194 2518 363 2567 ἀντίον
402 2518 456 2567 δὲ
487 2515 795 2580 Ἰσσηδόνων
840 2517 1044 2581 ἀνδρῶν.
1137 2515 1236 2566 εἰσὶ
1282 2518 1334 2566 δὲ
1378 2517 1556 2569 οἵτινες
1603 2517 1681 2567 καὶ
1726 2520 1846 2571 Σκυ-

53 2617 158 2654 202
195 2600 331 2651 θικὸν
360 2599 568 2666 λέγουσι
598 2604 740 2651 τοῦτο
775 2598 831 2650 τὸ
862 2599 1002 2652 ἔθνος
1033 2599 1171 2651 εἶναι.
1263 2600 1288 2649 ὁ
1319 2602 1371 2651 δὲ
1402 2598 1615 2665 Ἀράξης
1648 2599 1851 2666 λέγεται

196 2685 273 2735 καὶ
308 2683 467 2749 μέζων
511 2684 589 2734 καὶ
630 2671 867 2734 ἐλάοῖσων
904 2684 1026 2734 εἶναι
1072 2688 1158 2734 τοῦ
1194 2681 1409 2749 Ἴστρου.
1484 2681 1667 2747 νήσους
1702 2686 1754 2734 δὲ
1798 2685 1851 2735 ἐν
1875 2697 1927 2736 30

248 2832 273 2858 2
303 2823 404 2861 ὁδῶν
424 2820 504 2859 del.
531 2819 914 2869 Schweighaeuser
933 2834 941 2858 :
972 2817 1020 2860 δι’
1041 2819 1095 2860 ὧν
1116 2818 1287 2858 Bekker
1433 2830 1457 2867 5
1486 2822 1612 2873 μιχθῇ
1635 2819 1668 2857 L
1691 2819 1753 2870 (it.
1781 2819 1848 2868 10)

200 2887 247 2912 12
276 2874 345 2926 ὥς]
380 2873 411 2926 ᾧ
440 2874 638 2925 Krueger
859 2875 908 2913 18
946 2872 1023 2925 μὲν
1050 2872 1121 2924 δὴ]
1151 2873 1196 2915 δὲ
1225 2873 1363 2912 RSV
1587 2886 1636 2923 19
1666 2875 1793 2926 ι’χθεῖς
1812 2874 1852 2913 V

195 2942 248 2967 20
277 2929 456 2978 αὺήμωσι
479 2929 517 2967 R
534 2929 563 2968 S
588 2930 689 2981 (ἄψ)
711 2927 766 2966 Vl
929 2941 982 2977 23
1012 2928 1093 2969 ἔδει
1114 2928 1259 2968 Diels:
1291 2928 1379 2979 ἔχει
1402 2927 1436 2966 L
1601 2939 1652 2977 25
1684 2935 1846 2982 Μασαγ.

193 2985 283 3025 sere
307 2983 344 3021 R
363 2984 391 3022 S
405 2984 442 3021 V
554 2985 677 3024 ἑωυτὸ
698 2983 731 3021 C
751 2997 760 3020 Ξ
792 2984 939 3024 ἑωυτὸν
963 2984 1000 3022 R
1017 2983 1046 3022 S
1060 2984 1098 3023 V
1261 2996 1314 3033 29
1343 2981 1512 3035 λέγουσι
1534 2995 1615 3022 om.
1641 2983 1675 3021 C
