2098 3320
83 171 123 222 Ι.
142 174 232 223 128
884 170 1320 220 ΗΡΟΔΟΤΟΥ

271 301 506 374 Πέρσῃσι
537 302 757 367 ἑσσώθη,
784 303 863 355 καὶ
894 302 1039 356 αὐτός
1061 324 1116 355 τε
1138 301 1420 370 Ἀστυάγης
1442 300 1692 370 ἐζωγρήθη
1718 303 1798 355 καὶ
1827 302 1942 359 τοὺς

135 403 228 451 129
269 385 484 453 ἐξήγαγε
531 391 630 439 τῶν
676 385 876 452 Μήδων
911 387 1157 453 ἀπέβαλε.
1244 388 1375 439 ἐόντι
1423 390 1477 439 δὲ
1523 386 1826 457 αἰχμαλώτῳ
1871 392 1938 458 τῷ

267 470 538 538 Ἀστυάγεϊ
584 474 842 538 προσστὰς
890 473 917 523 ὁ
951 470 1212 539 “Ἀρπαγος
1260 470 1522 540 κατέχαιρέ
1566 492 1621 524 τε
1669 471 1748 523 καὶ
1795 492 1934 525 κατε-

269 556 515 622 κερτόμεε,
544 555 623 607 καὶ
651 555 786 608 ἄλλα
814 555 979 623 λέγων
1005 558 1054 610 ἐς
1078 555 1225 608 αὐτὸν
1249 554 1505 623 θυμαλγέα
1528 555 1650 609 ἔπεα
1673 556 1753 608 καὶ
1775 555 1833 620 δὴ
1859 556 1939 608 καὶ

267 640 427 706 εἴρετό
454 661 538 706 μιν
567 639 690 707 πρὸς
719 639 775 692 τὸ
807 643 989 693 ἑωυτοῦ
1017 644 1232 700 δεῖπνον,
1257 641 1316 692 τό
1344 661 1427 704 μιν
1459 642 1643 694 ἐκεῖνος
1673 631 1820 708 σαρξὶ
1839 645 1938 711 ,τοῦ
1959 663 1982 706 5

0 723 439 788 rumwffracbbs
462 726 709 789 ἐθοίνησε,
736 726 765 776 ὅ
786 747 833 777 τι
864 727 935 790 εἵη
961 726 990 790 ἡ
1017 726 1205 778 ἐκείνου
1227 724 1506 790 δουλοσύνη
1531 725 1641 777 ἀντὶ
1663 727 1750 789 τῆς
1779 730 1934 791 βασι-

119 786 165 837 4

199 832 223 863 2
264 809 424 873 ληίης.
513 810 540 860 ὁ
571 807 625 862 δέ
660 830 746 874 μιν
777 810 1028 876 προσιδὼν
1060 810 1310 876 ἀντείρετο
1342 811 1384 861 εἰ
1416 812 1598 862 ἑωυτοῦ
1630 808 1848 861 ποιέεται
1877 813 1934 861 τὸ

266 893 429 957 Κύρου
448 892 610 960 ἔργον.
663 891 922 962 ’Ἀρπαγος
942 896 994 945 δὲ
1014 894 1129 961 ἔφη,
1153 893 1297 948 αὐτὸς
1316 895 1411 961 γὰρ
1429 892 1638 961 γράψαι,
1659 893 1715 946 τὸ
1733 896 1936 961 πρῆγμα

199 1001 224 1045 3
265 980 446 1029 ἑωυτοῦ
487 977 545 1043 δὴ
581 979 778 1031 δικαίως
820 979 959 1030 εῖναι.
1048 977 1330 1046 Ἀστυάγης
1370 977 1423 1029 δέ
1462 999 1546 1043 μιν
1583 977 1832 1042 ἀπέφαινε
1866 983 1934 1048 τῷ

261 1063 397 1131 λόγῳ
423 1062 721 1115 σκαιότατόν
744 1085 797 1115 τε
823 1064 900 1115 καὶ
926 1063 1227 1114 ἀδικώτατον
1252 1063 1396 1114 ἐόντα
1419 1061 1617 1114 πάντων
1641 1062 1931 1127 ἀνθρώπων,
1962 1084 2011 1112 10

264 1148 562 1199 σκαιότατον
580 1146 673 1213 μέν
692 1169 765 1215 γε,
789 1149 832 1199 εἰ
852 1147 1036 1214 παρεὸν
1056 1147 1184 1217 αὐτῷ
1209 1146 1433 1212 βασιλέα
1455 1145 1708 1213 γενέσθαι,
1731 1148 1773 1198 εἰ
1791 1145 1848 1211 δὴ
1869 1146 1931 1199 δι’
1984 1173 1989 1177 ·

262 1233 444 1283 ἑωυτοῦ
473 1253 531 1297 γε
561 1230 783 1300 ἐπρήχθη
808 1233 869 1283 τὰ
901 1233 1163 1298 παρεόντα,
1190 1230 1330 1300 ἄλλῳ
1362 1230 1620 1298 περιέθηκε
1649 1230 1707 1282 τὸ
1738 1229 1928 1297 κράτος,

260 1316 561 1367 ἀδικώτατον
585 1315 655 1377 δέ,
682 1317 758 1368 ὅτι
787 1320 874 1368 τοῦ
905 1317 1103 1368 δείπνου
1132 1316 1318 1368 εἵνεκεν
1345 1314 1545 1380 Μήδους
1571 1315 1928 1368 κατεδούλωσε·

194 1419 222 1461 4
259 1401 301 1451 εἰ
338 1402 432 1466 γὰρ
464 1399 521 1464 δὴ
555 1405 655 1452 δεῖν
687 1399 884 1455 πάντως
923 1403 1193 1467 περιθεῖναι
1230 1399 1369 1469 ἄλλῳ
1407 1399 1501 1469 τέῳ
1532 1399 1622 1464 τὴν
1652 1401 1930 1464 βασιληίην

259 1485 336 1536 καὶ
367 1484 432 1549 μὴ
458 1484 607 1537 αὐτὸν
631 1484 783 1553 ἔχειν,
810 1485 1114 1552 δικαιότερον
1145 1484 1271 1536 εἶναι
1299 1482 1486 1548 Μήδων
1509 1483 1602 1553 τέῳ
1634 1489 1930 1550 περιβαλεῖν
1951 1507 1971 1535 -ι
1980 1506 2002 1547 5

248 1571 394 1620 τοῦτο
432 1569 489 1621 τὸ
526 1568 715 1636 ἀγαθὸν
746 1565 776 1633 ἢ
809 1568 1067 1635 Περσέων·
1114 1573 1201 1621 νῦν
1232 1571 1285 1621 δὲ
1322 1567 1523 1633 Μήδους
1559 1570 1652 1633 μὲν
1682 1568 1928 1622 ἀναιτίους

251 1654 428 1706 τούτου
469 1653 642 1707 ἐόντας
682 1654 888 1708 δούλους
929 1655 1039 1706 ἀντὶ
1081 1651 1367 1706 δεσποτέων
1404 1650 1682 1720 γεγονέναι,
1722 1651 1928 1718 Πέρσας

250 1739 303 1789 δὲ
338 1738 546 1792 δούλους
584 1739 756 1791 ἐόντας
791 1737 847 1790 τὸ
880 1738 993 1804 πρὶν
1027 1736 1214 1802 Μήδων
1246 1741 1333 1789 νῦν
1364 1735 1622 1804 γεγονέναι
1664 1736 1926 1790 δεσπότας.

115 1832 208 1881 130
248 1820 530 1889 Ἀστυάγης
559 1821 651 1887 μέν
676 1844 761 1874 νυν
791 1822 1109 1887 βασιλεύσας
1141 1821 1217 1874 ἐπ’
1244 1821 1356 1874 ἔτεα
1382 1820 1528 1873 πέντε
1562 1821 1639 1872 καὶ
1671 1819 1929 1887 τριήκοντα

247 1906 373 1958 οὕτω
394 1910 480 1971 τῆς
499 1908 776 1972 βασιληίης
797 1907 1131 1970 κατεπαύσθη,
1155 1910 1320 1972 Μῆδοι
1343 1908 1395 1957 δὲ
1413 1904 1674 1972 ὑπέκυψαν
1696 1903 1929 1976 Πέρσῃσι
1954 1929 2006 1957 20

247 1993 326 2041 διὰ
357 1990 447 2055 τὴν
470 1991 644 2043 τούτου
675 1991 959 2058 πικρότητα,
986 1989 1225 2057 ἄρξαντες
1255 1993 1342 2054 τῆς
1375 1988 1678 2043 ἄνω”Αλυος
1708 1993 1928 2053 ποταμοῦ

0 2092 206 2156 ‚YQ
247 2074 424 2140 Ἀσίης
453 2075 530 2128 ἐπ’
561 2075 674 2128 ἔτεα
704 2074 967 2142 τριήκοντα
1005 2075 1083 2127 καὶ
1125 2074 1300 2127 ἑκατὸν
1333 2078 1456 2126 δυῶν
1490 2073 1679 2132 δέοντα,
1713 2068 1926 2140 παρὲξῇ

0 2159 69 2182 “²
182 2179 206 2210 2
245 2159 370 2225 ὅ-σον
394 2163 440 2212 οἱ
466 2160 647 2211 Σκύθαι
671 2158 843 2228 ἦρχον.
918 2158 1108 2229 ὑστέρῳ
1142 2158 1311 2224 μέντοι
1341 2159 1506 2227 χρόνῳ
1539 2154 2098 2225 μετεμέλησ-εζ-ζέπιΜο

245 2250 344 2310 σ-’φι
390 2249 542 2295 ταῦτα
590 2242 834 2308 ποιήσασι
887 2245 965 2296 καὶ
1017 2242 1316 2308 ἀπέστησαν
1363 2242 1461 2296 ἀπὸ
1510 2242 1740 2309 Δαρείου·
1802 2242 1923 2292 ἀπο·
1945 2217 2098 2271 “4⁸⁸⁵

246 2327 454 2382 στάντες
495 2332 547 2380 δὲ
588 2329 749 2380 ὀπίσω
796 2327 1213 2394 κατεστράφησαν
1257 2326 1395 2398 μάχῃ
1434 2325 1726 2390 νικηθέντες.
1814 2325 1927 2376 τότε
1942 2317 1999 2391 ¹25

243 2414 296 2463 δὲ
327 2413 408 2464 ἐπὶ
440 2410 748 2478 Ἀστυάγεος
782 2413 828 2463 οἱ
861 2411 1054 2478 Πέρσαι
1092 2433 1147 2463 τε
1187 2412 1264 2462 καὶ
1304 2413 1330 2461 ὁ
1362 2415 1520 2477 Κῦρος
1554 2407 1925 2461 ἐπαναστάντες

246 2501 377 2548 τοῖσι
403 2495 626 2561 Μήδοισι
660 2495 814 2564 ἦρχον
838 2495 894 2546 τὸ
928 2497 1024 2547 ἀπὸ
1056 2496 1234 2547 τούτου
1264 2498 1352 2559 τῆς
1376 2493 1573 2558 Ἀσίης.
1642 2491 1926 2559 Ἀστυάγεα

245 2582 297 2631 δὲ
341 2584 499 2647 Κῦρος
534 2580 682 2632 κακὸν
715 2580 857 2631 οὐδὲν
901 2579 1030 2631 ἄλλο
1065 2578 1279 2643 ποιήσας
1311 2578 1417 2646 εἶχε
1459 2577 1570 2644 παρ’
1604 2580 1780 2645 ἑωυτῷ,
1815 2577 1866 2630 ἐς
1897 2575 1924 2627 ὃ

245 2664 556 2728 ἐτελεύτησε.
637 2652 763 2716 οῧτω
796 2663 853 2727 δὴ
891 2668 1048 2729 Κῦρος
1078 2663 1346 2730 γενόμενός
1375 2683 1429 2714 τε
1461 2662 1541 2713 καὶ
1572 2662 1778 2728 τραφεὶς
1807 2656 1923 2727 [καὶ]

183 2519 207 2561 ω

307 2817 322 2841 1
358 2805 488 2852 ἐσώθη
511 2802 561 2843 C¹
588 2803 626 2842 R
644 2806 672 2842 S
687 2804 724 2842 V
945 2816 970 2852 3
1009 2801 1216 2854 προσστὰς
1239 2801 1628 2850 Schweighaeuser
1648 2814 1656 2838 :
1686 2800 1864 2852 προστὰς
1886 2799 1920 2838 L

247 2872 269 2906 4
302 2857 534 2911 θυμαλεγέα
555 2858 594 2896 R
706 2859 732 2895 6
764 2857 960 2898 ἐθοίνισεν
986 2855 1040 2895 R¹
1059 2857 1087 2896 S
1104 2857 1141 2894 V
1253 2855 1505 2904 δουλοσύνην
1528 2856 1567 2894 R
1689 2867 1710 2903 7
1741 2853 1921 2895 ποιέεται

247 2925 329 2951 om.
354 2913 387 2951 C
528 2926 556 2963 9
586 2914 635 2961 δὴ
658 2914 805 2953 ἑωυτοῦ
827 2912 860 2951 Ρ
878 2912 915 2949 R
933 2912 962 2951 S
977 2912 1014 2949 V
1166 2924 1217 2950 10
1245 2910 1499 2951 δικαιότατον
1520 2910 1554 2949 C
1704 2921 1749 2947 11
1784 2907 1920 2949 σκαιό-
1958 2948 1961 2949 ⁷

248 2984 374 3007 τατον
392 2996 400 3006 .
418 2996 428 3006 .
452 2996 460 3006 .
480 2969 630 3008 ἑωυτοῦ
649 2983 698 3018 ’γε
721 2979 804 3006 om.
827 2967 860 3005 C
908 3000 909 3003 ,
1005 2978 1053 3016 14
1085 2966 1176 3006 δέον
1197 2965 1234 3004 Α
1252 2966 1286 3004 Β
1303 2965 1335 3004 C
1470 2977 1516 3014 17
1549 2967 1762 3005 δεσποτῶν
1785 2962 1821 3000 R
1839 2963 1869 3001 S
1883 2963 1920 3001 V

253 3023 300 3059 18
344 3021 413 3072 τὸ]
451 3039 496 3062 τε
534 3021 614 3060 SV
835 3034 889 3060 20
918 3021 1146 3069 κατεπαύθη
1179 3019 1312 3058 RSV
1535 3032 1586 3057 22
1617 3018 1745 3071 τριάκ.
1783 3015 1920 3056 RSV

249 3087 302 3126 25
334 3075 701 3129 κατεστράφθησαν
721 3075 761 3114 Α
777 3076 811 3114 Β
829 3075 861 3113 Ρ
1026 3088 1079 3126 29
1107 3075 1298 3128 τραφθεὶς
1318 3072 1372 3112 Α1
1486 3074 1551 3114 καὶ
1572 3085 1653 3112 om.
1676 3071 1715 3110 A
1731 3072 1766 3111 Β
1782 3071 1815 3110 C
1831 3071 1865 3109 P
