2098 3320
108 36 310 132 1v.‡59
972 62 1429 119 HPOAOTOT'

350 203 461 256 ἀντὶ
511 203 700 257 τούτων
752 204 1017 272 Αἰγύπτιοι
1070 205 1148 257 καὶ
1193 208 1345 256 ταῦτα
1395 204 1790 272 ἐπιμεμφόμενοι
1835 205 2016 279 Ἀπρίῃ

214 292 309 339 160
350 287 647 354 ἀπέστησαν
678 288 762 341 ἀπ’
794 289 959 341 αὐτοῦ.
1046 290 1221 341 τούτου
1256 290 1310 341 δὲ
1346 293 1432 340 τοῦ
1463 288 1651 342 Βάττου
1683 295 1798 345 παῖς
1828 291 2017 358 γίνεται

349 372 699 440 Ἀρκεσίλεως,
727 372 781 428 ὃς
810 374 1130 440 βασιλεύσας
1159 378 1329 440 πρῶτα
1350 378 1487 426 τοῖσι
1516 369 2016 443 ἐωυτοῦάδελφεοῖσι

350 459 641 516 ἐστασίασε,
687 459 737 511 ἐς
776 459 805 524 ὅ
842 479 927 524 μιν
966 459 1102 511 οὗτοι
1146 459 1480 512 ἀπολιπόντες
1523 459 1724 527 οἴχοντο
1766 461 1816 513 ἐς
1855 458 2016 511 ἄλλον

0 515 317 606 max·
347 547 513 610 χῶρον
542 545 630 606 τῆς
662 543 855 608 Λιβύης
885 543 966 595 καὶ
997 543 1074 595 ἐπ’
1099 546 1294 596 ἑωυτῶν
1327 543 1602 611 βαλόμενοι
1632 542 1835 596 ἔκτισαν
1863 535 2016 596 πόλιν
2039 561 2062 604 5

347 627 530 691 ταύτην
569 625 599 691 ἢ
641 627 753 680 τότε
795 627 875 679 καὶ
919 633 1006 680 νῦν
1050 627 1212 695 Βάρκη
1255 626 1501 679 καλέεται·
1549 628 1795 690 κτίζοντες
1834 627 1876 678 δ’
1915 626 2017 694 ἅμα

284 730 309 761 2
348 710 499 776 αὐτὴν
530 712 777 764 ἀπιστᾶσι
809 711 906 764 ἀπὸ
937 717 1035 765 τῶν
1067 713 1355 780 Κυρηναίων
1384 711 1497 765 τοὺς
1526 712 1736 778 Λίβυας.
1807 714 1932 778 μετὰ
1960 715 2016 766 δε

0 795 732 863 hah-AMApxeffcAews'
711 818 760 850 ες
783 796 897 851 τοὺς
874 796 1321 864 ὑποδεξαμένους
1344 817 1399 848 τε
1421 801 1521 848 τῶν
1545 796 1751 862 Λιβύων
1776 797 1855 849 καὶ
1885 797 2009 850 ἀπο·
2071 855 2096 876 ι

0 855 264 899 “m“
348 879 563 934 στάντας
605 880 718 934 τοὺς
762 881 937 935 αὐτοὺς
983 881 1184 952 τούτους
1234 881 1682 948 ἐστρατεύετο·οἳ
1730 884 1784 934 δε
1826 882 2014 948 Λίβυες
2084 886 2087 893 ’

346 966 606 1019 δείσαντες
646 965 796 1018 αὐτὸν
837 968 1037 1035 οἴχοντο
1080 966 1353 1034 φεύγοντες
1394 965 1517 1032 πρὸς
1555 965 1668 1020 τοὺς
1710 965 1876 1031 ἠοίους
1913 970 2014 1019 τῶν
2039 987 2089 1017 10

278 1070 303 1113 3
347 1050 568 1115 Λιβύων.
658 1051 684 1100 ὁ
732 1053 786 1102 δὲ
832 1049 1168 1117 Ἀρκεσίλεως
1220 1051 1385 1103 εἵπετο
1438 1050 1702 1117 φεύγουσι,
1753 1052 1804 1104 ἐς
1855 1050 1911 1102 οὗ
1958 1053 2014 1103 ἐν

345 1134 572 1186 Λεύκωνί
605 1156 660 1186 τε
694 1138 782 1199 τῆς
818 1136 1013 1201 Λιβύης
1050 1137 1243 1202 ἐγίνετο
1279 1134 1550 1187 ἐπιδιώκων
1589 1135 1667 1186 καὶ
1702 1133 1846 1207 ’ἔδοξε
1881 1139 2014 1187 τοῖσι

346 1219 537 1284 Λίβυσι
560 1218 822 1271 ἐπιθέσθαι
846 1222 908 1272 οἱ.
985 1220 1338 1286 συμβαλόντες
1369 1222 1423 1271 δὲ
1453 1219 1689 1284 ἐνίκησαν
1712 1219 1826 1272 τοὺς
1849 1222 2010 1285 Κυρη-

345 1304 509 1357 ναίους
552 1308 794 1356 τοσοΰτου
838 1305 970 1357 ὥστε
1020 1305 1427 1372 ἑπτακισχιλίους
1471 1304 1680 1357 ὁπλίτας
1726 1303 2012 1370 Κυρηναίων

280 1407 307 1449 4
343 1389 555 1440 ἐνθαῦτα
583 1393 775 1441 πεσεῖν.
862 1390 987 1454 μετὰ
1018 1392 1069 1441 δὲ
1101 1393 1157 1440 τό
1187 1394 1356 1456 τρῶμα
1383 1393 1526 1439 τοῦτο
1557 1387 1891 1455 Ἀρκεσίλεων
1918 1390 2011 1454 μὲν
2035 1408 2085 1451 15

344 1471 594 1538 κάμνοντά
628 1495 684 1525 τε
720 1473 800 1525 καὶ
837 1472 1100 1541 φάρμακον
1136 1473 1401 1526 πεπωκότα
1439 1473 1465 1523 ὁ
1500 1471 1748 1540 ἀδελφεὸς
1784 1471 2011 1541 Λέαρχος

333 1557 622 1625 ἀποπνίγει,
660 1556 891 1627 Λέαρχον
927 1561 980 1611 δὲ
1014 1558 1044 1623 ἡ
1082 1557 1204 1625 γυνὴ
1243 1558 1272 1622 ἡ
1302 1556 1608 1624 Ἀρκεσίλεω
1644 1557 1775 1627 δόλῳ
1812 1558 2006 1617 κτείνει,

197 1646 305 1699 Κ161
341 1649 402 1714 τῇ
446 1642 632 1707 οὕνομα
675 1640 736 1706 ἧν
767 1641 975 1709 Ἐρυξώ.
1067 1641 1321 1707 διεδέξατο
1369 1644 1423 1694 δὲ
1467 1640 1558 1706 τὴν
1600 1642 1879 1706 βασιληίην
1921 1646 2010 1694 τοῦ

0 1735 306 1779 *now-atam
342 1725 649 1792 Ἀρκεσίλεω
681 1727 707 1777 ὁ
738 1732 852 1781 παῖς
882 1726 1086 1786 Βάττος,
1122 1727 1288 1795 χωλός
1317 1748 1372 1778 τε
1390 1726 1497 1778 ἐὼν
1529 1725 1607 1777 καὶ
1637 1724 1723 1777 οὐκ
1759 1726 2006 1793 ἀρτίπους.

298 1853 308 1874 ,
343 1812 389 1862 οἱ
420 1813 473 1863 δὲ
498 1814 765 1878 Κυρηναῖοι
797 1811 918 1878 πρὸς
946 1811 1036 1876 τὴν
1069 1815 1460 1877 καταλαβοῦσαν
1492 1809 1756 1876 συμφορὴν
1786 1809 2008 1876 ἔπεμπον
2035 1828 2084 1857 20

343 1896 394 1948 ἐς
424 1895 664 1962 Δελφοὺς
700 1895 1117 1963 ἐπειρησομένους
1154 1897 1322 1953 ὅντινα
1357 1887 2008 1961 τρόπον’κατασζῃσάμενοι
2027 1911 2098 1964 aq

277 2005 298 2034 2
343 1978 593 2031 κάλλιστα
631 1978 691 2031 ἂν
727 1980 952 2033 οἰκέοιεν.
1040 1981 1070 2046 ἡ
1108 1983 1161 2032 δὲ
1200 1980 1360 2044 Πυθίη
1399 1978 1597 2031 ἐκέλευε
1634 1980 1687 2030 ἐκ
1722 1976 2006 2043 Μαντινέης

4 2064 267 2113 kim
340 2066 427 2128 τῆς
450 2063 705 2131 Ἀρκάδων
738 2069 1100 2132 καταρὶιστῆρα
1131 2063 1426 2131 ἀγαγέσθαι.
1493 2065 1656 2115 αἴτεον
1681 2061 1749 2115 ὧν
1772 2065 1818 2115 οἱ
1844 2066 2002 2130 Κυρη-

340 2152 485 2207 ναῖοι,
508 2150 587 2200 καὶ
606 2152 652 2201 οἱ
674 2149 951 2202 Μαντινέες
972 2150 1155 2201 ἔδοσαν
1175 2148 1328 2215 ἄνδρα
1347 2153 1445 2199 τῶν
1465 2148 1633 2199 ἀστῶν
1653 2147 2000 2212 δοκιμώτατον,

277 2256 301 2298 3
339 2237 405 2301 τῷ
438 2233 625 2298 οὕνομα
655 2231 715 2297 ἦν
741 2233 1006 2299 Δημῶναξ.
1082 2233 1224 2286 οὗτος
1254 2231 1321 2285 ὧν
1354 2232 1483 2299 ὡνὴρ
1507 2232 1804 2297 ἀπικόμενος
1833 2232 1885 2286 ἐς
1913 2230 2003 2295 τὴν
2029 2249 2076 2291 25

342 2315 568 2383 Κυρήνην
611 2317 689 2368 καὶ
727 2319 897 2382 μαθὼν
939 2318 1127 2370 ἕκαστα
1166 2322 1307 2369 τοῦτο
1350 2319 1442 2383 μὲν
1486 2316 1757 2384 τριφύλους
1795 2314 2005 2381 ἐποίησέ

341 2407 520 2468 σφεας,
552 2404 669 2474 τῇδε
704 2402 904 2455 διαθείς·
956 2402 1190 2468 Θηραίων
1225 2404 1317 2466 μὲν
1349 2401 1430 2453 καὶ
1464 2405 1563 2453 τῶν
1593 2401 1854 2468 περιοίκων
1883 2401 2003 2465 μίαν

399 2553 414 2578 1
450 2541 513 2581 καὶ
545 2540 739 2580 Bekker:
783 2542 888 2581 κατὰ
918 2540 953 2579 L
1119 2542 1248 2582 ταυτά
1277 2539 1317 2579 Α
1332 2539 1366 2578 Β
1383 2539 1418 2579 C
1433 2539 1467 2578 P
1743 2539 1813 2591 Ἀρ
1815 2540 2000 2580 κεσίλεος

339 2594 379 2633 Α
394 2595 428 2632 Β
446 2596 484 2634 R
500 2595 529 2633 S
544 2595 581 2632 V
603 2595 667 2646 (it.
693 2595 821 2646 infra)
945 2609 970 2645 4
1003 2596 1246 2637 ἐστασίεσεν
1268 2594 1307 2632 R
1321 2594 1358 2632 V
1468 2606 1492 2644 5
1522 2599 1648 2642 βαλλ.
1671 2593 1712 2632 Α
1727 2594 1760 2632 Ρ
1774 2594 1812 2632 R
1827 2593 1857 2633 S
1870 2593 1908 2632 V
1922 2592 1998 2644 [C]

342 2662 363 2698 7
395 2650 627 2691 ἆπίστασαν
648 2651 687 2689 R
702 2650 784 2688 SV
978 2651 1003 2688 8
1034 2653 1054 2690 ὁ
1076 2651 1144 2703 Ἀρ
1147 2666 1183 2690 κ.
1209 2650 1243 2688 C
1450 2662 1499 2699 13
1529 2647 1840 2700 συμβαλλόντες
1861 2647 1895 2686 C
1910 2646 2001 2685 RV

343 2717 392 2753 14
422 2708 596 2745 τοσοῦτο
617 2704 804 2743 ABCP
1029 2717 1076 2754 15
1105 2703 1269 2745 πεσέειν
1290 2704 1473 2743 PRSV
1625 2700 2001 2744 -AeovABRSV

344 2760 394 2796 16
418 2759 661 2800 πεπτωκότα
680 2760 718 2798 R
734 2759 763 2797 S
777 2758 814 2797 V
925 2766 1097 2813 Αλιαρχ.
1115 2759 1156 2797 Α
1170 2759 1205 2798 Β
1219 2759 1253 2798 C
1267 2758 1301 2797 P
1315 2759 1378 2809 git.
1400 2760 1467 2809 17)
1585 2758 1634 2796 18
1659 2758 1749 2809 τοῦ]
1765 2756 1913 2798 τούτου
1925 2759 1999 2796 τοῦ

339 2813 372 2851 Ρ
389 2813 452 2853 R:
483 2813 632 2854 τούτου
646 2815 725 2867 ’γὰρ
741 2813 802 2853 V.
834 2813 983 2854 τούτου
1003 2817 1095 2855 παῖς
1113 2813 1143 2852 S
1259 2826 1310 2864 19
1340 2816 1360 2854 ὖ
1381 2817 1473 2855 παῖς
1492 2826 1574 2852 om.
1601 2813 1639 2851 R
1655 2813 1685 2852 S
1698 2811 1736 2850 V
1844 2828 1890 2852 τε
1912 2823 1993 2849 om.

340 2868 373 2906 P
388 2868 427 2907 R
443 2868 525 2908 SV
655 2882 708 2906 22
737 2867 931 2910 κάλλιστ’
952 2868 991 2906 R
1005 2868 1042 2907 V
1153 2867 1301 2909 οἰκέειν
1322 2868 1362 2907 R
1475 2868 1677 2915 Μαντίνης
1699 2866 1733 2905 C
1861 2877 1914 2915 25
1943 2864 1999 2906 ὧν
2046 2886 2058 2892 “

338 2936 418 2962 om.
440 2923 577 2962 ABC
744 2936 794 2973 27
825 2922 900 2972 μὲν
919 2924 998 2976 γὰρ
1017 2924 1082 2964 καὶ
1104 2922 1310 2961 ABCP⁰
1422 2923 1516 2973 μίαν
1535 2934 1618 2961 om.
1644 2921 1781 2961 RSV
