2098 3320
0 258 173 336 rafim

854 125 1233 174 ΙΣΤΟΡΙΩΝ
1299 126 1333 172 Β

258 257 389 327 ματά
429 280 483 311 τε
521 259 856 326 λίθινα-χυτὰ
899 258 975 309 καὶ
1017 258 1209 325 χρύσεα
1242 259 1292 311 ἐς
1332 260 1392 309 τὰ
1433 256 1535 309 ὦτα
1576 256 1809 311 ἐσθέντες
1847 259 1925 310 καὶ

1966 129 2028 176 ΙΙ.
2050 94 2098 189 ἐς

0 346 203 402 M
260 342 508 415 ἀμφ-Φέας
544 343 656 409 περὶ
685 343 796 395 τοὺς
828 343 1160 409 ἐμπροσθίους
1190 344 1347 395 πόδας
1384 342 1462 393 καὶ
1502 344 1638 394 σιτία
1670 344 1926 407 ἀποτακτὰ
1957 352 2098 405 od‘tu

261 428 479 481 διδόντες
525 428 601 479 καὶ
648 425 780 493 ἱρήια
824 427 903 478 καὶ
949 424 1270 494 περιέποντες
1315 426 1380 479 ὣς
1426 424 1678 478 κάλλιστα
1725 427 1924 491 ζῶντας·

261 511 606 566 ἀποθανόντας
645 513 697 563 δὲ
742 511 1128 579 ταριχεύσαντες
1171 510 1417 564 θάπτουσι
1459 512 1514 563 ἐν
1551 511 1683 583 ἶρῇσι
1724 509 1924 583 θήκῃσι.

292 598 305 616 ξ
362 598 378 615 Χ
501 597 514 616 N
540 595 552 614 3
807 596 822 615 Ι
982 597 995 614 l
1137 597 1149 615 ἱ
1195 594 1208 615 Ι
1437 596 1451 615 X
1488 597 1501 615 9
1581 595 1596 614 Ι
1775 595 1787 613 2
1867 595 1881 613 Ι

214 620 236 660 5
261 617 307 648 οι
330 599 383 647 δε
407 617 517 663 περι
557 599 910 663 Ελεφαντινην
928 603 1078 647 πολιν
1104 616 1350 649 οικεοντες
1375 617 1453 647 και
1479 598 1708 647 εσθιουσι
1732 616 1923 655 αυτους,
1965 617 1988 659 3

191 1039 239 1067 10

189 1463 236 1504 ¹5

261 680 348 731 οὐκ
398 680 663 747 ἡγεόμενοι
709 679 841 747 ἱροὺς
886 680 1025 731 εἶναι.
1114 678 1378 732 καλέονται
1422 683 1476 732 δὲ
1521 679 1578 735 α’)
1624 680 1927 747 κροκόδειλοι

261 765 396 816 ἀλλὰ
419 763 640 832 χάμψαι.
709 765 1050 830 κροκοδείλους
1075 766 1127 816 δὲ
1145 763 1317 818 Ἴωνες
1340 764 1623 830 ὠνόμασαν,
1653 763 1926 827 εἰκάζοντες

261 848 421 900 αὐτῶν
451 850 512 900 τὰ
544 850 675 900 εἴδεα
705 853 840 913 τοῖσι
870 850 1002 914 παρὰ
1023 850 1191 916 ’σφίσι
1222 848 1534 939 γινομένοισι
1567 849 1926 937 κρεείλοισι

260 937 395 984 τοῖσι
418 934 474 984 ἐν
495 940 612 1005 τῇσι
636 935 920 1005 αἱμασιῇσι.
987 931 1137 999 ἄγραι
1160 929 1215 984 δέ
1240 938 1416 999 σφεων
1440 933 1627 985 πολλαὶ
1654 936 1925 984 κατεστᾶσι
1961 946 2030 996 70

264 1018 341 1069 καὶ
381 1021 628 1070 παντοῖαι·
674 1015 704 1081 ἢ
747 1016 789 1067 δ’
829 1014 898 1069 ὧν
939 1016 1109 1084 ἔμοιγε
1150 1016 1310 1069 δοκέει
1354 1016 1597 1082 ἀξιωτάτη
1625 1013 1925 1090 ’ἃπηγῄσιος

261 1101 404 1161 εἶναι,
456 1101 639 1166 ταύτην
689 1100 884 1169 γράφω.
973 1103 1126 1154 ἐπεὰν
1178 1106 1335 1153 νῶτον
1387 1101 1472 1154 ὑὸς
1532 1100 1750 1173 δελεάσῃ
1813 1100 1924 1167 περὶ

260 1185 548 1254 ἄγκιστρον,
580 1187 737 1250 μετίει
777 1187 828 1239 ἐς
860 1184 1021 1251 μέσον
1057 1185 1145 1238 τὸν
1180 1187 1423 1252 ποταμόν,
1456 1184 1601 1239 αὐτὸς
1631 1188 1685 1238 δὲ
1722 1185 1802 1238 ἐπὶ
1838 1189 1925 1237 τοῦ

259 1271 461 1338 χείλεος
502 1274 590 1322 τοῦ
625 1273 849 1336 ποταμοῦ
888 1269 1020 1338 ἔχων
1061 1269 1290 1344 δέλφακα
1336 1269 1463 1335 ζωὴν
1507 1269 1690 1334 ταύτην
1734 1269 1920 1323 τύπτει.
1936 1262 2098 1333 §nh-vu«

253 1353 545 1408 ἐπακούσας
567 1357 620 1407 δὲ
642 1357 730 1419 τῆς
754 1357 925 1422 φωνῆς
944 1355 971 1405 ὁ
992 1356 1303 1421 κροκόδειλος
1322 1355 1447 1407 ἵεται
1472 1355 1593 1406 κατὰ
1617 1354 1707 1419 τὴν
1730 1352 1920 1424 φωνὴ),
1959 1377 1985 1407 2

262 1439 483 1508 ἐντυχὼν
519 1441 572 1491 δὲ
602 1443 670 1509 τῷ
709 1439 847 1509 νώτῳ
887 1440 1158 1491 καταπίνει·
1203 1442 1249 1492 οἱ
1286 1441 1339 1491 δὲ
1372 1439 1592 1491 ἕλκουσι.
1682 1440 1833 1491 ἐπεὰν
1871 1442 1923 1491 δὲ

220 1536 228 1542 “
261 1522 540 1597 ἐξελκυσθῇ
575 1525 627 1578 ἐς
662 1526 772 1591 γῆν,
805 1527 1002 1591 πρῶτον
1040 1523 1273 1576 ἁπάντων
1304 1525 1330 1574 ὁ
1363 1523 1598 1590 θηρευτὴς
1635 1528 1778 1593 πηλῷ
1818 1521 1922 1574 κατ’

188 1883 239 1914 20

261 1605 330 1660 ὧν
361 1607 555 1661 ἔπλασε
586 1607 737 1660 αὐτοῦ
765 1606 880 1662 τοὺς
910 1608 1219 1675 ὀφθαλμούς·
1266 1613 1412 1660 τοῦτο
1442 1610 1496 1660 δὲ
1526 1607 1740 1673 ποιήσας
1770 1606 1924 1674 κάρτα

262 1692 507 1748 εὐπετέως
557 1695 617 1744 τὰ
661 1694 814 1744 λοιπὰ
859 1697 1125 1761 χειροῦται,
1171 1692 1236 1761 μὴ
1283 1696 1335 1745 δὲ
1381 1691 1594 1757 ποιήσας
1639 1696 1783 1744 τοῦτο
1828 1691 1923 1744 σὺν

261 1778 412 1847 πόνῳ.

342 1864 410 1914 Οἱ
450 1864 505 1914 δὲ
545 1862 687 1915 ἵπποι
729 1864 775 1914 οἳ
815 1860 1050 1927 ποτάμιοι
1085 1866 1218 1932 νομῷ
1254 1864 1346 1927 μὲν
1381 1866 1448 1931 τῷ
1486 1862 1786 1933 Παπρημίτῃ
1829 1861 1928 1927 ἱροί
1959 1874 2013 1925 71

263 1948 378 2006 εἶσι,
403 1952 535 1999 τοῖσι
559 1949 612 1999 δὲ
636 1946 842 1998 ἄλλοισι
866 1947 1188 2013 Αἰγυπτίοισι
1211 1946 1295 1998 οὐκ
1323 1948 1431 2013 ἱροί.
1513 1946 1670 2013 φύσιν
1694 1947 1747 1997 δὲ
1771 1944 1918 2011 παρέ-

261 2052 436 2099 χονται
469 2030 600 2095 ἰδέης
629 2030 842 2096 τοιήνδε·
887 2029 1160 2097 τετράπουν
1193 2031 1317 2089 ἐστί,
1345 2032 1571 2099 δίχηλον,
1593 2030 1749 2096 ,ὁπλαὶ
1778 2025 2098 2095 βοός,ὺ(4ννκ

263 2116 428 2181 σιμόν,
455 2114 644 2182 λοφιὴν
668 2115 789 2182 ἔχον
813 2115 978 2174 ἵππου,
1002 2116 1359 2183 χαυλιόδοντας
1379 2120 1577 2182 φαῖνον,
1605 2113 1752 2181 οὐρὴν
1772 2114 1924 2166 ἵππου

263 2200 343 2251 καὶ
379 2198 568 2266 φωνήν,
606 2198 825 2266 μέγαθος
860 2201 985 2252 ὅσον
1021 2221 1076 2251 τε
1111 2203 1235 2265 βοῦς
1273 2200 1299 2250 ὁ
1333 2198 1590 2267 μέγιστος.
1677 2198 1734 2249 τὸ
1772 2197 1925 2264 δέρμα

291 2283 304 2303 ’
378 2284 391 2302 9
461 2289 484 2301 Α
549 2284 572 2304 el
714 2282 728 2302 Ι
959 2284 975 2303 Ι
1014 2285 1027 2304 9
1166 2284 1189 2304 ‘l
1353 2284 1375 2303 ν
1635 2282 1647 2302 Ι
1898 2283 1916 2300 x

188 2302 236 2344 25
262 2287 288 2336 δ
335 2305 484 2336 αυτου
513 2305 640 2336 ουτω
671 2288 728 2348 δη
761 2305 808 2335 τι
837 2305 973 2352 παχυ
1006 2305 1116 2336 εστι
1153 2305 1284 2335 ωστε
1315 2304 1434 2336 αυου
1463 2304 1734 2351 γενομενου
1765 2281 1924 2347 &vo—:fa
1952 2281 2098 2346 saw

260 2367 521 2422 ποιέεσθαι
549 2364 788 2435 [ἀκόντια]
820 2367 879 2433 ἐξ
905 2368 1068 2420 αὐτοῦ.

0 2458 310 2523 ww)
345 2454 575 2506 Γίνονται
599 2455 652 2505 δὲ
683 2452 762 2505 καὶ
796 2452 1014 2520 ε’νυέριες
1046 2454 1100 2505 ἐν
1122 2458 1190 2523 τῷ
1223 2457 1443 2523 ποταμῷ,
1471 2454 1559 2506 τὰς
1586 2453 1692 2518 ἱρὰς
1715 2451 1923 2518 ἥγηνται
1958 2462 2022 2513 72

0 2531 268 2611 Qun*
295 2526 448 2578 'offo-o*
464 2566 473 2574 .

318 2604 336 2630 1
369 2593 520 2634 λιθωτὰ
542 2590 582 2630 R
597 2591 628 2631 S
642 2591 680 2630 V
1130 2589 1315 2633 ἐνθέντες
1334 2590 1372 2629 Α
1387 2589 1421 2629 Β
1437 2589 1470 2629 C
1486 2589 1536 2629 Ρ(ε

789 2590 964 2645 χρύσινα
983 2590 1024 2630 C.
1661 2602 1685 2627 2
1714 2588 1924 2642 προσθίους

260 2645 350 2686 ΑΒ
364 2647 398 2686 C
567 2668 583 2683 ο
618 2659 643 2696 4
674 2645 869 2687 θάπτουσι
896 2645 1180 2700 ταριχεύοντες
1200 2645 1289 2684 ΑΒ
1309 2645 1343 2684 C
1562 2646 1590 2683 6
1620 2643 1686 2696 οὐ]
1719 2646 1757 2685 οἷ
1783 2643 1824 2682 Α
1837 2642 1873 2682 Β
1889 2643 1923 2682 C

260 2702 288 2740 8
317 2702 458 2744 αὐτοὺς
479 2701 514 2740 C
627 2741 630 2743 ,
659 2714 688 2752 9
717 2699 963 2742 κατεστέασι
984 2700 1024 2739 Α
1038 2700 1074 2739 Β
1089 2701 1123 2740 C
1276 2714 1327 2739 10
1357 2701 1444 2752 ἐμοὶ
1464 2699 1504 2738 Α
1517 2698 1552 2738 Β
1569 2699 1602 2737 C
1744 2711 1787 2737 11
1822 2699 1923 2740 εἷναι

261 2768 344 2796 om.
378 2756 516 2796 RSV
653 2759 779 2798 νῶτος
810 2755 946 2795 RSV
1084 2757 1179 2798 συὸς
1210 2755 1244 2794 Ρ
1380 2757 1466 2809 περὶ
1496 2756 1546 2795 τὸ
1579 2754 1680 2793 Lex·
1713 2753 1838 2793 Vind.
1870 2766 1923 2803 45

266 2823 314 2860 13
336 2810 431 2863 (Anu
449 2809 503 2849 Α1
522 2810 558 2849 Β
688 2822 736 2860 15
758 2809 854 2851 οἶδὲ
871 2809 1036 2851 ἕλκουσι
1052 2823 1133 2850 om.
1155 2810 1188 2850 P
1201 2810 1241 2849 R
1257 2809 1339 2850 SV
1475 2811 1526 2848 16
1547 2811 1725 2862 ἑλκυσθῇ
1743 2807 1828 2848 PR
1843 2807 1924 2846 SV

262 2867 457 2920 θηρευτὴρ
488 2864 624 2905 RSV
806 2876 852 2915 1'7
894 2866 1037 2907 αὐτοὺς
1069 2866 1102 2904 C
1291 2867 1340 2905 18
1378 2866 1434 2917 μὴ
1463 2865 1634 2912 ποιήσας
1665 2862 1709 2904 δὲ
1734 2861 1823 2901 ΑΒ
1841 2862 1874 2900 C
1890 2861 1923 2901 P

261 2933 317 2961 20
345 2920 601 2974 Παπριημίτῃ
621 2919 710 2959 ΑΒ
727 2919 760 2958 C
928 2933 981 2958 22
1010 2920 1264 2973 τετράπλουν
1286 2920 1326 2958 R
1439 2920 1560 2960 ὁπλαὶ
1582 2917 1677 2966 βοός
1698 2917 1778 2956 del.
1802 2916 1922 2955 Stein

261 2987 314 3025 25
343 2974 454 3027 παχύ
473 2992 514 3016 τι
537 2975 571 3013 C
790 2974 845 3013 26
871 2973 1050 3017 ποιέεται
1072 2975 1106 3014 Ρ
1121 2976 1159 3014 R
1176 2975 1206 3014 S
1219 2975 1258 3013 V
1424 2973 1591 3015 ἀκόντια
1610 2972 1692 3012 del.
1718 2971 1925 3011 Schaeser

261 3042 313 3081 27
344 3032 514 3084 ἐνιδρυες
538 3029 576 3068 R
592 3028 672 3069 SV
1533 3044 1535 3047 ·
