<?xml version="1.0" encoding="UTF-8"?>
<!DOCTYPE html PUBLIC "-//W3C//DTD XHTML 1.0 Transitional//EN"
    "http://www.w3.org/TR/xhtml1/DTD/xhtml1-transitional.dtd">
<html xmlns="http://www.w3.org/1999/xhtml" xml:lang="en" lang="en">
 <head>
  <title>
</title>
<meta http-equiv="Content-Type" content="text/html;charset=utf-8" />
  <meta name='ocr-system' content='tesseract 3.04.00' />
  <meta name='ocr-capabilities' content='ocr_page ocr_carea ocr_par ocr_line ocrx_word'/>
</head>
<body>
  <div class='ocr_page' id='page_1' title='image "./herodotihistoria01herouoft_0426.png"; bbox 0 0 2098 3320; ppageno 0'>
   <div class='ocr_carea' id='block_1_1' title="bbox 85 46 287 128">
    <p class='ocr_par' dir='ltr' id='par_1_1' title="bbox 85 46 287 128">
     <span class='ocr_line' id='line_1_1' title="bbox 85 46 287 128; baseline 0 -12"><span class='ocrx_word' id='word_1_1' title='bbox 85 63 175 116; x_wconf 91' lang='lat' dir='ltr'>IV.</span> <span class='ocrx_word' id='word_1_2' title='bbox 201 46 287 128; x_wconf 70' lang='lat' dir='ltr'>i91</span> 
     </span>
    </p>
   </div>
   <div class='ocr_carea' id='block_1_2' title="bbox 65 1704 206 1758">
    <p class='ocr_par' dir='ltr' id='par_1_2' title="bbox 65 1704 206 1758">
     <span class='ocr_line' id='line_1_2' title="bbox 65 1704 206 1758; baseline 0 -8"><span class='ocrx_word' id='word_1_3' title='bbox 65 1704 206 1758; x_wconf 48' lang='lat' dir='ltr'>Qud</span> 
     </span>
    </p>
   </div>
   <div class='ocr_carea' id='block_1_3' title="bbox 192 2069 289 2207">
    <p class='ocr_par' dir='ltr' id='par_1_3' title="bbox 192 2069 289 2207">
     <span class='ocr_line' id='line_1_3' title="bbox 192 2069 287 2117; baseline -0.011 0"><span class='ocrx_word' id='word_1_4' title='bbox 192 2069 287 2117; x_wconf 86' lang='lat'>193</span> 
     </span>
     <span class='ocr_line' id='line_1_4' title="bbox 192 2158 289 2207; baseline -0.021 1"><span class='ocrx_word' id='word_1_5' title='bbox 192 2158 289 2207; x_wconf 89' lang='lat'>194</span> 
     </span>
    </p>
   </div>
   <div class='ocr_carea' id='block_1_4' title="bbox 954 65 1382 114">
    <p class='ocr_par' dir='ltr' id='par_1_4' title="bbox 954 65 1382 114">
     <span class='ocr_line' id='line_1_5' title="bbox 954 65 1382 114; baseline 0.002 -2"><span class='ocrx_word' id='word_1_6' title='bbox 954 65 1382 114; x_wconf 73' lang='lat' dir='ltr'>HPOAOTOT</span> 
     </span>
    </p>
   </div>
   <div class='ocr_carea' id='block_1_5' title="bbox 328 193 1994 433">
    <p class='ocr_par' dir='ltr' id='par_1_5' title="bbox 328 193 1994 433">
     <span class='ocr_line' id='line_1_6' title="bbox 328 193 1993 266; baseline 0.003 -20"><span class='ocrx_word' id='word_1_7' title='bbox 328 193 605 262; x_wconf 85' lang='grc' dir='ltr'>ἐλέφαντές</span> <span class='ocrx_word' id='word_1_8' title='bbox 635 216 687 248; x_wconf 91' lang='grc' dir='ltr'>τε</span> <span class='ocrx_word' id='word_1_9' title='bbox 721 195 799 247; x_wconf 85' lang='grc' dir='ltr'>καὶ</span> <span class='ocrx_word' id='word_1_10' title='bbox 822 195 989 263; x_wconf 82' lang='grc' dir='ltr'>ἀρκτοι</span> <span class='ocrx_word' id='word_1_11' title='bbox 1020 197 1100 249; x_wconf 84' lang='grc' dir='ltr'>καὶ</span> <span class='ocrx_word' id='word_1_12' title='bbox 1131 197 1337 250; x_wconf 85' lang='grc' dir='ltr'>ἀσπίδες</span> <span class='ocrx_word' id='word_1_13' title='bbox 1360 217 1414 250; x_wconf 93' lang='grc' dir='ltr'>τε</span> <span class='ocrx_word' id='word_1_14' title='bbox 1439 197 1517 249; x_wconf 89' lang='grc' dir='ltr'>καὶ</span> <span class='ocrx_word' id='word_1_15' title='bbox 1546 198 1651 249; x_wconf 85' lang='grc' dir='ltr'>ὄνοι</span> <span class='ocrx_word' id='word_1_16' title='bbox 1680 198 1727 249; x_wconf 85' lang='grc' dir='ltr'>οἱ</span> <span class='ocrx_word' id='word_1_17' title='bbox 1757 198 1818 249; x_wconf 78' lang='grc' dir='ltr'>τὰ</span> <span class='ocrx_word' id='word_1_18' title='bbox 1848 196 1993 266; x_wconf 88' lang='grc' dir='ltr'>κέρεα</span> 
     </span>
     <span class='ocr_line' id='line_1_7' title="bbox 328 279 1994 349; baseline 0.002 -18"><span class='ocrx_word' id='word_1_19' title='bbox 328 280 530 347; x_wconf 80' lang='grc' dir='ltr'>ἔχοντες</span> <span class='ocrx_word' id='word_1_20' title='bbox 577 280 655 331; x_wconf 87' lang='grc' dir='ltr'>καὶ</span> <span class='ocrx_word' id='word_1_21' title='bbox 697 282 743 332; x_wconf 86' lang='grc' dir='ltr'>οἱ</span> <span class='ocrx_word' id='word_1_22' title='bbox 789 279 1124 347; x_wconf 78' lang='grc' dir='ltr'>κυνοκέφαλοι</span> <span class='ocrx_word' id='word_1_23' title='bbox 1170 282 1253 333; x_wconf 87' lang='grc' dir='ltr'>καὶ</span> <span class='ocrx_word' id='word_1_24' title='bbox 1293 283 1339 333; x_wconf 80' lang='grc' dir='ltr'>οἳ</span> <span class='ocrx_word' id='word_1_25' title='bbox 1385 280 1632 349; x_wconf 85' lang='grc' dir='ltr'>ἀκέφαλοι</span> <span class='ocrx_word' id='word_1_26' title='bbox 1677 283 1724 333; x_wconf 79' lang='grc' dir='ltr'>οἱ</span> <span class='ocrx_word' id='word_1_27' title='bbox 1769 283 1821 334; x_wconf 83' lang='grc' dir='ltr'>ἐν</span> <span class='ocrx_word' id='word_1_28' title='bbox 1859 286 1994 334; x_wconf 82' lang='grc' dir='ltr'>τοῖσι</span> 
     </span>
     <span class='ocr_line' id='line_1_8' title="bbox 329 362 1992 433; baseline 0.002 -18"><span class='ocrx_word' id='word_1_29' title='bbox 329 362 542 427; x_wconf 86' lang='grc' dir='ltr'>στήθεσι</span> <span class='ocrx_word' id='word_1_30' title='bbox 581 364 694 418; x_wconf 84' lang='grc' dir='ltr'>τοὺς</span> <span class='ocrx_word' id='word_1_31' title='bbox 735 365 1026 432; x_wconf 86' lang='grc' dir='ltr'>ὀφθαλμοὺς</span> <span class='ocrx_word' id='word_1_32' title='bbox 1067 365 1284 433; x_wconf 82' lang='grc' dir='ltr'>ἔχοντες,</span> <span class='ocrx_word' id='word_1_33' title='bbox 1324 364 1388 419; x_wconf 84' lang='grc' dir='ltr'>ὡς</span> <span class='ocrx_word' id='word_1_34' title='bbox 1427 364 1485 429; x_wconf 80' lang='grc' dir='ltr'>δὴ</span> <span class='ocrx_word' id='word_1_35' title='bbox 1525 364 1764 432; x_wconf 89' lang='grc' dir='ltr'>λέγονταί</span> <span class='ocrx_word' id='word_1_36' title='bbox 1800 387 1860 433; x_wconf 88' lang='grc' dir='ltr'>γε</span> <span class='ocrx_word' id='word_1_37' title='bbox 1897 365 1992 418; x_wconf 84' lang='grc' dir='ltr'>ὑπὸ</span> 
     </span>
    </p>
   </div>
   <div class='ocr_carea' id='block_1_6' title="bbox 295 447 1993 526">
    <p class='ocr_par' dir='ltr' id='par_1_6' title="bbox 295 447 1993 526">
     <span class='ocr_line' id='line_1_9' title="bbox 295 447 1993 526; baseline 0.002 -27"><span class='ocrx_word' id='word_1_38' title='bbox 295 517 308 526; x_wconf 36' lang='lat'><em>⁶</em></span> <span class='ocrx_word' id='word_1_39' title='bbox 327 448 550 513; x_wconf 77' lang='grc' dir='ltr'>Λιβύων,</span> <span class='ocrx_word' id='word_1_40' title='bbox 586 447 664 500; x_wconf 90' lang='grc' dir='ltr'>καὶ</span> <span class='ocrx_word' id='word_1_41' title='bbox 694 451 739 501; x_wconf 81' lang='grc' dir='ltr'>οἱ</span> <span class='ocrx_word' id='word_1_42' title='bbox 770 448 934 516; x_wconf 83' lang='grc' dir='ltr'>ἄγριοι</span> <span class='ocrx_word' id='word_1_43' title='bbox 968 448 1141 516; x_wconf 80' lang='grc' dir='ltr'>ἄνδρες</span> <span class='ocrx_word' id='word_1_44' title='bbox 1174 450 1253 501; x_wconf 89' lang='grc' dir='ltr'>καὶ</span> <span class='ocrx_word' id='word_1_45' title='bbox 1284 454 1511 516; x_wconf 84' lang='grc' dir='ltr'>γυναῖκες</span> <span class='ocrx_word' id='word_1_46' title='bbox 1541 448 1709 516; x_wconf 86' lang='grc' dir='ltr'>ἄγριαι</span> <span class='ocrx_word' id='word_1_47' title='bbox 1746 449 1824 501; x_wconf 89' lang='grc' dir='ltr'>καὶ</span> <span class='ocrx_word' id='word_1_48' title='bbox 1860 448 1993 502; x_wconf 86' lang='grc' dir='ltr'>ἄλλα</span> 
     </span>
    </p>
   </div>
   <div class='ocr_carea' id='block_1_7' title="bbox 327 532 2098 1787">
    <p class='ocr_par' dir='ltr' id='par_1_7' title="bbox 327 532 2098 1701">
     <span class='ocr_line' id='line_1_10' title="bbox 328 532 2039 600; baseline 0.001 -15"><span class='ocrx_word' id='word_1_49' title='bbox 328 532 510 597; x_wconf 83' lang='grc' dir='ltr'>πλήθεϊ</span> <span class='ocrx_word' id='word_1_50' title='bbox 541 534 708 584; x_wconf 82' lang='grc' dir='ltr'>πολλὰ</span> <span class='ocrx_word' id='word_1_51' title='bbox 746 534 890 600; x_wconf 85' lang='grc' dir='ltr'>θηρία</span> <span class='ocrx_word' id='word_1_52' title='bbox 925 532 1302 600; x_wconf 66' lang='grc' dir='ltr'>ἀκατάψ-ευστα.</span> <span class='ocrx_word' id='word_1_53' title='bbox 1392 535 1513 586; x_wconf 83' lang='grc' dir='ltr'>κατὰ</span> <span class='ocrx_word' id='word_1_54' title='bbox 1543 533 1656 588; x_wconf 81' lang='grc' dir='ltr'>τοὺς</span> <span class='ocrx_word' id='word_1_55' title='bbox 1691 532 1909 599; x_wconf 78' lang='grc' dir='ltr'>νομάδας</span> <span class='ocrx_word' id='word_1_56' title='bbox 1938 533 1991 586; x_wconf 90' lang='grc' dir='ltr'>δέ</span> <span class='ocrx_word' id='word_1_57' title='bbox 2017 555 2039 596; x_wconf 89' lang='lat'>5</span> 
     </span>
     <span class='ocr_line' id='line_1_11' title="bbox 329 616 2098 688; baseline 0.002 -20"><span class='ocrx_word' id='word_1_58' title='bbox 329 618 439 668; x_wconf 81' lang='grc' dir='ltr'>ἐστι</span> <span class='ocrx_word' id='word_1_59' title='bbox 469 617 658 669; x_wconf 89' lang='grc' dir='ltr'>τούτων</span> <span class='ocrx_word' id='word_1_60' title='bbox 683 616 839 677; x_wconf 82' lang='grc' dir='ltr'>οὐδέν,</span> <span class='ocrx_word' id='word_1_61' title='bbox 867 617 982 669; x_wconf 89' lang='grc' dir='ltr'>ἀλλ’</span> <span class='ocrx_word' id='word_1_62' title='bbox 1006 617 1140 669; x_wconf 84' lang='grc' dir='ltr'>ἄλλα</span> <span class='ocrx_word' id='word_1_63' title='bbox 1170 617 1350 678; x_wconf 84' lang='grc' dir='ltr'>τοιάδε,</span> <span class='ocrx_word' id='word_1_64' title='bbox 1377 618 1623 688; x_wconf 65' lang='grc' dir='ltr'>πύγαργοι</span> <span class='ocrx_word' id='word_1_65' title='bbox 1655 618 1733 670; x_wconf 90' lang='grc' dir='ltr'>καὶ</span> <span class='ocrx_word' id='word_1_66' title='bbox 1766 617 1992 688; x_wconf 59' lang='grc' dir='ltr'>ζορκάδες</span> <span class='ocrx_word' id='word_1_67' title='bbox 2032 630 2098 684; x_wconf 66' lang='lat'>³⁶¹⁴</span> 
     </span>
     <span class='ocr_line' id='line_1_12' title="bbox 330 700 1992 774; baseline 0.001 -23"><span class='ocrx_word' id='word_1_68' title='bbox 330 701 409 752; x_wconf 91' lang='grc' dir='ltr'>καὶ</span> <span class='ocrx_word' id='word_1_69' title='bbox 439 700 719 774; x_wconf 65' lang='grc' dir='ltr'>βουβάλιες</span> <span class='ocrx_word' id='word_1_70' title='bbox 752 702 830 754; x_wconf 87' lang='grc' dir='ltr'>καὶ</span> <span class='ocrx_word' id='word_1_71' title='bbox 860 704 982 762; x_wconf 87' lang='grc' dir='ltr'>ὄνοι,</span> <span class='ocrx_word' id='word_1_72' title='bbox 1009 702 1096 754; x_wconf 85' lang='grc' dir='ltr'>οὐκ</span> <span class='ocrx_word' id='word_1_73' title='bbox 1129 705 1174 754; x_wconf 83' lang='grc' dir='ltr'>οἱ</span> <span class='ocrx_word' id='word_1_74' title='bbox 1205 705 1266 754; x_wconf 83' lang='grc' dir='ltr'>τὰ</span> <span class='ocrx_word' id='word_1_75' title='bbox 1297 701 1440 768; x_wconf 90' lang='grc' dir='ltr'>κέρεα</span> <span class='ocrx_word' id='word_1_76' title='bbox 1469 702 1673 770; x_wconf 84' lang='grc' dir='ltr'>ἔχοντες</span> <span class='ocrx_word' id='word_1_77' title='bbox 1703 701 1818 754; x_wconf 89' lang='grc' dir='ltr'>ἀλλ’</span> <span class='ocrx_word' id='word_1_78' title='bbox 1841 701 1992 754; x_wconf 82' lang='grc' dir='ltr'>ἄλλοι</span> 
     </span>
     <span class='ocr_line' id='line_1_13' title="bbox 327 784 2098 856; baseline -0.001 -20"><span class='ocrx_word' id='word_1_79' title='bbox 327 785 504 837; x_wconf 81' lang='grc' dir='ltr'>ἄποτοι</span> <span class='ocrx_word' id='word_1_80' title='bbox 531 784 607 852; x_wconf 83' lang='grc' dir='ltr'>(οὐ</span> <span class='ocrx_word' id='word_1_81' title='bbox 644 789 739 854; x_wconf 82' lang='grc' dir='ltr'>γὰρ</span> <span class='ocrx_word' id='word_1_82' title='bbox 777 786 833 850; x_wconf 78' lang='grc' dir='ltr'>δὴ</span> <span class='ocrx_word' id='word_1_83' title='bbox 873 785 1108 850; x_wconf 87' lang='grc' dir='ltr'>πίνουσι),</span> <span class='ocrx_word' id='word_1_84' title='bbox 1151 788 1229 839; x_wconf 91' lang='grc' dir='ltr'>καὶ</span> <span class='ocrx_word' id='word_1_85' title='bbox 1265 789 1420 854; x_wconf 52' lang='grc' dir='ltr'>ὄρυες,</span> <span class='ocrx_word' id='word_1_86' title='bbox 1454 791 1551 838; x_wconf 80' lang='grc' dir='ltr'>τῶν</span> <span class='ocrx_word' id='word_1_87' title='bbox 1585 789 1647 838; x_wconf 81' lang='grc' dir='ltr'>τὰ</span> <span class='ocrx_word' id='word_1_88' title='bbox 1683 785 1827 853; x_wconf 91' lang='grc' dir='ltr'>κέρεα</span> <span class='ocrx_word' id='word_1_89' title='bbox 1860 791 1993 856; x_wconf 79' lang='grc' dir='ltr'>τοῖσι</span> <span class='ocrx_word' id='word_1_90' title='bbox 2027 797 2098 834; x_wconf 72' lang='grc' dir='ltr'>«Μ</span> 
     </span>
     <span class='ocr_line' id='line_1_14' title="bbox 328 869 2098 956; baseline 0 -35"><span class='ocrx_word' id='word_1_91' title='bbox 328 869 519 937; x_wconf 51' lang='grc' dir='ltr'>φοιῬιξι</span> <span class='ocrx_word' id='word_1_92' title='bbox 562 873 608 922; x_wconf 84' lang='grc' dir='ltr'>οἱ</span> <span class='ocrx_word' id='word_1_93' title='bbox 649 870 833 947; x_wconf 73' lang='grc' dir='ltr'>πήχεες</span> <span class='ocrx_word' id='word_1_94' title='bbox 875 876 1126 931; x_wconf 81' lang='grc' dir='ltr'>ποιεῦνται</span> <span class='ocrx_word' id='word_1_95' title='bbox 1163 870 1399 938; x_wconf 89' lang='grc' dir='ltr'>(μέγαθος</span> <span class='ocrx_word' id='word_1_96' title='bbox 1443 874 1496 923; x_wconf 81' lang='grc' dir='ltr'>δὲ</span> <span class='ocrx_word' id='word_1_97' title='bbox 1538 870 1595 922; x_wconf 84' lang='grc' dir='ltr'>τὸ</span> <span class='ocrx_word' id='word_1_98' title='bbox 1639 871 1809 937; x_wconf 88' lang='grc' dir='ltr'>θηρίον</span> <span class='ocrx_word' id='word_1_99' title='bbox 1848 875 1993 922; x_wconf 89' lang='grc' dir='ltr'>τοῦτο</span> <span class='ocrx_word' id='word_1_100' title='bbox 2020 890 2098 956; x_wconf 55' lang='grc' dir='ltr'>ωἳ</span> 
     </span>
     <span class='ocr_line' id='line_1_15' title="bbox 329 940 2098 1042; baseline 0 -37"><span class='ocrx_word' id='word_1_101' title='bbox 329 957 453 1006; x_wconf 84' lang='grc' dir='ltr'>κατὰ</span> <span class='ocrx_word' id='word_1_102' title='bbox 484 959 610 1014; x_wconf 84' lang='grc' dir='ltr'>βοῦν</span> <span class='ocrx_word' id='word_1_103' title='bbox 641 952 784 1019; x_wconf 78' lang='grc' dir='ltr'>ἐστι),</span> <span class='ocrx_word' id='word_1_104' title='bbox 819 955 898 1007; x_wconf 88' lang='grc' dir='ltr'>καὶ</span> <span class='ocrx_word' id='word_1_105' title='bbox 932 955 1195 1033; x_wconf 48' lang='grc' dir='ltr'>βαὶσάρια</span> <span class='ocrx_word' id='word_1_106' title='bbox 1232 955 1310 1007; x_wconf 87' lang='grc' dir='ltr'>καὶ</span> <span class='ocrx_word' id='word_1_107' title='bbox 1341 940 1551 1023; x_wconf 53' lang='lat' dir='ltr'>&amp;W</span> <span class='ocrx_word' id='word_1_108' title='bbox 1541 955 1619 1006; x_wconf 90' lang='grc' dir='ltr'>καὶ</span> <span class='ocrx_word' id='word_1_109' title='bbox 1649 956 1884 1024; x_wconf 56' lang='grc' dir='ltr'>ὕστριχες</span> <span class='ocrx_word' id='word_1_110' title='bbox 1915 954 2098 1042; x_wconf 41' lang='grc' dir='ltr'>καὶῆ</span> 
     </span>
     <span class='ocr_line' id='line_1_16' title="bbox 330 1038 1990 1114; baseline 0.001 -24"><span class='ocrx_word' id='word_1_111' title='bbox 330 1040 454 1106; x_wconf 87' lang='grc' dir='ltr'>κριοὶ</span> <span class='ocrx_word' id='word_1_112' title='bbox 486 1038 650 1107; x_wconf 83' lang='grc' dir='ltr'>ἄγριοι</span> <span class='ocrx_word' id='word_1_113' title='bbox 688 1039 766 1091; x_wconf 88' lang='grc' dir='ltr'>καὶ</span> <span class='ocrx_word' id='word_1_114' title='bbox 802 1042 990 1114; x_wconf 59' lang='grc' dir='ltr'>δίκὶυες</span> <span class='ocrx_word' id='word_1_115' title='bbox 1027 1041 1107 1092; x_wconf 91' lang='grc' dir='ltr'>καὶ</span> <span class='ocrx_word' id='word_1_116' title='bbox 1139 1043 1262 1094; x_wconf 86' lang='grc' dir='ltr'>θῶες</span> <span class='ocrx_word' id='word_1_117' title='bbox 1298 1040 1378 1091; x_wconf 89' lang='grc' dir='ltr'>καὶ</span> <span class='ocrx_word' id='word_1_118' title='bbox 1407 1038 1764 1106; x_wconf 84' lang='grc' dir='ltr'>πάνθηρεςκαὶ</span> <span class='ocrx_word' id='word_1_119' title='bbox 1793 1039 1990 1105; x_wconf 84' lang='grc' dir='ltr'>βόρυες,</span> 
     </span>
     <span class='ocr_line' id='line_1_17' title="bbox 329 1096 1995 1196; baseline 0.001 -22"><span class='ocrx_word' id='word_1_120' title='bbox 329 1123 409 1175; x_wconf 88' lang='grc' dir='ltr'>καὶ</span> <span class='ocrx_word' id='word_1_121' title='bbox 447 1123 752 1190; x_wconf 88' lang='grc' dir='ltr'>κροκόδειλοι</span> <span class='ocrx_word' id='word_1_122' title='bbox 789 1124 915 1176; x_wconf 89' lang='grc' dir='ltr'>ὅσον</span> <span class='ocrx_word' id='word_1_123' title='bbox 940 1096 1306 1192; x_wconf 46' lang='lat' dir='ltr'>We&amp;</span> <span class='ocrx_word' id='word_1_124' title='bbox 1340 1128 1586 1192; x_wconf 83' lang='grc' dir='ltr'>χερσαῖοι,</span> <span class='ocrx_word' id='word_1_125' title='bbox 1625 1130 1743 1196; x_wconf 80' lang='grc' dir='ltr'>τῇσι</span> <span class='ocrx_word' id='word_1_126' title='bbox 1777 1123 1995 1195; x_wconf 85' lang='grc' dir='ltr'>σαύρῃσι</span> 
     </span>
     <span class='ocr_line' id='line_1_18' title="bbox 327 1207 1991 1280; baseline -0.001 -21"><span class='ocrx_word' id='word_1_127' title='bbox 327 1207 726 1275; x_wconf 65' lang='grc' dir='ltr'>ἐμφερέστατοι,</span> <span class='ocrx_word' id='word_1_128' title='bbox 758 1209 836 1260; x_wconf 84' lang='grc' dir='ltr'>καὶ</span> <span class='ocrx_word' id='word_1_129' title='bbox 882 1209 1112 1276; x_wconf 85' lang='grc' dir='ltr'>στρουθοὶ</span> <span class='ocrx_word' id='word_1_130' title='bbox 1159 1207 1417 1275; x_wconf 84' lang='grc' dir='ltr'>κατάγαιοι</span> <span class='ocrx_word' id='word_1_131' title='bbox 1463 1207 1543 1259; x_wconf 88' lang='grc' dir='ltr'>καὶ</span> <span class='ocrx_word' id='word_1_132' title='bbox 1587 1209 1731 1275; x_wconf 85' lang='grc' dir='ltr'>ὄφιες</span> <span class='ocrx_word' id='word_1_133' title='bbox 1776 1208 1991 1280; x_wconf 85' lang='grc' dir='ltr'>σμικροί,</span> 
     </span>
     <span class='ocr_line' id='line_1_19' title="bbox 330 1291 2098 1361; baseline 0 -19"><span class='ocrx_word' id='word_1_134' title='bbox 330 1291 473 1359; x_wconf 88' lang='grc' dir='ltr'>κέρας</span> <span class='ocrx_word' id='word_1_135' title='bbox 504 1292 557 1345; x_wconf 80' lang='grc' dir='ltr'>ἓν</span> <span class='ocrx_word' id='word_1_136' title='bbox 587 1293 799 1347; x_wconf 79' lang='grc' dir='ltr'>ἕκαστος</span> <span class='ocrx_word' id='word_1_137' title='bbox 835 1293 1052 1361; x_wconf 85' lang='grc' dir='ltr'>ἔχοντες.</span> <span class='ocrx_word' id='word_1_138' title='bbox 1141 1292 1294 1345; x_wconf 88' lang='grc' dir='ltr'>ταῦτά</span> <span class='ocrx_word' id='word_1_139' title='bbox 1324 1313 1377 1345; x_wconf 89' lang='grc' dir='ltr'>τε</span> <span class='ocrx_word' id='word_1_140' title='bbox 1413 1291 1470 1356; x_wconf 79' lang='grc' dir='ltr'>δὴ</span> <span class='ocrx_word' id='word_1_141' title='bbox 1502 1291 1672 1343; x_wconf 83' lang='grc' dir='ltr'>αὐτόθι</span> <span class='ocrx_word' id='word_1_142' title='bbox 1710 1291 1819 1343; x_wconf 85' lang='grc' dir='ltr'>ἐστὶ</span> <span class='ocrx_word' id='word_1_143' title='bbox 1848 1292 1996 1358; x_wconf 82' lang='grc' dir='ltr'>θηρία</span> <span class='ocrx_word' id='word_1_144' title='bbox 2023 1346 2025 1348; x_wconf 63' lang='grc'>,</span> <span class='ocrx_word' id='word_1_145' title='bbox 2096 1312 2098 1315; x_wconf 77' lang='grc'><strong>’</strong></span> 
     </span>
     <span class='ocr_line' id='line_1_20' title="bbox 330 1375 2068 1450; baseline 0.001 -22"><span class='ocrx_word' id='word_1_146' title='bbox 330 1377 409 1429; x_wconf 88' lang='grc' dir='ltr'>καὶ</span> <span class='ocrx_word' id='word_1_147' title='bbox 439 1376 501 1429; x_wconf 90' lang='grc' dir='ltr'>τά</span> <span class='ocrx_word' id='word_1_148' title='bbox 523 1398 614 1444; x_wconf 92' lang='grc' dir='ltr'>περ</span> <span class='ocrx_word' id='word_1_149' title='bbox 638 1385 698 1450; x_wconf 81' lang='grc' dir='ltr'>τῇ</span> <span class='ocrx_word' id='word_1_150' title='bbox 721 1376 869 1449; x_wconf 83' lang='grc' dir='ltr'>ἄλλῃ,</span> <span class='ocrx_word' id='word_1_151' title='bbox 897 1377 1028 1442; x_wconf 74' lang='grc' dir='ltr'>πλὴν</span> <span class='ocrx_word' id='word_1_152' title='bbox 1055 1376 1252 1445; x_wconf 83' lang='grc' dir='ltr'>ἐλάφου</span> <span class='ocrx_word' id='word_1_153' title='bbox 1271 1399 1325 1430; x_wconf 91' lang='grc' dir='ltr'>τε</span> <span class='ocrx_word' id='word_1_154' title='bbox 1357 1376 1436 1429; x_wconf 88' lang='grc' dir='ltr'>καὶ</span> <span class='ocrx_word' id='word_1_155' title='bbox 1459 1375 1544 1430; x_wconf 85' lang='grc' dir='ltr'>ὑὸς</span> <span class='ocrx_word' id='word_1_156' title='bbox 1568 1377 1754 1443; x_wconf 86' lang='grc' dir='ltr'>ἀγρίου·</span> <span class='ocrx_word' id='word_1_157' title='bbox 1801 1375 1994 1443; x_wconf 85' lang='grc' dir='ltr'>ἔλαφος</span> <span class='ocrx_word' id='word_1_158' title='bbox 2020 1393 2068 1436; x_wconf 83' lang='lat'>15</span> 
     </span>
     <span class='ocr_line' id='line_1_21' title="bbox 328 1460 2010 1533; baseline -0.001 -21"><span class='ocrx_word' id='word_1_159' title='bbox 328 1463 381 1513; x_wconf 82' lang='grc' dir='ltr'>δὲ</span> <span class='ocrx_word' id='word_1_160' title='bbox 429 1461 507 1513; x_wconf 89' lang='grc' dir='ltr'>καὶ</span> <span class='ocrx_word' id='word_1_161' title='bbox 551 1462 606 1516; x_wconf 83' lang='grc' dir='ltr'>ῦς</span> <span class='ocrx_word' id='word_1_162' title='bbox 650 1461 819 1529; x_wconf 86' lang='grc' dir='ltr'>ἄγριος</span> <span class='ocrx_word' id='word_1_163' title='bbox 863 1464 918 1514; x_wconf 85' lang='grc' dir='ltr'>ἐν</span> <span class='ocrx_word' id='word_1_164' title='bbox 958 1462 1123 1533; x_wconf 78' lang='grc' dir='ltr'>Λιβύῃ</span> <span class='ocrx_word' id='word_1_165' title='bbox 1168 1461 1374 1528; x_wconf 86' lang='grc' dir='ltr'>πάμπαν</span> <span class='ocrx_word' id='word_1_166' title='bbox 1419 1461 1504 1512; x_wconf 84' lang='grc' dir='ltr'>οὐκ</span> <span class='ocrx_word' id='word_1_167' title='bbox 1549 1460 1674 1512; x_wconf 87' lang='grc' dir='ltr'>ἔστι.</span> <span class='ocrx_word' id='word_1_168' title='bbox 1718 1515 1722 1519; x_wconf 49' lang='grc'>,</span> <span class='ocrx_word' id='word_1_169' title='bbox 1761 1464 1897 1525; x_wconf 86' lang='grc' dir='ltr'>μυῶν</span> <span class='ocrx_word' id='word_1_170' title='bbox 1941 1461 2010 1527; x_wconf 55' lang='grc' dir='ltr'>δὲ,</span> 
     </span>
     <span class='ocr_line' id='line_1_22' title="bbox 328 1522 2098 1622; baseline -0.001 -26"><span class='ocrx_word' id='word_1_171' title='bbox 328 1544 476 1611; x_wconf 87' lang='grc' dir='ltr'>γένεα</span> <span class='ocrx_word' id='word_1_172' title='bbox 508 1544 651 1613; x_wconf 82' lang='grc' dir='ltr'>τριξὰ</span> <span class='ocrx_word' id='word_1_173' title='bbox 692 1546 862 1598; x_wconf 87' lang='grc' dir='ltr'>αὐτόθι</span> <span class='ocrx_word' id='word_1_174' title='bbox 904 1548 1030 1598; x_wconf 83' lang='grc' dir='ltr'>ἐστί·</span> <span class='ocrx_word' id='word_1_175' title='bbox 1078 1548 1125 1598; x_wconf 81' lang='grc' dir='ltr'>οἱ</span> <span class='ocrx_word' id='word_1_176' title='bbox 1163 1548 1255 1611; x_wconf 76' lang='grc' dir='ltr'>μὲν</span> <span class='ocrx_word' id='word_1_177' title='bbox 1295 1545 1494 1622; x_wconf 62' lang='grc' dir='ltr'>δίποδες</span> <span class='ocrx_word' id='word_1_178' title='bbox 1538 1543 1814 1603; x_wconf 87' lang='grc' dir='ltr'>καλέονται,</span> <span class='ocrx_word' id='word_1_179' title='bbox 1853 1545 1900 1595; x_wconf 79' lang='grc' dir='ltr'>οἱ</span> <span class='ocrx_word' id='word_1_180' title='bbox 1941 1522 2098 1603; x_wconf 54' lang='grc' dir='ltr'>δέ’Ῑο</span> 
     </span>
     <span class='ocr_line' id='line_1_23' title="bbox 331 1628 1993 1701; baseline -0.003 -18"><span class='ocrx_word' id='word_1_181' title='bbox 331 1629 543 1696; x_wconf 78' lang='grc' dir='ltr'>ζεγέριες</span> <span class='ocrx_word' id='word_1_182' title='bbox 570 1629 647 1696; x_wconf 86' lang='grc' dir='ltr'>(τὸ</span> <span class='ocrx_word' id='word_1_183' title='bbox 684 1633 737 1683; x_wconf 76' lang='grc' dir='ltr'>δὲ</span> <span class='ocrx_word' id='word_1_184' title='bbox 774 1631 958 1696; x_wconf 84' lang='grc' dir='ltr'>οὔνομα</span> <span class='ocrx_word' id='word_1_185' title='bbox 989 1635 1133 1683; x_wconf 89' lang='grc' dir='ltr'>τοῦτο</span> <span class='ocrx_word' id='word_1_186' title='bbox 1165 1630 1275 1682; x_wconf 84' lang='grc' dir='ltr'>ἐστὶ</span> <span class='ocrx_word' id='word_1_187' title='bbox 1309 1632 1401 1695; x_wconf 76' lang='grc' dir='ltr'>μὲν</span> <span class='ocrx_word' id='word_1_188' title='bbox 1432 1629 1755 1701; x_wconf 81' lang='grc' dir='ltr'>Λιβυστικόν,</span> <span class='ocrx_word' id='word_1_189' title='bbox 1791 1628 1993 1681; x_wconf 86' lang='grc' dir='ltr'>δύναται</span> 
     </span>
    </p>

    <p class='ocr_par' dir='ltr' id='par_1_8' title="bbox 327 1688 2098 1787">
     <span class='ocr_line' id='line_1_24' title="bbox 327 1688 2098 1787; baseline -0.002 -22"><span class='ocrx_word' id='word_1_190' title='bbox 327 1716 381 1766; x_wconf 82' lang='grc' dir='ltr'>δὲ</span> <span class='ocrx_word' id='word_1_191' title='bbox 419 1714 523 1766; x_wconf 83' lang='grc' dir='ltr'>κατ’</span> <span class='ocrx_word' id='word_1_192' title='bbox 555 1713 783 1766; x_wconf 88' lang='grc' dir='ltr'>Ἑλλάδα</span> <span class='ocrx_word' id='word_1_193' title='bbox 818 1720 1064 1782; x_wconf 82' lang='grc' dir='ltr'>γλῶσσαν</span> <span class='ocrx_word' id='word_1_194' title='bbox 1094 1714 1305 1786; x_wconf 51' lang='lat' dir='ltr'>&amp;oy-vocs),</span> <span class='ocrx_word' id='word_1_195' title='bbox 1339 1715 1384 1766; x_wconf 82' lang='grc' dir='ltr'>οἱ</span> <span class='ocrx_word' id='word_1_196' title='bbox 1421 1716 1474 1766; x_wconf 84' lang='grc' dir='ltr'>δὲ</span> <span class='ocrx_word' id='word_1_197' title='bbox 1510 1712 1715 1787; x_wconf 58' lang='grc' dir='ltr'>ἐχινέες.</span> <span class='ocrx_word' id='word_1_198' title='bbox 1804 1711 1903 1764; x_wconf 85' lang='grc' dir='ltr'>εἶσὶ</span> <span class='ocrx_word' id='word_1_199' title='bbox 1940 1688 2098 1779; x_wconf 53' lang='grc' dir='ltr'>δὲ.ἲ,;,,υΙΙ</span> 
     </span>
    </p>
   </div>
   <div class='ocr_carea' id='block_1_8' title="bbox 282 1796 2070 1875">
    <p class='ocr_par' dir='ltr' id='par_1_9' title="bbox 282 1796 2070 1875">
     <span class='ocr_line' id='line_1_25' title="bbox 282 1796 2070 1875; baseline -0.002 -26"><span class='ocrx_word' id='word_1_200' title='bbox 282 1820 295 1832; x_wconf 88' lang='grc'><em>·</em></span> <span class='ocrx_word' id='word_1_201' title='bbox 328 1798 407 1850; x_wconf 86' lang='grc' dir='ltr'>καὶ</span> <span class='ocrx_word' id='word_1_202' title='bbox 459 1804 616 1875; x_wconf 57' lang='grc' dir='ltr'>γαλαῖ</span> <span class='ocrx_word' id='word_1_203' title='bbox 670 1801 723 1851; x_wconf 85' lang='grc' dir='ltr'>ἐν</span> <span class='ocrx_word' id='word_1_204' title='bbox 774 1804 842 1868; x_wconf 80' lang='grc' dir='ltr'>τῷ</span> <span class='ocrx_word' id='word_1_205' title='bbox 904 1801 1095 1869; x_wconf 81' lang='grc' dir='ltr'>σιλφίῳ</span> <span class='ocrx_word' id='word_1_206' title='bbox 1148 1799 1420 1866; x_wconf 90' lang='grc' dir='ltr'>γινόμεναι,</span> <span class='ocrx_word' id='word_1_207' title='bbox 1475 1798 1591 1870; x_wconf 82' lang='grc' dir='ltr'>τῇσι</span> <span class='ocrx_word' id='word_1_208' title='bbox 1641 1796 1993 1868; x_wconf 85' lang='grc' dir='ltr'>Ταρτησσίῃσι</span> <span class='ocrx_word' id='word_1_209' title='bbox 2020 1814 2070 1842; x_wconf 86' lang='lat'>20</span> 
     </span>
    </p>
   </div>
   <div class='ocr_carea' id='block_1_9' title="bbox 327 1879 2066 2289">
    <p class='ocr_par' dir='ltr' id='par_1_10' title="bbox 327 1879 2066 2289">
     <span class='ocr_line' id='line_1_26' title="bbox 328 1879 1992 1951; baseline -0.001 -18"><span class='ocrx_word' id='word_1_210' title='bbox 328 1884 627 1947; x_wconf 89' lang='grc' dir='ltr'>ὁμοιόταται.</span> <span class='ocrx_word' id='word_1_211' title='bbox 703 1889 921 1935; x_wconf 84' lang='grc' dir='ltr'>τοσαῦτα</span> <span class='ocrx_word' id='word_1_212' title='bbox 950 1882 1041 1949; x_wconf 91' lang='grc' dir='ltr'>μέν</span> <span class='ocrx_word' id='word_1_213' title='bbox 1064 1904 1153 1936; x_wconf 90' lang='grc' dir='ltr'>νυν</span> <span class='ocrx_word' id='word_1_214' title='bbox 1184 1883 1327 1951; x_wconf 90' lang='grc' dir='ltr'>θηρία</span> <span class='ocrx_word' id='word_1_215' title='bbox 1355 1883 1384 1948; x_wconf 86' lang='grc' dir='ltr'>ἡ</span> <span class='ocrx_word' id='word_1_216' title='bbox 1409 1887 1505 1935; x_wconf 84' lang='grc' dir='ltr'>τῶν</span> <span class='ocrx_word' id='word_1_217' title='bbox 1536 1880 1763 1946; x_wconf 89' lang='grc' dir='ltr'>νομάδων</span> <span class='ocrx_word' id='word_1_218' title='bbox 1786 1879 1992 1946; x_wconf 87' lang='grc' dir='ltr'>Λιβύων</span> 
     </span>
     <span class='ocr_line' id='line_1_27' title="bbox 327 1965 1993 2036; baseline -0.003 -17"><span class='ocrx_word' id='word_1_219' title='bbox 327 1970 389 2033; x_wconf 83' lang='grc' dir='ltr'>γῆ</span> <span class='ocrx_word' id='word_1_220' title='bbox 436 1967 556 2036; x_wconf 80' lang='grc' dir='ltr'>ἔχει,</span> <span class='ocrx_word' id='word_1_221' title='bbox 605 1969 728 2020; x_wconf 86' lang='grc' dir='ltr'>ὅσον</span> <span class='ocrx_word' id='word_1_222' title='bbox 773 1968 914 2034; x_wconf 84' lang='grc' dir='ltr'>ἡμεῖς</span> <span class='ocrx_word' id='word_1_223' title='bbox 961 1967 1270 2033; x_wconf 84' lang='grc' dir='ltr'>ἱστορέοντες</span> <span class='ocrx_word' id='word_1_224' title='bbox 1320 1966 1401 2019; x_wconf 80' lang='grc' dir='ltr'>ἐπὶ</span> <span class='ocrx_word' id='word_1_225' title='bbox 1448 1967 1756 2033; x_wconf 90' lang='grc' dir='ltr'>μακρότατον</span> <span class='ocrx_word' id='word_1_226' title='bbox 1801 1965 1899 2016; x_wconf 75' lang='grc' dir='ltr'>οἶοί</span> <span class='ocrx_word' id='word_1_227' title='bbox 1938 1984 1993 2015; x_wconf 91' lang='grc' dir='ltr'>τε</span> 
     </span>
     <span class='ocr_line' id='line_1_28' title="bbox 329 2048 1989 2118; baseline -0.002 -16"><span class='ocrx_word' id='word_1_228' title='bbox 329 2052 601 2118; x_wconf 84' lang='grc' dir='ltr'>ἐγενόμεθα</span> <span class='ocrx_word' id='word_1_229' title='bbox 630 2050 897 2117; x_wconf 78' lang='grc' dir='ltr'>ἐξικέσθαι.</span> <span class='ocrx_word' id='word_1_230' title='bbox 978 2050 1198 2116; x_wconf 84' lang='grc' dir='ltr'>Μαξύων</span> <span class='ocrx_word' id='word_1_231' title='bbox 1222 2053 1273 2103; x_wconf 82' lang='grc' dir='ltr'>δὲ</span> <span class='ocrx_word' id='word_1_232' title='bbox 1299 2050 1504 2116; x_wconf 86' lang='grc' dir='ltr'>Λιβύων</span> <span class='ocrx_word' id='word_1_233' title='bbox 1529 2049 1750 2115; x_wconf 92' lang='grc' dir='ltr'>Ζαύηκες</span> <span class='ocrx_word' id='word_1_234' title='bbox 1773 2048 1989 2116; x_wconf 85' lang='grc' dir='ltr'>ἔχονται,</span> 
     </span>
     <span class='ocr_line' id='line_1_29' title="bbox 328 2130 1990 2205; baseline -0.002 -19"><span class='ocrx_word' id='word_1_235' title='bbox 328 2140 462 2187; x_wconf 85' lang='grc' dir='ltr'>τοῖσι</span> <span class='ocrx_word' id='word_1_236' title='bbox 485 2138 535 2187; x_wconf 81' lang='grc' dir='ltr'>αἱ</span> <span class='ocrx_word' id='word_1_237' title='bbox 561 2141 786 2202; x_wconf 88' lang='grc' dir='ltr'>γυναῖκες</span> <span class='ocrx_word' id='word_1_238' title='bbox 809 2136 1068 2205; x_wconf 80' lang='grc' dir='ltr'>ἡνιοχεῦσι</span> <span class='ocrx_word' id='word_1_239' title='bbox 1091 2138 1152 2187; x_wconf 83' lang='grc' dir='ltr'>τὰ</span> <span class='ocrx_word' id='word_1_240' title='bbox 1176 2134 1369 2202; x_wconf 80' lang='grc' dir='ltr'>ἅρματα</span> <span class='ocrx_word' id='word_1_241' title='bbox 1392 2137 1443 2188; x_wconf 83' lang='grc' dir='ltr'>ἐς</span> <span class='ocrx_word' id='word_1_242' title='bbox 1468 2134 1554 2187; x_wconf 86' lang='grc' dir='ltr'>τὸν</span> <span class='ocrx_word' id='word_1_243' title='bbox 1577 2135 1814 2199; x_wconf 91' lang='grc' dir='ltr'>πόλεμον.</span> <span class='ocrx_word' id='word_1_244' title='bbox 1878 2130 1990 2183; x_wconf 86' lang='grc' dir='ltr'>τού.-</span> 
     </span>
     <span class='ocr_line' id='line_1_30' title="bbox 329 2216 2066 2289; baseline -0.003 -18"><span class='ocrx_word' id='word_1_245' title='bbox 329 2241 428 2272; x_wconf 91' lang='grc' dir='ltr'>των</span> <span class='ocrx_word' id='word_1_246' title='bbox 453 2223 506 2272; x_wconf 81' lang='grc' dir='ltr'>δὲ</span> <span class='ocrx_word' id='word_1_247' title='bbox 530 2221 770 2284; x_wconf 82' lang='grc' dir='ltr'>Γύζαντες</span> <span class='ocrx_word' id='word_1_248' title='bbox 802 2220 1020 2289; x_wconf 81' lang='grc' dir='ltr'>ἔχονται,</span> <span class='ocrx_word' id='word_1_249' title='bbox 1049 2222 1101 2272; x_wconf 86' lang='grc' dir='ltr'>ἐν</span> <span class='ocrx_word' id='word_1_250' title='bbox 1125 2224 1258 2272; x_wconf 89' lang='grc' dir='ltr'>τοῖσι</span> <span class='ocrx_word' id='word_1_251' title='bbox 1282 2218 1399 2285; x_wconf 91' lang='grc' dir='ltr'>μέλι</span> <span class='ocrx_word' id='word_1_252' title='bbox 1423 2217 1616 2271; x_wconf 88' lang='grc' dir='ltr'>πολλὸν</span> <span class='ocrx_word' id='word_1_253' title='bbox 1638 2221 1729 2283; x_wconf 82' lang='grc' dir='ltr'>μὲν</span> <span class='ocrx_word' id='word_1_254' title='bbox 1749 2216 1994 2283; x_wconf 88' lang='grc' dir='ltr'>μέλισσαι</span> <span class='ocrx_word' id='word_1_255' title='bbox 2019 2234 2066 2276; x_wconf 85' lang='lat'>²5</span> 
     </span>
    </p>
   </div>
   <div class='ocr_carea' id='block_1_10' title="bbox 390 2354 1995 2409">
    <p class='ocr_par' dir='ltr' id='par_1_11' title="bbox 390 2354 1995 2409">
     <span class='ocr_line' id='line_1_31' title="bbox 390 2354 1995 2409; baseline 0 -14"><span class='ocrx_word' id='word_1_256' title='bbox 390 2370 407 2395; x_wconf 94' lang='lat'>1</span> <span class='ocrx_word' id='word_1_257' title='bbox 441 2369 504 2406; x_wconf 86' lang='lat' dir='ltr'>pr.</span> <span class='ocrx_word' id='word_1_258' title='bbox 526 2355 593 2407; x_wconf 87' lang='grc' dir='ltr'>τε]</span> <span class='ocrx_word' id='word_1_259' title='bbox 615 2355 658 2398; x_wconf 87' lang='grc' dir='ltr'>δὲ</span> <span class='ocrx_word' id='word_1_260' title='bbox 682 2357 720 2395; x_wconf 88' lang='lat' dir='ltr'><strong>R</strong></span> <span class='ocrx_word' id='word_1_261' title='bbox 737 2357 819 2396; x_wconf 87' lang='lat' dir='ltr'>SV</span> <span class='ocrx_word' id='word_1_262' title='bbox 931 2359 967 2398; x_wconf 82' lang='grc' dir='ltr'>οἱ</span> <span class='ocrx_word' id='word_1_263' title='bbox 987 2357 1124 2409; x_wconf 80' lang='grc' dir='ltr'>ἄρκτοι</span> <span class='ocrx_word' id='word_1_264' title='bbox 1145 2357 1179 2396; x_wconf 90' lang='lat' dir='ltr'>C</span> <span class='ocrx_word' id='word_1_265' title='bbox 1276 2367 1282 2369; x_wconf 84' lang='grc'><strong><em>·</em></strong></span> <span class='ocrx_word' id='word_1_266' title='bbox 1323 2370 1348 2395; x_wconf 82' lang='lat'><strong>2</strong></span> <span class='ocrx_word' id='word_1_267' title='bbox 1378 2369 1440 2407; x_wconf 87' lang='lat' dir='ltr'>pr.</span> <span class='ocrx_word' id='word_1_268' title='bbox 1465 2358 1499 2397; x_wconf 84' lang='grc' dir='ltr'>οἱ</span> <span class='ocrx_word' id='word_1_269' title='bbox 1520 2368 1601 2395; x_wconf 87' lang='lat' dir='ltr'>om.</span> <span class='ocrx_word' id='word_1_270' title='bbox 1629 2354 1668 2393; x_wconf 91' lang='lat' dir='ltr'><strong>R</strong></span> <span class='ocrx_word' id='word_1_271' title='bbox 1683 2354 1764 2394; x_wconf 89' lang='lat' dir='ltr'>SV</span> <span class='ocrx_word' id='word_1_272' title='bbox 1873 2355 1936 2395; x_wconf 78' lang='grc' dir='ltr'>καὶ</span> <span class='ocrx_word' id='word_1_273' title='bbox 1957 2355 1995 2395; x_wconf 79' lang='grc' dir='ltr'>οἱ</span> 
     </span>
    </p>
   </div>
   <div class='ocr_carea' id='block_1_11' title="bbox 332 2408 2074 2899">
    <p class='ocr_par' dir='ltr' id='par_1_12' title="bbox 332 2408 2074 2899">
     <span class='ocr_line' id='line_1_32' title="bbox 332 2408 1992 2464; baseline -0.002 -12"><span class='ocrx_word' id='word_1_274' title='bbox 332 2411 532 2464; x_wconf 81' lang='grc' dir='ltr'>ἀκέφαλοι</span> <span class='ocrx_word' id='word_1_275' title='bbox 552 2425 634 2450; x_wconf 89' lang='lat' dir='ltr'>om.</span> <span class='ocrx_word' id='word_1_276' title='bbox 662 2411 695 2450; x_wconf 92' lang='lat' dir='ltr'>P</span> <span class='ocrx_word' id='word_1_277' title='bbox 710 2411 749 2450; x_wconf 89' lang='lat' dir='ltr'><strong>R</strong></span> <span class='ocrx_word' id='word_1_278' title='bbox 764 2411 794 2451; x_wconf 87' lang='lat' dir='ltr'>S</span> <span class='ocrx_word' id='word_1_279' title='bbox 807 2412 844 2450; x_wconf 97' lang='lat' dir='ltr'>V</span> <span class='ocrx_word' id='word_1_280' title='bbox 1054 2424 1079 2459; x_wconf 85' lang='lat'><strong>3</strong></span> <span class='ocrx_word' id='word_1_281' title='bbox 1109 2428 1159 2463; x_wconf 82' lang='grc' dir='ltr'>γε</span> <span class='ocrx_word' id='word_1_282' title='bbox 1182 2424 1262 2452; x_wconf 83' lang='grc' dir='ltr'>οιη.</span> <span class='ocrx_word' id='word_1_283' title='bbox 1290 2411 1328 2449; x_wconf 90' lang='lat' dir='ltr'><strong>R</strong></span> <span class='ocrx_word' id='word_1_284' title='bbox 1344 2411 1374 2450; x_wconf 89' lang='lat' dir='ltr'>S</span> <span class='ocrx_word' id='word_1_285' title='bbox 1387 2411 1425 2448; x_wconf 92' lang='lat' dir='ltr'>V</span> <span class='ocrx_word' id='word_1_286' title='bbox 1644 2421 1668 2459; x_wconf 88' lang='lat'>5</span> <span class='ocrx_word' id='word_1_287' title='bbox 1699 2408 1834 2458; x_wconf 80' lang='grc' dir='ltr'>πλήθη</span> <span class='ocrx_word' id='word_1_288' title='bbox 1855 2409 1893 2447; x_wconf 89' lang='grc' dir='ltr'>Α</span> <span class='ocrx_word' id='word_1_289' title='bbox 1907 2409 1942 2447; x_wconf 92' lang='grc' dir='ltr'>Β</span> <span class='ocrx_word' id='word_1_290' title='bbox 1958 2410 1992 2449; x_wconf 91' lang='lat' dir='ltr'>C</span> 
     </span>
     <span class='ocr_line' id='line_1_33' title="bbox 334 2462 1988 2519; baseline -0.002 -12"><span class='ocrx_word' id='word_1_291' title='bbox 334 2465 595 2518; x_wconf 76' lang='grc' dir='ltr'>κατάψευο-τα</span> <span class='ocrx_word' id='word_1_292' title='bbox 618 2466 722 2504; x_wconf 84' lang='lat' dir='ltr'><strong>Reiz</strong></span> <span class='ocrx_word' id='word_1_293' title='bbox 887 2467 913 2503; x_wconf 90' lang='lat'><strong>6</strong></span> <span class='ocrx_word' id='word_1_294' title='bbox 942 2465 1039 2507; x_wconf 81' lang='grc' dir='ltr'>τάδε</span> <span class='ocrx_word' id='word_1_295' title='bbox 1063 2466 1095 2504; x_wconf 92' lang='grc' dir='ltr'>Ρ</span> <span class='ocrx_word' id='word_1_296' title='bbox 1111 2467 1150 2505; x_wconf 90' lang='lat' dir='ltr'><strong>R</strong></span> <span class='ocrx_word' id='word_1_297' title='bbox 1166 2467 1196 2505; x_wconf 92' lang='lat' dir='ltr'>S</span> <span class='ocrx_word' id='word_1_298' title='bbox 1209 2467 1247 2504; x_wconf 94' lang='lat' dir='ltr'>V</span> <span class='ocrx_word' id='word_1_299' title='bbox 1358 2464 1517 2519; x_wconf 84' lang='grc' dir='ltr'>δορκέες</span> <span class='ocrx_word' id='word_1_300' title='bbox 1541 2464 1580 2502; x_wconf 90' lang='lat' dir='ltr'><strong>R</strong></span> <span class='ocrx_word' id='word_1_301' title='bbox 1598 2465 1626 2503; x_wconf 85' lang='lat' dir='ltr'>S</span> <span class='ocrx_word' id='word_1_302' title='bbox 1639 2462 1678 2501; x_wconf 93' lang='lat' dir='ltr'>V</span> <span class='ocrx_word' id='word_1_303' title='bbox 1841 2465 1868 2502; x_wconf 89' lang='lat'><em>8</em></span> <span class='ocrx_word' id='word_1_304' title='bbox 1897 2465 1942 2504; x_wconf 84' lang='grc' dir='ltr'>οὗ</span> <span class='ocrx_word' id='word_1_305' title='bbox 1955 2495 1964 2503; x_wconf 92' lang='grc'><strong>.</strong></span> <span class='ocrx_word' id='word_1_306' title='bbox 1978 2493 1988 2503; x_wconf 87' lang='grc'><em>.</em></span> 
     </span>
     <span class='ocr_line' id='line_1_34' title="bbox 333 2517 1994 2572; baseline -0.002 -11"><span class='ocrx_word' id='word_1_307' title='bbox 333 2524 493 2561; x_wconf 84' lang='grc' dir='ltr'>πίνουσι</span> <span class='ocrx_word' id='word_1_308' title='bbox 513 2534 594 2560; x_wconf 87' lang='lat' dir='ltr'>om.</span> <span class='ocrx_word' id='word_1_309' title='bbox 622 2521 652 2560; x_wconf 88' lang='lat' dir='ltr'>S</span> <span class='ocrx_word' id='word_1_310' title='bbox 792 2520 864 2572; x_wconf 81' lang='grc' dir='ltr'>τὰ]</span> <span class='ocrx_word' id='word_1_311' title='bbox 889 2522 993 2562; x_wconf 81' lang='grc' dir='ltr'>κατὰ</span> <span class='ocrx_word' id='word_1_312' title='bbox 1016 2521 1048 2559; x_wconf 90' lang='grc' dir='ltr'>Ρ</span> <span class='ocrx_word' id='word_1_313' title='bbox 1064 2522 1101 2560; x_wconf 88' lang='lat' dir='ltr'><strong>R</strong></span> <span class='ocrx_word' id='word_1_314' title='bbox 1118 2521 1147 2560; x_wconf 87' lang='lat' dir='ltr'>S</span> <span class='ocrx_word' id='word_1_315' title='bbox 1161 2521 1199 2559; x_wconf 92' lang='lat' dir='ltr'>V</span> <span class='ocrx_word' id='word_1_316' title='bbox 1338 2524 1422 2562; x_wconf 82' lang='grc' dir='ltr'>τοῖς</span> <span class='ocrx_word' id='word_1_317' title='bbox 1445 2521 1481 2559; x_wconf 89' lang='lat' dir='ltr'>R</span> <span class='ocrx_word' id='word_1_318' title='bbox 1498 2519 1536 2559; x_wconf 97' lang='lat' dir='ltr'>V</span> <span class='ocrx_word' id='word_1_319' title='bbox 1741 2531 1791 2558; x_wconf 89' lang='lat'>10</span> <span class='ocrx_word' id='word_1_320' title='bbox 1819 2517 1994 2571; x_wconf 78' lang='grc' dir='ltr'>βασάρια</span> 
     </span>
     <span class='ocr_line' id='line_1_35' title="bbox 337 2571 1995 2629; baseline 0 -16"><span class='ocrx_word' id='word_1_321' title='bbox 337 2575 375 2612; x_wconf 90' lang='lat' dir='ltr'><strong>R</strong></span> <span class='ocrx_word' id='word_1_322' title='bbox 391 2575 421 2613; x_wconf 90' lang='lat' dir='ltr'>S</span> <span class='ocrx_word' id='word_1_323' title='bbox 434 2575 472 2613; x_wconf 96' lang='lat' dir='ltr'>V</span> <span class='ocrx_word' id='word_1_324' title='bbox 639 2588 683 2613; x_wconf 91' lang='lat'>11</span> <span class='ocrx_word' id='word_1_325' title='bbox 718 2575 896 2617; x_wconf 84' lang='grc' dir='ltr'>δείκτυες</span> <span class='ocrx_word' id='word_1_326' title='bbox 919 2576 1000 2615; x_wconf 87' lang='lat' dir='ltr'>SV</span> <span class='ocrx_word' id='word_1_327' title='bbox 1160 2588 1208 2613; x_wconf 83' lang='lat'>12</span> <span class='ocrx_word' id='word_1_328' title='bbox 1239 2574 1420 2629; x_wconf 70' lang='grc' dir='ltr'>(ταύροισι</span> <span class='ocrx_word' id='word_1_329' title='bbox 1440 2575 1479 2613; x_wconf 95' lang='lat' dir='ltr'>V</span> <span class='ocrx_word' id='word_1_330' title='bbox 1633 2585 1679 2622; x_wconf 88' lang='lat'>13</span> <span class='ocrx_word' id='word_1_331' title='bbox 1712 2571 1995 2627; x_wconf 73' lang='grc' dir='ltr'>ἐμφερέστατα</span> 
     </span>
     <span class='ocr_line' id='line_1_36' title="bbox 332 2627 1994 2683; baseline -0.001 -16"><span class='ocrx_word' id='word_1_332' title='bbox 332 2629 373 2667; x_wconf 93' lang='grc' dir='ltr'>Α</span> <span class='ocrx_word' id='word_1_333' title='bbox 388 2630 422 2667; x_wconf 87' lang='grc' dir='ltr'>Β</span> <span class='ocrx_word' id='word_1_334' title='bbox 442 2643 451 2668; x_wconf 91' lang='lat'><strong>:</strong></span> <span class='ocrx_word' id='word_1_335' title='bbox 481 2647 618 2670; x_wconf 83' lang='grc' dir='ltr'>-ταται</span> <span class='ocrx_word' id='word_1_336' title='bbox 639 2631 672 2668; x_wconf 93' lang='lat' dir='ltr'>C</span> <span class='ocrx_word' id='word_1_337' title='bbox 811 2630 944 2683; x_wconf 86' lang='grc' dir='ltr'>μικροί</span> <span class='ocrx_word' id='word_1_338' title='bbox 966 2630 999 2668; x_wconf 93' lang='lat' dir='ltr'>L</span> <span class='ocrx_word' id='word_1_339' title='bbox 1205 2642 1253 2679; x_wconf 86' lang='lat'>14</span> <span class='ocrx_word' id='word_1_340' title='bbox 1283 2629 1352 2681; x_wconf 84' lang='grc' dir='ltr'>τε]</span> <span class='ocrx_word' id='word_1_341' title='bbox 1374 2628 1419 2670; x_wconf 83' lang='grc' dir='ltr'>δὲ</span> <span class='ocrx_word' id='word_1_342' title='bbox 1442 2629 1480 2667; x_wconf 91' lang='lat' dir='ltr'>R</span> <span class='ocrx_word' id='word_1_343' title='bbox 1496 2628 1578 2668; x_wconf 91' lang='lat' dir='ltr'>SV</span> <span class='ocrx_word' id='word_1_344' title='bbox 1772 2639 1820 2677; x_wconf 87' lang='lat'>15</span> <span class='ocrx_word' id='word_1_345' title='bbox 1850 2627 1902 2668; x_wconf 79' lang='grc' dir='ltr'>τά</span> <span class='ocrx_word' id='word_1_346' title='bbox 1921 2643 1994 2678; x_wconf 86' lang='grc' dir='ltr'>περ</span> 
     </span>
     <span class='ocr_line' id='line_1_37' title="bbox 334 2681 1992 2737; baseline -0.002 -14"><span class='ocrx_word' id='word_1_347' title='bbox 334 2684 513 2723; x_wconf 85' lang='lat' dir='ltr'>Struve:</span> <span class='ocrx_word' id='word_1_348' title='bbox 554 2686 664 2726; x_wconf 77' lang='grc' dir='ltr'>ἄλλα</span> <span class='ocrx_word' id='word_1_349' title='bbox 694 2684 755 2723; x_wconf 90' lang='lat' dir='ltr'>P:</span> <span class='ocrx_word' id='word_1_350' title='bbox 790 2684 889 2737; x_wconf 79' lang='grc' dir='ltr'>ἅπερ</span> <span class='ocrx_word' id='word_1_351' title='bbox 919 2685 1007 2723; x_wconf 84' lang='lat' dir='ltr'><strong>rell.</strong></span> <span class='ocrx_word' id='word_1_352' title='bbox 1174 2702 1221 2724; x_wconf 78' lang='grc' dir='ltr'>τε</span> <span class='ocrx_word' id='word_1_353' title='bbox 1249 2697 1330 2723; x_wconf 90' lang='lat' dir='ltr'><strong>orn.</strong></span> <span class='ocrx_word' id='word_1_354' title='bbox 1362 2683 1501 2722; x_wconf 69' lang='grc' dir='ltr'>ΑΒΕ</span> <span class='ocrx_word' id='word_1_355' title='bbox 1726 2683 1776 2720; x_wconf 93' lang='lat'>16</span> <span class='ocrx_word' id='word_1_356' title='bbox 1804 2681 1938 2723; x_wconf 78' lang='grc' dir='ltr'>οὐκέτι</span> <span class='ocrx_word' id='word_1_357' title='bbox 1958 2681 1992 2720; x_wconf 94' lang='lat' dir='ltr'>C</span> 
     </span>
     <span class='ocr_line' id='line_1_38' title="bbox 338 2735 1996 2792; baseline -0.002 -15"><span class='ocrx_word' id='word_1_358' title='bbox 338 2741 387 2777; x_wconf 89' lang='lat'>18</span> <span class='ocrx_word' id='word_1_359' title='bbox 419 2738 619 2792; x_wconf 75' lang='grc' dir='ltr'>ζευγέριες</span> <span class='ocrx_word' id='word_1_360' title='bbox 636 2739 669 2777; x_wconf 91' lang='lat' dir='ltr'>C</span> <span class='ocrx_word' id='word_1_361' title='bbox 782 2742 1027 2786; x_wconf 84' lang='grc' dir='ltr'>Λιβυστῖνον</span> <span class='ocrx_word' id='word_1_362' title='bbox 1046 2739 1083 2776; x_wconf 92' lang='lat' dir='ltr'>R</span> <span class='ocrx_word' id='word_1_363' title='bbox 1102 2739 1131 2778; x_wconf 90' lang='lat' dir='ltr'>S</span> <span class='ocrx_word' id='word_1_364' title='bbox 1145 2738 1184 2776; x_wconf 95' lang='lat' dir='ltr'>V</span> <span class='ocrx_word' id='word_1_365' title='bbox 1200 2753 1209 2777; x_wconf 76' lang='lat' dir='ltr'>t</span> <span class='ocrx_word' id='word_1_366' title='bbox 1237 2738 1415 2786; x_wconf 84' lang='grc' dir='ltr'>Λιβυκόν</span> <span class='ocrx_word' id='word_1_367' title='bbox 1432 2738 1465 2776; x_wconf 92' lang='grc' dir='ltr'>Ρ</span> <span class='ocrx_word' id='word_1_368' title='bbox 1579 2751 1628 2787; x_wconf 93' lang='lat'>19</span> <span class='ocrx_word' id='word_1_369' title='bbox 1658 2739 1790 2789; x_wconf 82' lang='grc' dir='ltr'>ε’χῖνες</span> <span class='ocrx_word' id='word_1_370' title='bbox 1813 2736 1846 2774; x_wconf 93' lang='grc' dir='ltr'>Ρ</span> <span class='ocrx_word' id='word_1_371' title='bbox 1861 2735 1900 2774; x_wconf 91' lang='lat' dir='ltr'>R</span> <span class='ocrx_word' id='word_1_372' title='bbox 1914 2736 1945 2774; x_wconf 90' lang='lat' dir='ltr'>S</span> <span class='ocrx_word' id='word_1_373' title='bbox 1957 2735 1996 2773; x_wconf 94' lang='lat' dir='ltr'>V</span> 
     </span>
     <span class='ocr_line' id='line_1_39' title="bbox 334 2789 1992 2844; baseline -0.001 -13"><span class='ocrx_word' id='word_1_374' title='bbox 334 2806 389 2832; x_wconf 80' lang='lat'>20</span> <span class='ocrx_word' id='word_1_375' title='bbox 420 2794 570 2841; x_wconf 84' lang='grc' dir='ltr'>σιφλίω</span> <span class='ocrx_word' id='word_1_376' title='bbox 593 2795 631 2832; x_wconf 88' lang='lat' dir='ltr'>R</span> <span class='ocrx_word' id='word_1_377' title='bbox 646 2794 685 2832; x_wconf 94' lang='lat' dir='ltr'>V</span> <span class='ocrx_word' id='word_1_378' title='bbox 797 2793 1029 2844; x_wconf 84' lang='grc' dir='ltr'>στινόμεναι</span> <span class='ocrx_word' id='word_1_379' title='bbox 1048 2793 1087 2830; x_wconf 93' lang='lat' dir='ltr'>V</span> <span class='ocrx_word' id='word_1_380' title='bbox 1225 2806 1273 2831; x_wconf 81' lang='lat'>21</span> <span class='ocrx_word' id='word_1_381' title='bbox 1306 2795 1544 2844; x_wconf 82' lang='grc' dir='ltr'>ὁμοιώτατοι</span> <span class='ocrx_word' id='word_1_382' title='bbox 1566 2791 1596 2831; x_wconf 89' lang='lat' dir='ltr'>S</span> <span class='ocrx_word' id='word_1_383' title='bbox 1613 2792 1648 2830; x_wconf 93' lang='lat' dir='ltr'>V</span> <span class='ocrx_word' id='word_1_384' title='bbox 1665 2806 1674 2830; x_wconf 75' lang='lat' dir='ltr'>t</span> <span class='ocrx_word' id='word_1_385' title='bbox 1704 2790 1937 2842; x_wconf 84' lang='grc' dir='ltr'>ὁμοιότηται</span> <span class='ocrx_word' id='word_1_386' title='bbox 1957 2789 1992 2828; x_wconf 88' lang='lat' dir='ltr'>C</span> 
     </span>
     <span class='ocr_line' id='line_1_40' title="bbox 335 2844 2074 2899; baseline 0 -13"><span class='ocrx_word' id='word_1_387' title='bbox 335 2862 385 2886; x_wconf 79' lang='lat'>22</span> <span class='ocrx_word' id='word_1_388' title='bbox 417 2847 500 2889; x_wconf 71' lang='grc' dir='ltr'>οἷον</span> <span class='ocrx_word' id='word_1_389' title='bbox 521 2849 554 2887; x_wconf 89' lang='lat' dir='ltr'>C</span> <span class='ocrx_word' id='word_1_390' title='bbox 721 2860 773 2897; x_wconf 79' lang='lat'>23</span> <span class='ocrx_word' id='word_1_391' title='bbox 803 2848 964 2899; x_wconf 80' lang='grc' dir='ltr'>Μαξίων</span> <span class='ocrx_word' id='word_1_392' title='bbox 988 2848 1017 2886; x_wconf 87' lang='lat' dir='ltr'>S</span> <span class='ocrx_word' id='word_1_393' title='bbox 1032 2848 1071 2886; x_wconf 97' lang='lat' dir='ltr'>V</span> <span class='ocrx_word' id='word_1_394' title='bbox 1182 2847 1359 2894; x_wconf 85' lang='grc' dir='ltr'>Ζάβυκες</span> <span class='ocrx_word' id='word_1_395' title='bbox 1382 2847 1421 2885; x_wconf 89' lang='lat' dir='ltr'>R</span> <span class='ocrx_word' id='word_1_396' title='bbox 1435 2847 1465 2885; x_wconf 92' lang='lat' dir='ltr'>S</span> <span class='ocrx_word' id='word_1_397' title='bbox 1479 2847 1515 2885; x_wconf 94' lang='lat' dir='ltr'>V</span> <span class='ocrx_word' id='word_1_398' title='bbox 1679 2859 1730 2894; x_wconf 84' lang='lat'>24</span> <span class='ocrx_word' id='word_1_399' title='bbox 1760 2844 1936 2885; x_wconf 54' lang='grc' dir='ltr'>τούτων.</span> <span class='ocrx_word' id='word_1_400' title='bbox 1955 2877 1964 2887; x_wconf 94' lang='grc'><em>.</em></span> <span class='ocrx_word' id='word_1_401' title='bbox 1984 2873 1994 2886; x_wconf 89' lang='grc'><strong>.</strong></span> <span class='ocrx_word' id='word_1_402' title='bbox 2057 2872 2074 2879; x_wconf 75' lang='lat'><em>—</em></span> 
     </span>
    </p>
   </div>
   <div class='ocr_carea' id='block_1_12' title="bbox 333 2898 1732 2954">
    <p class='ocr_par' dir='ltr' id='par_1_13' title="bbox 333 2898 1732 2954">
     <span class='ocr_line' id='line_1_41' title="bbox 333 2898 1732 2954; baseline -0.004 -12"><span class='ocrx_word' id='word_1_403' title='bbox 333 2902 409 2953; x_wconf 77' lang='grc' dir='ltr'>μὲν</span> <span class='ocrx_word' id='word_1_404' title='bbox 428 2917 507 2942; x_wconf 90' lang='lat' dir='ltr'>om.</span> <span class='ocrx_word' id='word_1_405' title='bbox 539 2902 592 2941; x_wconf 78' lang='lat' dir='ltr'>R¹</span> <span class='ocrx_word' id='word_1_406' title='bbox 613 2903 641 2941; x_wconf 92' lang='lat' dir='ltr'>S</span> <span class='ocrx_word' id='word_1_407' title='bbox 656 2903 693 2942; x_wconf 93' lang='lat' dir='ltr'>V</span> <span class='ocrx_word' id='word_1_408' title='bbox 859 2914 911 2952; x_wconf 83' lang='lat'>25</span> <span class='ocrx_word' id='word_1_409' title='bbox 943 2901 1143 2954; x_wconf 79' lang='grc' dir='ltr'>Ζύγαντες</span> <span class='ocrx_word' id='word_1_410' title='bbox 1170 2902 1203 2939; x_wconf 88' lang='grc' dir='ltr'>Ρ</span> <span class='ocrx_word' id='word_1_411' title='bbox 1219 2902 1257 2939; x_wconf 86' lang='lat' dir='ltr'>R</span> <span class='ocrx_word' id='word_1_412' title='bbox 1369 2901 1444 2952; x_wconf 84' lang='grc' dir='ltr'>μὲν</span> <span class='ocrx_word' id='word_1_413' title='bbox 1465 2902 1622 2942; x_wconf 73' lang='grc' dir='ltr'>πολλὸν</span> <span class='ocrx_word' id='word_1_414' title='bbox 1645 2900 1676 2938; x_wconf 91' lang='grc' dir='ltr'>Ρ</span> <span class='ocrx_word' id='word_1_415' title='bbox 1693 2898 1732 2938; x_wconf 91' lang='lat' dir='ltr'>R</span> 
     </span>
    </p>
   </div>
  </div>
 </body>
</html>
