2098 3320
783 120 1163 202 ΙΣΤΟΡΙΩΝ
1242 155 1279 201 Γ
1902 156 1993 207 111.
2020 159 2085 222 85

193 304 331 337 πτων
370 290 430 357 τῇ
470 281 639 355 θηλέῃ,
678 282 826 338 τέλος
863 286 918 335 δὲ
958 285 1111 349 ἐπῆκε
1151 286 1361 354 ὀχεῦσαι
1399 288 1488 337 τὸν.
1526 286 1694 338 ἵππον.
1778 285 1861 351 ἅμ’
1902 291 1973 341 86

193 367 349 440 ἡμέρῃ
392 371 446 420 δὲ
492 368 852 440 διαφωσκούσῃ
899 371 946 420 οἱ
992 367 1050 433 ἓξ
1087 371 1209 421 κατὰ
1251 368 1587 434 συνεθήκαντο
1628 373 1863 436 παρῆσαν

194 452 274 504 ἐπὶ
304 457 403 503 τῶν
439 453 620 505 ἵππων·
668 451 1086 517 διεξελαυνόντων
1123 457 1176 505 δὲ
1217 456 1340 505 κατὰ
1377 453 1434 504 τὸ
1471 453 1762 520 προάστιον,
1797 455 1863 509 ὡς

193 538 320 588 κατὰ
338 541 480 596 τοῦτο
503 537 562 588 τὸ
592 538 778 604 χωρίον
809 538 1034 604 ἐγίνοντο
1066 539 1146 590 ἵνα
1177 541 1262 602 τῆς
1292 537 1658 607 παροιχομένης
1686 539 1860 594 νυκτὸς

143 639 164 680 5
191 619 477 673 κατεδέδετο
505 621 535 685 ἡ
569 619 726 685 θήλεα
756 622 924 681 ἵππος,
959 623 1170 674 ἐνθαῦτα
1201 624 1226 673 ὁ
1260 623 1474 688 Δαρείου
1510 624 1662 676 ἵππος
1699 644 1857 689 προσ-

189 705 386 771 δραμὼν
437 704 746 774 ἐχρεμέτισε.
821 705 923 771 ἅμα
982 709 1035 758 δὲ
1087 712 1152 776 τῷ
1205 708 1338 776 ἵππῳ
1392 711 1537 758 τοῦτο
1590 706 1859 772 ποιήσαντι
1899 730 1924 761 2
1954 717 2098 789 ωλῧῑ

189 789 417 857 ἀστραπὴ
456 787 515 854 ἐξ
550 791 742 856 αἰθρίης
780 790 859 842 καὶ
898 790 1089 856 βροντὴ
1132 790 1346 858 ἐγένετο.
1437 793 1766 858 ἐπιγενόμενα
1805 795 1858 845 δὲ

187 878 340 925 ταῦτα
361 878 428 944 τῷ
457 874 650 943 Δαρείῳ
676 873 923 926 ἐτελέωσέ
952 896 1037 940 μιν
1061 875 1233 942 ὥσπερ
1256 877 1310 926 ἐκ
1335 874 1577 927 συνθέτου
1599 896 1683 927 τευ
1714 877 1854 943 γενό-

185 979 326 1023 μενα·
374 960 421 1010 οἱ
452 960 506 1011 δὲ
539 960 895 1026 καταθορόντες
933 959 1030 1011 ἀπὸ
1067 964 1165 1012 τῶν
1202 961 1367 1012 ἵππων
1403 961 1740 1026 προσεκύνεον
1769 961 1858 1013 τὸν

113 1061 161 1089 10
187 1047 416 1110 Δαρεῖον.
1507 1109 1510 1112 ,

267 1130 333 1180 Οἱ
372 1130 463 1193 μὲν
505 1126 562 1192 δή
606 1135 738 1196 φασι
777 1127 863 1180 τὸν
894 1127 1125 1195 Οἰβάρεα
1165 1132 1318 1180 ταῦτα
1356 1127 1769 1198 μηχανήσασθαι,
1809 1133 1856 1184 οἱ
1894 1133 1960 1195 87

183 1214 236 1263 δὲ
266 1211 431 1265 τοιάδε
460 1211 560 1278 (καὶ
591 1215 688 1280 γὰρ
719 1211 796 1265 ἐπ’
827 1213 1086 1279 ἀμφότερα
1116 1212 1319 1280 λέγεται
1349 1213 1444 1265 ὑπὸ
1479 1212 1753 1280 Περσέων),
1789 1215 1855 1269 ὡς

181 1298 268 1360 τῆς
314 1298 468 1349 ἵππου
514 1297 694 1361 ταύτης
739 1302 838 1349 τῶν
884 1296 1079 1363 ἄρθρων
1124 1297 1415 1365 ἐπιψαύσας
1458 1299 1517 1369 τῇ
1566 1299 1697 1366 χειρὶ
1745 1298 1856 1368 ἔχοι

0 1367 133 1436 ΝἶῘΡ
182 1380 334 1447 αὐτὴν
359 1381 554 1449 κρύψας
585 1383 640 1433 ἐν
663 1382 780 1453 τῇσι
809 1378 1087 1448 ἀναξυρίσι·
1131 1381 1195 1435 ὡς
1227 1384 1279 1434 δὲ
1303 1380 1404 1447 ἅμα
1428 1387 1494 1452 τῷ
1514 1382 1639 1452 ἡλίῳ
1665 1384 1856 1436 ἀνιόντι

109 1481 155 1524 15
182 1465 419 1518 ἀπίεσθαι
461 1465 669 1532 μέλλειν
714 1466 827 1519 τοὺς
873 1467 1069 1525 ἵππους,
1112 1465 1199 1518 τὸν
1240 1465 1472 1533 Οἰβάρεα
1510 1471 1685 1519 τοῦτον
1726 1466 1851 1533 ἐξεί-

178 1571 335 1616 ραντα
379 1549 470 1614 τὴν
513 1554 659 1618 χεῖρα
702 1549 824 1616 πρὸς
869 1554 956 1601 τοῦ
1000 1550 1216 1617 Δαρείου
1260 1551 1414 1603 ἵππου
1453 1550 1567 1605 τοὺς
1606 1556 1854 1619 μυκτῆρας

180 1639 516 1700 προσενεῖκαι,
559 1633 648 1686 τὸν
691 1637 745 1686 δὲ
785 1635 1085 1700 αἰσθόμενον
1127 1633 1478 1702 φριμάξασθαί
1513 1656 1567 1688 τε
1608 1637 1688 1689 καὶ
1732 1659 1847 1705 χρε·
1870 1631 2094 1690 omfiat

178 1721 397 1783 μετίσαι.

263 1804 477 1871 Δαρεῖός
516 1825 569 1856 τε
610 1803 669 1869 δὴ
709 1805 735 1855 ὁ
766 1802 1086 1858 Ὑστάσπεος
1124 1803 1374 1870 βασιλεὺς
1414 1803 1727 1864 ἀπεδέδεκτο,
1769 1806 1854 1858 καί
1888 1808 1953 1858 88

103 1909 153 1938 20
176 1889 222 1940 οἱ
254 1886 384 1952 ἦσαν
415 1890 468 1941 ἐν
492 1896 552 1961 τῇ
582 1888 734 1961 Ἀσίῃ
757 1887 940 1943 πάντες
965 1887 1196 1953 κατήκοοι
1218 1888 1352 1953 πλὴν
1383 1888 1654 1957 Ἀραβίων,
1684 1891 1847 1957 Κύρου

175 1992 229 2024 τε
254 1972 730 2040 καταστρεψαμένου
752 1974 831 2026 καὶ
849 1974 1059 2041 ὕστερον
1084 1973 1219 2027 αῧτις
1245 1973 1549 2040 Καμβύσεω.
1614 1973 1848 2041 Ἀράβιοι

174 2058 228 2108 δὲ
259 2057 450 2123 οὐδαμὰ
481 2056 793 2122 κατήκουσαν
825 2057 907 2110 ἐπὶ
937 2057 1217 2129 δουλοσύνῃ
1242 2056 1492 2130 Πέρσῃσι,
1526 2060 1660 2110 ἀλλὰ
1691 2057 1846 2124 ξεῖνοι

176 2140 408 2207 ἐγένοντο
439 2141 678 2208 παρέντες
711 2143 992 2208 Καμβύσεα
1030 2141 1107 2194 ἐπ’
1142 2144 1412 2210 Αἴγυπτον·
1460 2143 1707 2197 ἀεκόντων
1748 2146 1844 2211 γὰρ

173 2223 428 2292 Ἀραβίων
459 2225 545 2278 οὐκ
576 2226 636 2278 ἂν
672 2226 948 2292 ἐσβάλοιεν
979 2226 1177 2294 Πέρσαι
1216 2228 1267 2281 ἐς
1298 2229 1566 2294 Αἴγυπτον.
1654 2227 1843 2295 γάμους
1882 2253 1908 2283 2

99 2329 146 2371 25
172 2330 227 2362 τε
255 2310 369 2364 τοὺς
392 2311 613 2377 πρώτους
646 2310 826 2378 ἐγάμεε
850 2310 1085 2384 Πέρσῃσι
1115 2312 1141 2362 ὁ
1174 2316 1404 2378 Δαρεῖος,
1440 2313 1602 2378 Κύρου
1630 2314 1724 2378 μὲν
1755 2313 1841 2364 δύο

173 2393 444 2462 θυγατέρας
467 2394 735 2447 ’Ἄτοσσάν
757 2417 812 2447 τε
837 2395 916 2447 καὶ
948 2395 1312 2462 Ἀρτυστώνην,
1339 2395 1430 2460 τὴν
1458 2398 1551 2460 μὲν
1573 2394 1839 2463 ’Ἄτοσσαν

171 2477 644 2545 προσυνοικήσασαν
691 2480 946 2551 Καμβύσῃ
991 2501 1046 2532 τε
1090 2481 1156 2550 τῷ
1197 2481 1427 2550 ἀδελφεῷ
1470 2481 1549 2532 καὶ
1596 2480 1730 2535 αὖτις
1769 2486 1836 2550 τῷ

169 2561 328 2633 μάγῳ,
361 2563 451 2628 τὴν
482 2566 534 2615 δὲ
566 2563 915 2630 Ἀρτυστώνην
952 2562 1214 2630 παρθένον.
1305 2562 1478 2631 ἑτέρην
1515 2567 1569 2617 δὲ
1599 2563 1838 2631 Σμέρδιος
1879 2587 1905 2631 3

169 2651 256 2698 τοῦ
297 2647 458 2715 Κύρου
498 2647 742 2716 θυγατέρα
782 2648 950 2715 ἔγημε,
995 2656 1054 2721 τῇ
1097 2648 1283 2713 οὔνομα
1326 2646 1385 2712 ἦν
1428 2647 1650 2715 Πάρμυς·
1713 2649 1839 2719 ἔσχε

225 2798 250 2823 2
280 2785 494 2838 διαφαύσκ.
524 2786 563 2825 R
579 2785 660 2825 SV
797 2787 1000 2839 παρήῖσαν
1022 2786 1059 2824 R
1078 2786 1159 2825 SV
1357 2797 1382 2836 5
1412 2787 1483 2826 alt.
1506 2787 1646 2841 ἵππος]
1667 2789 1775 2830 ἵππω
1797 2789 1838 2829 R

152 2842 196 2889 >6
227 2839 462 2894 ἐχρεμέτιζε
488 2841 536 2893 C,
560 2853 666 2881 corr.
698 2855 713 2880 1
941 2854 962 2889 7
994 2845 1129 2894 aYOpns
1153 2841 1191 2879 R
1208 2840 1288 2881 SV
1481 2855 1509 2892 9
1539 2849 1720 2896 κατοθορ.
1747 2844 1840 2883 RV

174 2907 221 2945 13
252 2895 341 2948 ἔχει
364 2895 493 2935 PSV
681 2909 728 2946 14
758 2899 892 2937 τοῖσιν
916 2895 1006 2934 RV
1169 2907 1215 2946 15
1248 2896 1412 2938 ἀπίσθαι
1435 2896 1572 2936 RSV
1684 2899 1839 2953 ἐξείραν

172 2950 253 2989 SV
361 2951 410 2989 16
438 2953 672 3003 προσενεῖκε
693 2953 789 3006 πρὸς
812 2950 850 2988 R
868 2952 963 3000 SV,
987 2955 1244 3004 προσενεῖκαι
1264 2952 1423 2991 omisso
1538 2965 1584 3002 17
1617 2959 1837 3005 φριμασθαι

172 3004 254 3043 SV
364 3018 416 3056 25
445 3003 527 3060 (ἐν)
547 3005 728 3061 Πέρσῃσι
751 3005 1140 3057 Schweighaeuser
1251 3006 1340 3058 δύο]
1362 3008 1411 3057 δὴ
1433 3007 1466 3046 C
1482 3006 1516 3046 P
1626 3021 1679 3060 29
1710 3009 1834 3062 ἔσχε]

172 3060 344 3113 ἐλέγετο
368 3061 404 3099 R
422 3061 502 3101 SV
