2098 3320
52 52 144 100 III.
171 52 243 111 64

900 47 1333 97 ΗΡΟΔΟΤΟΎ

281 202 427 247 τερον
457 179 733 249 ἐκέχρηστο
763 181 818 232 ἐκ
851 183 1064 235 Βουτοῦς
1096 181 1271 235 πόλιος
1303 182 1357 234 ἐν
1380 179 1746 248 Ἀγβατάνοισι
1774 176 1944 236 τελευ-

280 265 454 331 τήσειν
483 264 570 317 τὸν
598 266 731 330 βίον.
766 294 773 302 1
806 266 831 315 ὁ
853 267 945 330 μὲν
969 264 1026 329 δὴ
1052 268 1105 317 ἐν
1129 270 1262 317 τοῖσι
1287 269 1559 330 Μηδικοῖσι
1582 264 1946 333 Ἀγβατάνοισι

281 350 447 402 ἐδόκεε
505 347 824 413 τελευτήσειν
882 350 1099 417 γηραιός,
1155 351 1209 401 ἐν
1260 350 1398 401 τοῖσί
1452 351 1497 400 οἱ
1549 347 1608 414 ἧν
1666 351 1727 402 τὰ
1783 350 1945 403 πάντα

279 432 560 501 πρήγματα,
582 432 637 484 τὸ
662 435 714 485 δὲ
738 431 1041 501 χρηστήριον
1061 429 1160 499 <ἐν>
1179 438 1312 485 τοῖσι
1336 435 1390 485 ἐν
1410 435 1558 504 Συρίῃ
1581 433 1945 500 Ἀγβατάνοισι

281 517 426 585 ἔλεγε
448 517 556 584 ἄρα.
634 518 712 569 καὶ
743 517 802 582 δὴ
828 517 893 571 ὡς
922 518 1033 569 τότε
1067 518 1382 584 ἐπειρόμενος
1414 517 1622 570 ἐπύθετο
1651 521 1737 583 τῆς
1769 519 1943 574 πόλιος

280 601 337 653 τὸ
366 602 567 667 οὔνομα,
590 603 683 654 ὑπὸ
715 604 801 666 τῆς
834 604 1095 668 συμφορῆς
1125 605 1213 666 τῆς
1242 623 1295 654 τε
1321 602 1373 653 ἐκ
1405 606 1490 653 τοῦ
1511 601 1672 668 μάγου
1695 604 1941 667 ἐκπεπλη-

280 680 461 753 γμένος
505 687 585 738 καὶ
636 690 722 738 τοῦ
772 686 1024 752 τρώματος
1076 687 1422 753 ἐσωφρόνησε,
1471 687 1748 752 συλλαβὼν
1791 689 1844 739 δὲ
1887 686 1944 738 τὸ

281 771 578 837 θεοπρόπιον
620 769 743 823 εἷπε·
791 769 1037 822 Ἐνθαῦτα
1076 771 1355 836 Καμβύσεα
1389 769 1476 822 τὸν
1514 771 1674 836 Κύρου
1710 771 1820 822 ἐστὶ
1855 792 1941 823 πε-

281 854 539 921 πρωμένον
569 857 821 907 τελευτᾶν.
909 855 1023 906 τότε
1044 857 1135 919 μὲν
1158 859 1393 913 τοσαῦτα,
1419 852 1632 926 ἡμέρῃσι
1662 856 1714 906 δὲ
1737 856 1944 921 ὕστερον

283 939 348 993 ὡς
391 940 550 990 εἴκοσι
592 937 1044 1006 μεταπεμψάμενος
1088 938 1329 1005 Περσέων
1369 939 1792 1004 τῶνγπαρεόντων
1831 938 1944 992 τοὺς

280 1023 650 1091 λογιμωτάτους
684 1019 835 1090 ἔλεγέ
880 1030 978 1090 σφι
1021 1022 1152 1074 τάδε·
1187 1021 1260 1073 ”“Ω
1307 1021 1519 1089 Πέρσαι,
1565 1021 1945 1088 καταλελάβηκέ

279 1129 356 1172 με,
410 1107 467 1159 τὸ
519 1107 719 1159 πάντων
769 1106 992 1172 μάλιστα
1044 1107 1285 1172 ἔκρυπτον
1333 1105 1648 1174 πρηγμάτων,
1698 1111 1843 1159 τοῦτο
1893 1108 1944 1160 ἐς

281 1191 431 1257 ὑμέας
474 1193 701 1258 ἐκφῆναι.
758 1192 887 1258 ’ἐγὼ
923 1194 1018 1258 γὰρ
1061 1192 1155 1242 ἐὼν
1196 1193 1249 1242 ἐν
1291 1190 1524 1260 Αἰγύπτῳ
1563 1190 1694 1243 εἶδον
1730 1192 1854 1258 ὄψιν
1890 1192 1943 1242 ἐν

281 1277 346 1346 τῷ
374 1276 526 1345 ὕπνῳ,
560 1275 650 1340 τὴν
679 1278 877 1341 μηδαμὰ
903 1275 1104 1342 ὤφελον
1138 1277 1272 1327 ἰδεῖν·
1305 1274 1518 1350 ,ἐδόκεον
1542 1273 1597 1326 δέ
1617 1296 1701 1339 μοι
1723 1273 1943 1342 ἄγγελον

282 1358 599 1424 ἐλθόνταέξ
640 1361 774 1411 οἴκου
818 1358 1089 1426 ἀγγέλλειν
1135 1359 1198 1411 ὡς
1251 1358 1457 1425 Σμέρδις
1503 1359 1721 1424 ἱζόμενος
1765 1359 1816 1412 ἐς
1859 1357 1943 1410 τὸν

280 1443 556 1517 βασιλήιον
589 1444 764 1511 θρόνον
794 1444 1011 1510 ψαύσειε
1042 1450 1102 1515 τῇ
1136 1450 1333 1515 κεφαλῇ
1363 1447 1450 1493 τοῦ
1478 1441 1700 1508 οὐρανοῦ.
1775 1443 1944 1496 δείσας

281 1531 334 1580 δὲ
373 1528 440 1593 μὴ
483 1526 756 1594 ἀπαιρεθέω
803 1527 892 1591 τὴν
938 1526 1095 1594 ἀρχὴν
1141 1527 1261 1593 πρὸς
1306 1531 1391 1577 τοῦ
1431 1527 1695 1592 ἀδελφεοῦ,
1730 1527 1945 1590 ἐποίησα

218 1656 221 1660 .
282 1613 527 1681 ταχύτερα
555 1608 585 1676 ἢ
619 1612 900 1678 σοφώτερα·
950 1613 1003 1662 ἐν
1034 1611 1091 1682 τῇ
1123 1613 1217 1677 γὰρ
1249 1610 1531 1681 ἀνθρωπηίῃ
1563 1610 1688 1676 φύσι
1719 1609 1804 1661 οὐκ
1827 1611 1944 1674 ἐνῆν

281 1695 376 1762 ἄρα
425 1696 482 1747 τὸ
532 1695 723 1760 μέλλον
775 1696 1005 1762 γίνεσθαι
1058 1693 1368 1761 ἀποτρέπειν,
1423 1694 1520 1760 ἐγὼ
1567 1696 1620 1745 δὲ
1669 1694 1694 1744 ὁ
1740 1692 1955 1759 μάταιος·

283 1779 596 1846 Πρηξάσπεα
649 1779 925 1844 ἀποπέμπω
979 1781 1028 1831 ἐς
1082 1783 1248 1829 Σοῦσα
1301 1776 1663 1845 ἀποκτενέοντα
1713 1776 1940 1844 Σμέρδιν.

278 1860 673 1931 ’ἐξεργασθέντος
704 1866 756 1915 δὲ
790 1868 937 1914 κακοῦ
973 1862 1214 1914 τοσούτου
1249 1863 1400 1916 ἀδεῶς
1438 1861 1719 1926 διαιτώμην,
1756 1861 1943 1925 οὐδαμᾶ

282 1947 637 2012 ἐπιλεξάμενος
660 1945 725 2011 μή
759 1946 872 1998 κοτέ
900 1949 974 2001 τίς
996 1968 1081 2012 μοι
1107 1945 1340 2013 Σμέρδιος
1363 1944 1757 2012 ὑπαραιρημένου
1786 1944 1943 1998 ἄλλος

283 2032 592 2095 ἐπανασταίη
625 2031 912 2098 ἀνθρώπων.
1003 2030 1186 2083 παντὸς
1223 2033 1274 2082 δὲ
1311 2034 1397 2081 τοῦ
1430 2027 1704 2094 μέλλοντος
1735 2028 1942 2080 ἔσεσθαι

281 2116 511 2182 ἁμαρτὼν
571 2116 966 2182 ἀδελφεοκτόνος
1027 2135 1081 2166 τε
1132 2113 1272 2165 οὐδὲν
1327 2113 1439 2165 δέον
1491 2113 1676 2180 γέγονα
1728 2113 1807 2164 καὶ
1857 2115 1942 2176 τῆς

281 2201 559 2264 βασιληίης
611 2199 752 2251 οὐδὲν
803 2199 969 2263 ἧσσον
1019 2197 1302 2265 ἐστέρημαι.
1391 2196 1597 2263 Σμέρδις
1642 2199 1735 2264 γὰρ
1780 2196 1836 2260 δὴ
1882 2194 1942 2260 ἦν

281 2284 307 2333 ὁ
337 2283 495 2350 μάγος
530 2284 616 2334 τόν
651 2305 735 2347 μοι
765 2284 791 2332 ὁ
821 2283 1007 2348 δαίμων
1045 2280 1319 2349 προέφαινε
1357 2283 1409 2332 ἐν
1439 2289 1498 2353 τῇ
1530 2283 1623 2347 ὄψι
1658 2278 1936 2344 ἐπαναστή-

283 2371 479 2420 σεσθαι.
568 2366 625 2418 τὸ
655 2370 745 2432 μὲν
777 2366 833 2430 δὴ
866 2367 1012 2433 ἔργον
1045 2355 1342 2432 ἐξέργασταί
1367 2386 1466 2429 μοι,
1503 2366 1579 2416 καὶ
1619 2363 1827 2430 Σμέρδιν
1857 2363 1941 2414 τὸν

339 2517 355 2544 1
383 2505 582 2568 ἐκέχρητο
601 2505 676 2545 SV
779 2518 856 2554 9-3
879 2506 950 2546 τὸν
966 2505 1055 2552 βίον
1069 2534 1076 2544 .
1096 2534 1104 2543 .
1123 2533 1129 2543 .
1148 2505 1411 2552 τελευτήσειν
1428 2517 1511 2543 om.
1531 2503 1654 2542 RSV
1764 2506 1891 2543 τοῖσι.
1907 2533 1915 2542 .
1931 2531 1939 2540 .

280 2571 442 2602 τελευτ.
469 2574 509 2599 ln
533 2573 662 2610 marg.
691 2558 745 2597 R¹
975 2572 1001 2608 3
1032 2558 1163 2600 πάντα
1184 2560 1236 2599 τὰ
1259 2559 1292 2597 Ρ
1510 2571 1534 2606 4
1567 2560 1609 2598 ἐν
1628 2558 1723 2596 add.
1749 2556 1942 2606 Krueger

281 2626 306 2664 5
337 2615 532 2666 ἐπειρεόμ.
556 2615 595 2653 Α
611 2615 644 2653 Β
660 2615 692 2652 C
716 2614 868 2667 (e'myp.)
981 2615 1007 2652 6
1035 2617 1107 2662 τῆς
1128 2630 1175 2653 τε
1196 2616 1401 2666 συμφορῆς
1414 2614 1487 2660 τῆς
1503 2616 1546 2653 ἐκ
1565 2612 1602 2650 R
1618 2612 1647 2650 S
1662 2612 1698 2650 V
1814 2624 1862 2649 10
1890 2613 1941 2651 ὡς

282 2683 363 2710 orn.
404 2670 437 2709 P
452 2670 490 2708 R
507 2670 536 2708 S
551 2670 589 2707 V
823 2681 869 2707 12
915 2668 1130 2721 ἔκρυπτον]
1169 2668 1372 2720 ἔπρησσον
1414 2667 1452 2705 R
1468 2667 1497 2705 S
1511 2667 1549 2705 V
1714 2682 1861 2719 πραγμ.
1901 2666 1938 2703 R

285 2737 332 2772 14
363 2724 515 2777 ὄφελον
536 2724 569 2762 C
703 2736 750 2772 15
783 2722 969 2773 ἑζόμενος
992 2722 1030 2759 R
1048 2722 1077 2760 S
1091 2722 1127 2759 V
1238 2725 1291 2763 εἷς
1311 2721 1350 2759 Α
1367 2722 1400 2759 Β
1547 2723 1594 2759 16
1622 2720 1765 2772 ψαύσει
1787 2722 1826 2758 Α
1840 2720 1874 2758 Β
1890 2719 1937 2767 C,

280 2791 387 2818 corr.
410 2778 449 2816 Α
658 2779 705 2816 18
735 2777 853 2826 φύσει
877 2777 910 2815 L
1098 2790 1149 2814 22
1180 2779 1405 2829 ὑπεραιρημ.
1434 2776 1493 2813 C:
1523 2792 1733 2828 παραιρημ.
1760 2774 1843 2831 ΡΒ
1861 2773 1941 2812 SV

279 2845 331 2881 23
360 2833 518 2874 πάντως
542 2832 738 2882 Krueger
912 2844 963 2881 24
995 2832 1214 2883 ἀδελφοκτ.
1241 2831 1276 2869 R
1293 2831 1371 2869 SV
1484 2829 1592 2882 δέον]
1615 2828 1745 2878 ἧσσον
1767 2830 1797 2868 S
1816 2843 1824 2868 :
1855 2840 1939 2868 om.

283 2887 321 2925 R
336 2887 373 2925 V
537 2889 589 2926 26
618 2899 681 2938 pr.
707 2890 728 2931 ὅ
750 2899 830 2926 om.
857 2886 939 2925 SV
1051 2885 1136 2938 ὕψει
1159 2886 1191 2923 L
1363 2898 1411 2934 27
1446 2884 1641 2937 ἔργασταί
1664 2884 1697 2921 Ρ

1969 540 1992 582 5

1974 961 2067 988 ῙΟ’

1977 1379 2019 1419 ¹5

1970 1797 2019 1824 20
