<?xml version="1.0" encoding="UTF-8"?>
<!DOCTYPE html PUBLIC "-//W3C//DTD XHTML 1.0 Transitional//EN"
    "http://www.w3.org/TR/xhtml1/DTD/xhtml1-transitional.dtd">
<html xmlns="http://www.w3.org/1999/xhtml" xml:lang="en" lang="en">
 <head>
  <title>
</title>
<meta http-equiv="Content-Type" content="text/html;charset=utf-8" />
  <meta name='ocr-system' content='tesseract 3.04.00' />
  <meta name='ocr-capabilities' content='ocr_page ocr_carea ocr_par ocr_line ocrx_word'/>
</head>
<body>
  <div class='ocr_page' id='page_1' title='image "./herodotihistoria01herouoft_0261.png"; bbox 0 0 2098 3320; ppageno 0'>
   <div class='ocr_carea' id='block_1_1' title="bbox 722 113 2022 211">
    <p class='ocr_par' dir='ltr' id='par_1_1' title="bbox 722 113 2022 211">
     <span class='ocr_line' id='line_1_1' title="bbox 722 113 2022 211; baseline 0.002 -15"><span class='ocrx_word' id='word_1_1' title='bbox 722 113 1096 208; x_wconf 63' lang='grc' dir='ltr'><strong>ΙΣΤΟΡΙΩΝ</strong></span> <span class='ocrx_word' id='word_1_2' title='bbox 1159 150 1197 196; x_wconf 86' lang='grc' dir='ltr'><strong><em>Γ</em></strong></span> <span class='ocrx_word' id='word_1_3' title='bbox 1842 134 2022 211; x_wconf 70' lang='lat'>111.32</span> 
     </span>
    </p>
   </div>
   <div class='ocr_carea' id='block_1_2' title="bbox 49 278 2098 2672">
    <p class='ocr_par' dir='ltr' id='par_1_2' title="bbox 49 278 2098 2672">
     <span class='ocr_line' id='line_1_2' title="bbox 130 278 1801 349; baseline -0.004 -13"><span class='ocrx_word' id='word_1_4' title='bbox 130 280 161 349; x_wconf 85' lang='grc' dir='ltr'>ἢ</span> <span class='ocrx_word' id='word_1_5' title='bbox 185 281 343 336; x_wconf 90' lang='grc' dir='ltr'>δασέα</span> <span class='ocrx_word' id='word_1_6' title='bbox 372 283 400 347; x_wconf 89' lang='grc' dir='ltr'>ἡ</span> <span class='ocrx_word' id='word_1_7' title='bbox 435 278 612 349; x_wconf 79' lang='grc' dir='ltr'>θρίδαξ</span> <span class='ocrx_word' id='word_1_8' title='bbox 639 282 795 332; x_wconf 83' lang='grc' dir='ltr'>ἐοῦσα</span> <span class='ocrx_word' id='word_1_9' title='bbox 819 282 891 344; x_wconf 84' lang='grc' dir='ltr'>εἵη</span> <span class='ocrx_word' id='word_1_10' title='bbox 918 281 1158 341; x_wconf 90' lang='grc' dir='ltr'>καλλίων,</span> <span class='ocrx_word' id='word_1_11' title='bbox 1186 279 1268 333; x_wconf 87' lang='grc' dir='ltr'>καὶ</span> <span class='ocrx_word' id='word_1_12' title='bbox 1297 279 1385 334; x_wconf 89' lang='grc' dir='ltr'>τὸν</span> <span class='ocrx_word' id='word_1_13' title='bbox 1410 278 1568 348; x_wconf 91' lang='grc' dir='ltr'>φάναι</span> <span class='ocrx_word' id='word_1_14' title='bbox 1598 279 1801 338; x_wconf 87' lang='grc' dir='ltr'>δασέαν,</span> 
     </span>
     <span class='ocr_line' id='line_1_3' title="bbox 131 362 1869 434; baseline -0.003 -14"><span class='ocrx_word' id='word_1_15' title='bbox 131 367 222 434; x_wconf 81' lang='grc' dir='ltr'>τὴν</span> <span class='ocrx_word' id='word_1_16' title='bbox 252 370 305 421; x_wconf 77' lang='grc' dir='ltr'>δὲ</span> <span class='ocrx_word' id='word_1_17' title='bbox 329 368 504 420; x_wconf 84' lang='grc' dir='ltr'>εἰπεῖν·</span> <span class='ocrx_word' id='word_1_18' title='bbox 544 365 745 431; x_wconf 83' lang='grc' dir='ltr'>Ταύτην</span> <span class='ocrx_word' id='word_1_19' title='bbox 775 363 948 431; x_wconf 90' lang='grc' dir='ltr'>μέντοι</span> <span class='ocrx_word' id='word_1_20' title='bbox 972 366 1082 418; x_wconf 82' lang='grc' dir='ltr'>κοτὲ</span> <span class='ocrx_word' id='word_1_21' title='bbox 1106 364 1170 417; x_wconf 85' lang='grc' dir='ltr'>σὺ</span> <span class='ocrx_word' id='word_1_22' title='bbox 1192 363 1283 431; x_wconf 81' lang='grc' dir='ltr'>τὴν</span> <span class='ocrx_word' id='word_1_23' title='bbox 1307 366 1513 433; x_wconf 85' lang='grc' dir='ltr'>θρίδακα</span> <span class='ocrx_word' id='word_1_24' title='bbox 1536 362 1800 430; x_wconf 85' lang='grc' dir='ltr'>ἐμιμήσαο,</span> <span class='ocrx_word' id='word_1_25' title='bbox 1840 383 1869 426; x_wconf 90' lang='lat'><strong>4</strong></span> 
     </span>
     <span class='ocr_line' id='line_1_4' title="bbox 131 449 2070 529; baseline -0.004 -23"><span class='ocrx_word' id='word_1_26' title='bbox 131 451 218 506; x_wconf 89' lang='grc' dir='ltr'>τὸν</span> <span class='ocrx_word' id='word_1_27' title='bbox 243 451 404 520; x_wconf 83' lang='grc' dir='ltr'>Κύρου</span> <span class='ocrx_word' id='word_1_28' title='bbox 427 451 564 504; x_wconf 81' lang='grc' dir='ltr'>οἶκον</span> <span class='ocrx_word' id='word_1_29' title='bbox 588 450 942 518; x_wconf 80' lang='grc' dir='ltr'>ἀποψιλώσας.</span> <span class='ocrx_word' id='word_1_30' title='bbox 1017 449 1104 503; x_wconf 87' lang='grc' dir='ltr'>τὸν</span> <span class='ocrx_word' id='word_1_31' title='bbox 1135 452 1188 503; x_wconf 77' lang='grc' dir='ltr'>δὲ</span> <span class='ocrx_word' id='word_1_32' title='bbox 1212 449 1497 517; x_wconf 82' lang='grc' dir='ltr'>θυμωθέντα</span> <span class='ocrx_word' id='word_1_33' title='bbox 1520 451 1804 515; x_wconf 81' lang='grc' dir='ltr'>ἐμπηδῆσαι</span> <span class='ocrx_word' id='word_1_34' title='bbox 2058 520 2070 529; x_wconf 85' lang='lat'><strong>.</strong></span> 
     </span>
     <span class='ocr_line' id='line_1_5' title="bbox 132 534 2098 610; baseline -0.003 -21"><span class='ocrx_word' id='word_1_35' title='bbox 132 537 253 610; x_wconf 81' lang='grc' dir='ltr'>αὐτῇ</span> <span class='ocrx_word' id='word_1_36' title='bbox 299 535 488 608; x_wconf 84' lang='grc' dir='ltr'>ἐχούσῃ</span> <span class='ocrx_word' id='word_1_37' title='bbox 534 537 589 588; x_wconf 93' lang='grc' dir='ltr'>ἐν</span> <span class='ocrx_word' id='word_1_38' title='bbox 635 535 833 603; x_wconf 89' lang='grc' dir='ltr'>γαστρί,</span> <span class='ocrx_word' id='word_1_39' title='bbox 883 535 967 587; x_wconf 90' lang='grc' dir='ltr'>καί</span> <span class='ocrx_word' id='word_1_40' title='bbox 1011 556 1096 601; x_wconf 89' lang='grc' dir='ltr'>μιν</span> <span class='ocrx_word' id='word_1_41' title='bbox 1141 534 1470 602; x_wconf 49' lang='grc' dir='ltr'>ἐκτρώσασαν</span> <span class='ocrx_word' id='word_1_42' title='bbox 1515 535 1802 586; x_wconf 84' lang='grc' dir='ltr'>ἀποθανεῖν.</span> <span class='ocrx_word' id='word_1_43' title='bbox 1827 541 2098 580; x_wconf 52' lang='lat' dir='ltr'>wem*</span> 
     </span>
     <span class='ocr_line' id='line_1_6' title="bbox 84 617 1905 688; baseline -0.003 -15"><span class='ocrx_word' id='word_1_44' title='bbox 84 647 106 688; x_wconf 84' lang='lat'>5</span> <span class='ocrx_word' id='word_1_45' title='bbox 131 626 285 674; x_wconf 85' lang='grc' dir='ltr'>ταῦτα</span> <span class='ocrx_word' id='word_1_46' title='bbox 322 622 415 686; x_wconf 82' lang='grc' dir='ltr'>μὲν</span> <span class='ocrx_word' id='word_1_47' title='bbox 456 622 508 676; x_wconf 86' lang='grc' dir='ltr'>ἐς</span> <span class='ocrx_word' id='word_1_48' title='bbox 546 620 660 675; x_wconf 86' lang='grc' dir='ltr'>τοὺς</span> <span class='ocrx_word' id='word_1_49' title='bbox 699 620 916 685; x_wconf 82' lang='grc' dir='ltr'>οἰκηίους</span> <span class='ocrx_word' id='word_1_50' title='bbox 948 620 974 670; x_wconf 99' lang='lat'><em>6</em></span> <span class='ocrx_word' id='word_1_51' title='bbox 1006 620 1290 686; x_wconf 82' lang='grc' dir='ltr'>Καμβύσης</span> <span class='ocrx_word' id='word_1_52' title='bbox 1331 617 1559 685; x_wconf 81' lang='grc' dir='ltr'>ἐξεμάνη,</span> <span class='ocrx_word' id='word_1_53' title='bbox 1605 619 1704 671; x_wconf 85' lang='grc' dir='ltr'>εἴτε</span> <span class='ocrx_word' id='word_1_54' title='bbox 1743 617 1801 682; x_wconf 75' lang='grc' dir='ltr'>δὴ</span> <span class='ocrx_word' id='word_1_55' title='bbox 1841 636 1905 683; x_wconf 89' lang='lat'>33</span> 
     </span>
     <span class='ocr_line' id='line_1_7' title="bbox 131 703 1804 771; baseline -0.002 -13"><span class='ocrx_word' id='word_1_56' title='bbox 131 707 212 758; x_wconf 80' lang='grc' dir='ltr'>διὰ</span> <span class='ocrx_word' id='word_1_57' title='bbox 247 704 335 758; x_wconf 87' lang='grc' dir='ltr'>τὸν</span> <span class='ocrx_word' id='word_1_58' title='bbox 356 703 511 758; x_wconf 63' lang='grc' dir='ltr'>9Απιν</span> <span class='ocrx_word' id='word_1_59' title='bbox 547 706 646 758; x_wconf 83' lang='grc' dir='ltr'>εἴτε</span> <span class='ocrx_word' id='word_1_60' title='bbox 687 705 766 756; x_wconf 91' lang='grc' dir='ltr'>καὶ</span> <span class='ocrx_word' id='word_1_61' title='bbox 806 704 992 766; x_wconf 88' lang='grc' dir='ltr'>ἄλλως,</span> <span class='ocrx_word' id='word_1_62' title='bbox 1025 705 1106 756; x_wconf 76' lang='grc' dir='ltr'>οἶα</span> <span class='ocrx_word' id='word_1_63' title='bbox 1144 706 1313 757; x_wconf 82' lang='grc' dir='ltr'>πολλὰ</span> <span class='ocrx_word' id='word_1_64' title='bbox 1353 704 1477 757; x_wconf 85' lang='grc' dir='ltr'>ἔωθε</span> <span class='ocrx_word' id='word_1_65' title='bbox 1517 703 1804 771; x_wconf 85' lang='grc' dir='ltr'>ἀνθρώπους</span> 
     </span>
     <span class='ocr_line' id='line_1_8' title="bbox 133 787 1804 858; baseline -0.001 -16"><span class='ocrx_word' id='word_1_66' title='bbox 133 792 257 843; x_wconf 80' lang='grc' dir='ltr'>κακὰ</span> <span class='ocrx_word' id='word_1_67' title='bbox 281 789 704 857; x_wconf 85' lang='grc' dir='ltr'>καταλαμβάνειν·</span> <span class='ocrx_word' id='word_1_68' title='bbox 745 789 826 842; x_wconf 86' lang='grc' dir='ltr'>καὶ</span> <span class='ocrx_word' id='word_1_69' title='bbox 848 788 943 858; x_wconf 86' lang='grc' dir='ltr'>γάρ</span> <span class='ocrx_word' id='word_1_70' title='bbox 962 810 1075 843; x_wconf 91' lang='grc' dir='ltr'>τινα</span> <span class='ocrx_word' id='word_1_71' title='bbox 1099 790 1153 841; x_wconf 92' lang='grc' dir='ltr'>ἐκ</span> <span class='ocrx_word' id='word_1_72' title='bbox 1176 791 1350 857; x_wconf 83' lang='grc' dir='ltr'>γενεῆς</span> <span class='ocrx_word' id='word_1_73' title='bbox 1370 793 1555 841; x_wconf 82' lang='grc' dir='ltr'>νοῦσον</span> <span class='ocrx_word' id='word_1_74' title='bbox 1576 787 1804 854; x_wconf 87' lang='grc' dir='ltr'>μεγάλην</span> 
     </span>
     <span class='ocr_line' id='line_1_9' title="bbox 130 872 1804 943; baseline -0.003 -15"><span class='ocrx_word' id='word_1_75' title='bbox 130 874 334 943; x_wconf 90' lang='grc' dir='ltr'>λέγεται</span> <span class='ocrx_word' id='word_1_76' title='bbox 364 874 501 943; x_wconf 83' lang='grc' dir='ltr'>ἔχειν</span> <span class='ocrx_word' id='word_1_77' title='bbox 531 876 558 926; x_wconf 92' lang='lat'><em>6</em></span> <span class='ocrx_word' id='word_1_78' title='bbox 590 874 887 940; x_wconf 86' lang='grc' dir='ltr'>Καμβύσης,</span> <span class='ocrx_word' id='word_1_79' title='bbox 920 873 1012 939; x_wconf 85' lang='grc' dir='ltr'>τὴν</span> <span class='ocrx_word' id='word_1_80' title='bbox 1048 873 1157 942; x_wconf 80' lang='grc' dir='ltr'>ἱρὴν</span> <span class='ocrx_word' id='word_1_81' title='bbox 1194 872 1496 939; x_wconf 77' lang='grc' dir='ltr'>ὀνομάζουσί</span> <span class='ocrx_word' id='word_1_82' title='bbox 1526 893 1673 926; x_wconf 89' lang='grc' dir='ltr'>τινες.</span> <span class='ocrx_word' id='word_1_83' title='bbox 1746 873 1804 923; x_wconf 83' lang='grc' dir='ltr'>οὔ</span> 
     </span>
     <span class='ocr_line' id='line_1_10' title="bbox 131 954 2098 1032; baseline -0.001 -20"><span class='ocrx_word' id='word_1_84' title='bbox 131 961 219 1013; x_wconf 86' lang='grc' dir='ltr'>νύν</span> <span class='ocrx_word' id='word_1_85' title='bbox 248 981 324 1013; x_wconf 95' lang='grc' dir='ltr'>τοι</span> <span class='ocrx_word' id='word_1_86' title='bbox 353 960 515 1032; x_wconf 43' lang='grc' dir='ltr'>ἀεικὲς</span> <span class='ocrx_word' id='word_1_87' title='bbox 544 959 688 1012; x_wconf 80' lang='grc' dir='ltr'>οὐδὲν</span> <span class='ocrx_word' id='word_1_88' title='bbox 718 958 779 1024; x_wconf 82' lang='grc' dir='ltr'>ἣν</span> <span class='ocrx_word' id='word_1_89' title='bbox 810 964 898 1011; x_wconf 83' lang='grc' dir='ltr'>τοῦ</span> <span class='ocrx_word' id='word_1_90' title='bbox 929 958 1159 1026; x_wconf 90' lang='grc' dir='ltr'>σώματος</span> <span class='ocrx_word' id='word_1_91' title='bbox 1190 963 1374 1011; x_wconf 81' lang='grc' dir='ltr'>νοῦσον</span> <span class='ocrx_word' id='word_1_92' title='bbox 1401 956 1631 1025; x_wconf 85' lang='grc' dir='ltr'>μεγάλην</span> <span class='ocrx_word' id='word_1_93' title='bbox 1654 956 1799 1010; x_wconf 88' lang='grc' dir='ltr'>νοσέ-</span> <span class='ocrx_word' id='word_1_94' title='bbox 1821 954 2098 1012; x_wconf 46' lang='grc' dir='ltr'>ΜΝ</span> 
     </span>
     <span class='ocr_line' id='line_1_11' title="bbox 62 1041 1909 1113; baseline 0 -17"><span class='ocrx_word' id='word_1_95' title='bbox 62 1068 109 1098; x_wconf 83' lang='grc' dir='ltr'>ιο</span> <span class='ocrx_word' id='word_1_96' title='bbox 132 1065 275 1099; x_wconf 90' lang='grc' dir='ltr'>οντος</span> <span class='ocrx_word' id='word_1_97' title='bbox 302 1046 427 1111; x_wconf 80' lang='grc' dir='ltr'>μηδὲ</span> <span class='ocrx_word' id='word_1_98' title='bbox 457 1046 546 1098; x_wconf 79' lang='grc' dir='ltr'>τὰς</span> <span class='ocrx_word' id='word_1_99' title='bbox 576 1043 764 1113; x_wconf 87' lang='grc' dir='ltr'>φρένας</span> <span class='ocrx_word' id='word_1_100' title='bbox 799 1045 1061 1111; x_wconf 86' lang='grc' dir='ltr'>ὑγιαίνειν.</span> <span class='ocrx_word' id='word_1_101' title='bbox 1149 1043 1266 1095; x_wconf 88' lang='grc' dir='ltr'>τάδε</span> <span class='ocrx_word' id='word_1_102' title='bbox 1301 1042 1344 1095; x_wconf 86' lang='grc' dir='ltr'>δ’</span> <span class='ocrx_word' id='word_1_103' title='bbox 1376 1043 1427 1097; x_wconf 86' lang='grc' dir='ltr'>ἐς</span> <span class='ocrx_word' id='word_1_104' title='bbox 1466 1042 1580 1097; x_wconf 86' lang='grc' dir='ltr'>τοὺς</span> <span class='ocrx_word' id='word_1_105' title='bbox 1618 1041 1804 1096; x_wconf 82' lang='grc' dir='ltr'>ἄλλους</span> <span class='ocrx_word' id='word_1_106' title='bbox 1842 1059 1909 1108; x_wconf 88' lang='lat'>34</span> 
     </span>
     <span class='ocr_line' id='line_1_12' title="bbox 132 1125 1801 1196; baseline -0.002 -15"><span class='ocrx_word' id='word_1_107' title='bbox 132 1127 339 1196; x_wconf 85' lang='grc' dir='ltr'>Πέρσας</span> <span class='ocrx_word' id='word_1_108' title='bbox 359 1127 588 1195; x_wconf 82' lang='grc' dir='ltr'>ἐξεμάνη·</span> <span class='ocrx_word' id='word_1_109' title='bbox 628 1127 832 1196; x_wconf 88' lang='grc' dir='ltr'>λέγεται</span> <span class='ocrx_word' id='word_1_110' title='bbox 855 1130 950 1196; x_wconf 80' lang='grc' dir='ltr'>γὰρ</span> <span class='ocrx_word' id='word_1_111' title='bbox 974 1129 1133 1181; x_wconf 83' lang='grc' dir='ltr'>εἰπεῖν</span> <span class='ocrx_word' id='word_1_112' title='bbox 1155 1127 1305 1180; x_wconf 83' lang='grc' dir='ltr'>αὐτὸν</span> <span class='ocrx_word' id='word_1_113' title='bbox 1328 1126 1451 1195; x_wconf 88' lang='grc' dir='ltr'>πρὸς</span> <span class='ocrx_word' id='word_1_114' title='bbox 1473 1125 1801 1194; x_wconf 82' lang='grc' dir='ltr'>Πρηξάσπεα,</span> 
     </span>
     <span class='ocr_line' id='line_1_13' title="bbox 131 1207 1802 1281; baseline 0 -16"><span class='ocrx_word' id='word_1_115' title='bbox 131 1212 218 1266; x_wconf 88' lang='grc' dir='ltr'>τὸν</span> <span class='ocrx_word' id='word_1_116' title='bbox 248 1215 390 1279; x_wconf 91' lang='grc' dir='ltr'>ἐτίμα</span> <span class='ocrx_word' id='word_1_117' title='bbox 418 1235 472 1266; x_wconf 88' lang='grc' dir='ltr'>τε</span> <span class='ocrx_word' id='word_1_118' title='bbox 500 1212 724 1280; x_wconf 85' lang='grc' dir='ltr'>μάλιστα</span> <span class='ocrx_word' id='word_1_119' title='bbox 755 1214 839 1266; x_wconf 89' lang='grc' dir='ltr'>καί</span> <span class='ocrx_word' id='word_1_120' title='bbox 865 1215 912 1266; x_wconf 79' lang='grc' dir='ltr'>οἱ</span> <span class='ocrx_word' id='word_1_121' title='bbox 941 1215 1030 1268; x_wconf 83' lang='grc' dir='ltr'>τὰς</span> <span class='ocrx_word' id='word_1_122' title='bbox 1059 1212 1300 1281; x_wconf 87' lang='grc' dir='ltr'>ἀγγελίας</span> <span class='ocrx_word' id='word_1_123' title='bbox 1321 1207 1615 1279; x_wconf 83' lang='grc' dir='ltr'>ἐ&lt;σε&gt;φόρεε</span> <span class='ocrx_word' id='word_1_124' title='bbox 1643 1211 1802 1270; x_wconf 78' lang='grc' dir='ltr'>οὗτος,</span> 
     </span>
     <span class='ocr_line' id='line_1_14' title="bbox 132 1295 1803 1369; baseline -0.001 -20"><span class='ocrx_word' id='word_1_125' title='bbox 132 1298 305 1351; x_wconf 89' lang='grc' dir='ltr'>τούτου</span> <span class='ocrx_word' id='word_1_126' title='bbox 327 1320 382 1351; x_wconf 88' lang='grc' dir='ltr'>τε</span> <span class='ocrx_word' id='word_1_127' title='bbox 412 1299 439 1350; x_wconf 93' lang='lat'><em>6</em></span> <span class='ocrx_word' id='word_1_128' title='bbox 468 1304 585 1352; x_wconf 85' lang='grc' dir='ltr'>παῖς</span> <span class='ocrx_word' id='word_1_129' title='bbox 608 1299 838 1367; x_wconf 84' lang='grc' dir='ltr'>οἰνοχόος</span> <span class='ocrx_word' id='word_1_130' title='bbox 866 1296 929 1363; x_wconf 77' lang='grc' dir='ltr'>ἣν</span> <span class='ocrx_word' id='word_1_131' title='bbox 951 1302 1019 1368; x_wconf 78' lang='grc' dir='ltr'>τῷ</span> <span class='ocrx_word' id='word_1_132' title='bbox 1052 1297 1325 1369; x_wconf 83' lang='grc' dir='ltr'>Καμβύσῃ,</span> <span class='ocrx_word' id='word_1_133' title='bbox 1352 1295 1467 1363; x_wconf 83' lang='grc' dir='ltr'>τιμὴ</span> <span class='ocrx_word' id='word_1_134' title='bbox 1499 1298 1553 1348; x_wconf 81' lang='grc' dir='ltr'>δὲ</span> <span class='ocrx_word' id='word_1_135' title='bbox 1577 1297 1658 1348; x_wconf 89' lang='grc' dir='ltr'>καὶ</span> <span class='ocrx_word' id='word_1_136' title='bbox 1683 1297 1803 1359; x_wconf 81' lang='grc' dir='ltr'>αὕτη</span> 
     </span>
     <span class='ocr_line' id='line_1_15' title="bbox 131 1379 1870 1450; baseline -0.001 -16"><span class='ocrx_word' id='word_1_137' title='bbox 131 1382 189 1434; x_wconf 87' lang='grc' dir='ltr'>οὐ</span> <span class='ocrx_word' id='word_1_138' title='bbox 234 1381 433 1450; x_wconf 91' lang='grc' dir='ltr'>σμικρή,</span> <span class='ocrx_word' id='word_1_139' title='bbox 475 1384 633 1435; x_wconf 85' lang='grc' dir='ltr'>εἰπεῖν</span> <span class='ocrx_word' id='word_1_140' title='bbox 672 1385 725 1435; x_wconf 77' lang='grc' dir='ltr'>δὲ</span> <span class='ocrx_word' id='word_1_141' title='bbox 765 1381 970 1450; x_wconf 90' lang='grc' dir='ltr'>λέγεται</span> <span class='ocrx_word' id='word_1_142' title='bbox 1008 1380 1141 1435; x_wconf 90' lang='grc' dir='ltr'>τάδε·</span> <span class='ocrx_word' id='word_1_143' title='bbox 1196 1379 1518 1449; x_wconf 89' lang='grc' dir='ltr'>Πρήξασπες,</span> <span class='ocrx_word' id='word_1_144' title='bbox 1564 1381 1699 1433; x_wconf 86' lang='grc' dir='ltr'>κοῖόν</span> <span class='ocrx_word' id='word_1_145' title='bbox 1743 1379 1806 1446; x_wconf 87' lang='grc' dir='ltr'>μέ</span> <span class='ocrx_word' id='word_1_146' title='bbox 1845 1402 1870 1433; x_wconf 90' lang='lat'><strong>2</strong></span> 
     </span>
     <span class='ocr_line' id='line_1_16' title="bbox 61 1464 1804 1534; baseline -0.001 -16"><span class='ocrx_word' id='word_1_147' title='bbox 61 1490 107 1532; x_wconf 87' lang='lat'>15</span> <span class='ocrx_word' id='word_1_148' title='bbox 131 1488 243 1520; x_wconf 90' lang='grc' dir='ltr'>τινα</span> <span class='ocrx_word' id='word_1_149' title='bbox 267 1467 523 1533; x_wconf 81' lang='grc' dir='ltr'>νομίζουσι</span> <span class='ocrx_word' id='word_1_150' title='bbox 548 1466 745 1534; x_wconf 87' lang='grc' dir='ltr'>Πέρσαι</span> <span class='ocrx_word' id='word_1_151' title='bbox 769 1467 896 1519; x_wconf 78' lang='grc' dir='ltr'>εἶναι</span> <span class='ocrx_word' id='word_1_152' title='bbox 918 1465 1074 1534; x_wconf 87' lang='grc' dir='ltr'>ἄνδρα</span> <span class='ocrx_word' id='word_1_153' title='bbox 1097 1467 1234 1521; x_wconf 87' lang='grc' dir='ltr'>τίνας</span> <span class='ocrx_word' id='word_1_154' title='bbox 1256 1488 1312 1519; x_wconf 89' lang='grc' dir='ltr'>τε</span> <span class='ocrx_word' id='word_1_155' title='bbox 1340 1466 1523 1534; x_wconf 86' lang='grc' dir='ltr'>λόγους</span> <span class='ocrx_word' id='word_1_156' title='bbox 1547 1465 1659 1533; x_wconf 87' lang='grc' dir='ltr'>περὶ</span> <span class='ocrx_word' id='word_1_157' title='bbox 1688 1464 1804 1531; x_wconf 87' lang='grc' dir='ltr'>ἐμέο</span> 
     </span>
     <span class='ocr_line' id='line_1_17' title="bbox 131 1549 1806 1617; baseline -0.002 -13"><span class='ocrx_word' id='word_1_158' title='bbox 131 1557 406 1612; x_wconf 86' lang='grc' dir='ltr'>ποιεῦνται,·</span> <span class='ocrx_word' id='word_1_159' title='bbox 453 1551 541 1605; x_wconf 86' lang='grc' dir='ltr'>τὸν</span> <span class='ocrx_word' id='word_1_160' title='bbox 571 1554 625 1604; x_wconf 80' lang='grc' dir='ltr'>δὲ</span> <span class='ocrx_word' id='word_1_161' title='bbox 656 1554 829 1605; x_wconf 83' lang='grc' dir='ltr'>εἰπεῖν·</span> <span class='ocrx_word' id='word_1_162' title='bbox 867 1550 943 1602; x_wconf 70' lang='grc' dir='ltr'>””Ω</span> <span class='ocrx_word' id='word_1_163' title='bbox 978 1550 1216 1611; x_wconf 90' lang='grc' dir='ltr'>δέσποτα,</span> <span class='ocrx_word' id='word_1_164' title='bbox 1250 1551 1311 1602; x_wconf 79' lang='grc' dir='ltr'>τὰ</span> <span class='ocrx_word' id='word_1_165' title='bbox 1345 1553 1437 1617; x_wconf 80' lang='grc' dir='ltr'>μὲν</span> <span class='ocrx_word' id='word_1_166' title='bbox 1471 1549 1608 1602; x_wconf 87' lang='grc' dir='ltr'>ἄλλα</span> <span class='ocrx_word' id='word_1_167' title='bbox 1643 1549 1806 1603; x_wconf 87' lang='grc' dir='ltr'>πάντα</span> 
     </span>
     <span class='ocr_line' id='line_1_18' title="bbox 131 1635 1804 1709; baseline -0.001 -21"><span class='ocrx_word' id='word_1_168' title='bbox 131 1635 364 1704; x_wconf 88' lang='grc' dir='ltr'>μεγάλως</span> <span class='ocrx_word' id='word_1_169' title='bbox 401 1635 644 1696; x_wconf 89' lang='grc' dir='ltr'>ἐπαινέαι,</span> <span class='ocrx_word' id='word_1_170' title='bbox 677 1637 735 1709; x_wconf 85' lang='grc' dir='ltr'>τῇ</span> <span class='ocrx_word' id='word_1_171' title='bbox 773 1639 827 1690; x_wconf 80' lang='grc' dir='ltr'>δὲ</span> <span class='ocrx_word' id='word_1_172' title='bbox 863 1637 1092 1708; x_wconf 84' lang='grc' dir='ltr'>φιλοινίῃ</span> <span class='ocrx_word' id='word_1_173' title='bbox 1128 1635 1190 1689; x_wconf 82' lang='grc' dir='ltr'>σε’</span> <span class='ocrx_word' id='word_1_174' title='bbox 1220 1643 1353 1704; x_wconf 90' lang='grc' dir='ltr'>φασι</span> <span class='ocrx_word' id='word_1_175' title='bbox 1387 1636 1613 1690; x_wconf 89' lang='grc' dir='ltr'>πλεόνως</span> <span class='ocrx_word' id='word_1_176' title='bbox 1648 1657 1804 1703; x_wconf 92' lang='grc' dir='ltr'>προσ-</span> 
     </span>
     <span class='ocr_line' id='line_1_19' title="bbox 133 1719 1869 1789; baseline 0 -16"><span class='ocrx_word' id='word_1_177' title='bbox 133 1724 346 1773; x_wconf 83' lang='grc' dir='ltr'>κεῖσθαι.</span> <span class='ocrx_word' id='word_1_178' title='bbox 433 1719 521 1774; x_wconf 87' lang='grc' dir='ltr'>τὸν</span> <span class='ocrx_word' id='word_1_179' title='bbox 555 1723 647 1787; x_wconf 78' lang='grc' dir='ltr'>μὲν</span> <span class='ocrx_word' id='word_1_180' title='bbox 686 1720 745 1786; x_wconf 80' lang='grc' dir='ltr'>δὴ</span> <span class='ocrx_word' id='word_1_181' title='bbox 780 1720 950 1789; x_wconf 92' lang='grc' dir='ltr'>λέγειν</span> <span class='ocrx_word' id='word_1_182' title='bbox 986 1726 1140 1774; x_wconf 84' lang='grc' dir='ltr'>ταῦτα</span> <span class='ocrx_word' id='word_1_183' title='bbox 1174 1721 1287 1788; x_wconf 85' lang='grc' dir='ltr'>περὶ</span> <span class='ocrx_word' id='word_1_184' title='bbox 1322 1719 1584 1789; x_wconf 89' lang='grc' dir='ltr'>Περσέων,</span> <span class='ocrx_word' id='word_1_185' title='bbox 1622 1719 1710 1773; x_wconf 88' lang='grc' dir='ltr'>τὸν</span> <span class='ocrx_word' id='word_1_186' title='bbox 1750 1722 1804 1773; x_wconf 82' lang='grc' dir='ltr'>δὲ</span> <span class='ocrx_word' id='word_1_187' title='bbox 1845 1741 1869 1784; x_wconf 87' lang='lat'>3</span> 
     </span>
     <span class='ocr_line' id='line_1_20' title="bbox 133 1803 1807 1874; baseline -0.001 -17"><span class='ocrx_word' id='word_1_188' title='bbox 133 1804 418 1871; x_wconf 84' lang='grc' dir='ltr'>θυμωθέντα</span> <span class='ocrx_word' id='word_1_189' title='bbox 453 1806 645 1859; x_wconf 87' lang='grc' dir='ltr'>τοισίδε</span> <span class='ocrx_word' id='word_1_190' title='bbox 683 1806 1004 1872; x_wconf 88' lang='grc' dir='ltr'>ἀμείβεσθαι·</span> <span class='ocrx_word' id='word_1_191' title='bbox 1052 1810 1161 1858; x_wconf 82' lang='grc' dir='ltr'>Νῦν</span> <span class='ocrx_word' id='word_1_192' title='bbox 1202 1805 1297 1873; x_wconf 87' lang='grc' dir='ltr'>ἄρα</span> <span class='ocrx_word' id='word_1_193' title='bbox 1335 1805 1398 1871; x_wconf 87' lang='grc' dir='ltr'>με’</span> <span class='ocrx_word' id='word_1_194' title='bbox 1438 1812 1570 1874; x_wconf 91' lang='grc' dir='ltr'>φασι</span> <span class='ocrx_word' id='word_1_195' title='bbox 1606 1803 1807 1873; x_wconf 89' lang='grc' dir='ltr'>Πέρσαι</span> 
     </span>
     <span class='ocr_line' id='line_1_21' title="bbox 59 1888 1803 1960; baseline 0 -19"><span class='ocrx_word' id='word_1_196' title='bbox 59 1911 110 1942; x_wconf 85' lang='lat'>20</span> <span class='ocrx_word' id='word_1_197' title='bbox 133 1891 250 1960; x_wconf 80' lang='grc' dir='ltr'>οἴνῳ</span> <span class='ocrx_word' id='word_1_198' title='bbox 296 1892 659 1958; x_wconf 89' lang='grc' dir='ltr'>προσκείμενον</span> <span class='ocrx_word' id='word_1_199' title='bbox 706 1889 1075 1959; x_wconf 89' lang='grc' dir='ltr'>παραφρονέειν</span> <span class='ocrx_word' id='word_1_200' title='bbox 1126 1892 1206 1943; x_wconf 86' lang='grc' dir='ltr'>καὶ</span> <span class='ocrx_word' id='word_1_201' title='bbox 1257 1890 1344 1942; x_wconf 85' lang='grc' dir='ltr'>οὐκ</span> <span class='ocrx_word' id='word_1_202' title='bbox 1393 1890 1519 1943; x_wconf 73' lang='grc' dir='ltr'>εἶναι</span> <span class='ocrx_word' id='word_1_203' title='bbox 1567 1888 1803 1955; x_wconf 89' lang='grc' dir='ltr'>νοήμονα.</span> 
     </span>
     <span class='ocr_line' id='line_1_22' title="bbox 133 1973 1873 2043; baseline 0.001 -17"><span class='ocrx_word' id='word_1_204' title='bbox 133 1974 236 2026; x_wconf 84' lang='grc' dir='ltr'>οὐδ’</span> <span class='ocrx_word' id='word_1_205' title='bbox 258 1974 354 2042; x_wconf 82' lang='grc' dir='ltr'>ἄρα</span> <span class='ocrx_word' id='word_1_206' title='bbox 383 1974 558 2042; x_wconf 90' lang='grc' dir='ltr'>σφέων</span> <span class='ocrx_word' id='word_1_207' title='bbox 589 1978 636 2028; x_wconf 81' lang='grc' dir='ltr'>οἱ</span> <span class='ocrx_word' id='word_1_208' title='bbox 666 1976 899 2043; x_wconf 88' lang='grc' dir='ltr'>πρότεροι</span> <span class='ocrx_word' id='word_1_209' title='bbox 926 1975 1076 2043; x_wconf 90' lang='grc' dir='ltr'>λόγοι</span> <span class='ocrx_word' id='word_1_210' title='bbox 1105 1973 1238 2039; x_wconf 80' lang='grc' dir='ltr'>ἦσαν</span> <span class='ocrx_word' id='word_1_211' title='bbox 1261 1974 1489 2040; x_wconf 87' lang='grc' dir='ltr'>ἀληθέες.</span> <span class='ocrx_word' id='word_1_212' title='bbox 1564 1976 1806 2042; x_wconf 88' lang='grc' dir='ltr'>πρότερον</span> <span class='ocrx_word' id='word_1_213' title='bbox 1847 1996 1873 2038; x_wconf 88' lang='lat'>4</span> 
     </span>
     <span class='ocr_line' id='line_1_23' title="bbox 134 2058 1806 2128; baseline 0 -17"><span class='ocrx_word' id='word_1_214' title='bbox 134 2061 228 2127; x_wconf 76' lang='grc' dir='ltr'>γὰρ</span> <span class='ocrx_word' id='word_1_215' title='bbox 251 2058 310 2124; x_wconf 82' lang='grc' dir='ltr'>δὴ</span> <span class='ocrx_word' id='word_1_216' title='bbox 332 2058 429 2128; x_wconf 82' lang='grc' dir='ltr'>ἄρα</span> <span class='ocrx_word' id='word_1_217' title='bbox 450 2058 692 2128; x_wconf 90' lang='grc' dir='ltr'>Περσέων</span> <span class='ocrx_word' id='word_1_218' title='bbox 723 2062 770 2112; x_wconf 83' lang='grc' dir='ltr'>οἱ</span> <span class='ocrx_word' id='word_1_219' title='bbox 801 2058 1052 2127; x_wconf 89' lang='grc' dir='ltr'>συνέδρων</span> <span class='ocrx_word' id='word_1_220' title='bbox 1077 2060 1261 2113; x_wconf 82' lang='grc' dir='ltr'>ἐόντων</span> <span class='ocrx_word' id='word_1_221' title='bbox 1294 2060 1372 2112; x_wconf 87' lang='grc' dir='ltr'>καὶ</span> <span class='ocrx_word' id='word_1_222' title='bbox 1398 2059 1617 2127; x_wconf 90' lang='grc' dir='ltr'>Κροίσου</span> <span class='ocrx_word' id='word_1_223' title='bbox 1647 2061 1806 2126; x_wconf 87' lang='grc' dir='ltr'>εἴρετο</span> 
     </span>
     <span class='ocr_line' id='line_1_24' title="bbox 134 2143 1806 2212; baseline 0.001 -18"><span class='ocrx_word' id='word_1_224' title='bbox 134 2143 161 2194; x_wconf 91' lang='lat'><em>6</em></span> <span class='ocrx_word' id='word_1_225' title='bbox 193 2145 475 2210; x_wconf 91' lang='grc' dir='ltr'>Καμβύσης</span> <span class='ocrx_word' id='word_1_226' title='bbox 515 2146 645 2199; x_wconf 84' lang='grc' dir='ltr'>κοῖός</span> <span class='ocrx_word' id='word_1_227' title='bbox 681 2166 755 2199; x_wconf 92' lang='grc' dir='ltr'>τις</span> <span class='ocrx_word' id='word_1_228' title='bbox 791 2143 955 2197; x_wconf 90' lang='grc' dir='ltr'>δοκέοι</span> <span class='ocrx_word' id='word_1_229' title='bbox 993 2143 1117 2211; x_wconf 81' lang='grc' dir='ltr'>ἀνὴρ</span> <span class='ocrx_word' id='word_1_230' title='bbox 1160 2144 1286 2198; x_wconf 78' lang='grc' dir='ltr'>εἶναι</span> <span class='ocrx_word' id='word_1_231' title='bbox 1327 2143 1449 2212; x_wconf 87' lang='grc' dir='ltr'>πρὸς</span> <span class='ocrx_word' id='word_1_232' title='bbox 1489 2143 1576 2197; x_wconf 86' lang='grc' dir='ltr'>τὸν</span> <span class='ocrx_word' id='word_1_233' title='bbox 1615 2143 1806 2211; x_wconf 87' lang='grc' dir='ltr'>πατέρα</span> 
     </span>
     <span class='ocr_line' id='line_1_25' title="bbox 134 2223 1806 2296; baseline 0.001 -18"><span class='ocrx_word' id='word_1_234' title='bbox 134 2223 378 2296; x_wconf 86' lang='grc' dir='ltr'>[τελέσαι]</span> <span class='ocrx_word' id='word_1_235' title='bbox 431 2233 610 2296; x_wconf 69' lang='grc' dir='ltr'>Κῦρον*</span> <span class='ocrx_word' id='word_1_236' title='bbox 679 2232 726 2282; x_wconf 83' lang='grc' dir='ltr'>οἱ</span> <span class='ocrx_word' id='word_1_237' title='bbox 778 2231 832 2282; x_wconf 80' lang='grc' dir='ltr'>δὲ</span> <span class='ocrx_word' id='word_1_238' title='bbox 882 2230 1156 2295; x_wconf 88' lang='grc' dir='ltr'>ἀμείβοντο</span> <span class='ocrx_word' id='word_1_239' title='bbox 1208 2230 1273 2283; x_wconf 83' lang='grc' dir='ltr'>ὡς</span> <span class='ocrx_word' id='word_1_240' title='bbox 1324 2231 1398 2294; x_wconf 85' lang='grc' dir='ltr'>εἵη</span> <span class='ocrx_word' id='word_1_241' title='bbox 1450 2230 1668 2295; x_wconf 89' lang='grc' dir='ltr'>ἀμείνων</span> <span class='ocrx_word' id='word_1_242' title='bbox 1718 2233 1806 2281; x_wconf 82' lang='grc' dir='ltr'>τοῦ</span> 
     </span>
     <span class='ocr_line' id='line_1_26' title="bbox 49 2312 1802 2383; baseline 0 -18"><span class='ocrx_word' id='word_1_243' title='bbox 49 2331 111 2374; x_wconf 75' lang='lat'>25</span> <span class='ocrx_word' id='word_1_244' title='bbox 135 2314 334 2380; x_wconf 91' lang='grc' dir='ltr'>πατρός·</span> <span class='ocrx_word' id='word_1_245' title='bbox 388 2313 450 2365; x_wconf 88' lang='grc' dir='ltr'>τά</span> <span class='ocrx_word' id='word_1_246' title='bbox 489 2335 543 2366; x_wconf 92' lang='grc' dir='ltr'>τε</span> <span class='ocrx_word' id='word_1_247' title='bbox 586 2316 683 2381; x_wconf 76' lang='grc' dir='ltr'>γὰρ</span> <span class='ocrx_word' id='word_1_248' title='bbox 728 2314 918 2367; x_wconf 90' lang='grc' dir='ltr'>ἐκείνου</span> <span class='ocrx_word' id='word_1_249' title='bbox 962 2312 1125 2367; x_wconf 86' lang='grc' dir='ltr'>πάντα</span> <span class='ocrx_word' id='word_1_250' title='bbox 1160 2314 1295 2383; x_wconf 82' lang='grc' dir='ltr'>ἔχειν</span> <span class='ocrx_word' id='word_1_251' title='bbox 1332 2313 1483 2366; x_wconf 84' lang='grc' dir='ltr'>αὐτὸν</span> <span class='ocrx_word' id='word_1_252' title='bbox 1521 2314 1600 2366; x_wconf 84' lang='grc' dir='ltr'>καὶ</span> <span class='ocrx_word' id='word_1_253' title='bbox 1644 2335 1802 2381; x_wconf 89' lang='grc' dir='ltr'>προσ-</span> 
     </span>
     <span class='ocr_line' id='line_1_27' title="bbox 138 2397 1869 2466; baseline 0.002 -18"><span class='ocrx_word' id='word_1_254' title='bbox 138 2399 374 2462; x_wconf 84' lang='grc' dir='ltr'>εκτῆσθαι</span> <span class='ocrx_word' id='word_1_255' title='bbox 420 2399 675 2466; x_wconf 82' lang='grc' dir='ltr'>Αἴγυπτόν</span> <span class='ocrx_word' id='word_1_256' title='bbox 726 2420 781 2452; x_wconf 89' lang='grc' dir='ltr'>τε</span> <span class='ocrx_word' id='word_1_257' title='bbox 830 2398 910 2450; x_wconf 86' lang='grc' dir='ltr'>καὶ</span> <span class='ocrx_word' id='word_1_258' title='bbox 948 2397 1038 2462; x_wconf 84' lang='grc' dir='ltr'>τὴν</span> <span class='ocrx_word' id='word_1_259' title='bbox 1088 2397 1371 2451; x_wconf 90' lang='grc' dir='ltr'>θάλασσαν.</span> <span class='ocrx_word' id='word_1_260' title='bbox 1469 2398 1669 2466; x_wconf 89' lang='grc' dir='ltr'>Πέρσαι</span> <span class='ocrx_word' id='word_1_261' title='bbox 1713 2401 1805 2464; x_wconf 80' lang='grc' dir='ltr'>μὲν</span> <span class='ocrx_word' id='word_1_262' title='bbox 1849 2421 1869 2466; x_wconf 84' lang='grc'><strong>5</strong></span> 
     </span>
     <span class='ocr_line' id='line_1_28' title="bbox 136 2483 1806 2551; baseline 0.003 -19"><span class='ocrx_word' id='word_1_263' title='bbox 136 2485 288 2533; x_wconf 84' lang='grc' dir='ltr'>ταῦτα</span> <span class='ocrx_word' id='word_1_264' title='bbox 328 2483 522 2551; x_wconf 82' lang='grc' dir='ltr'>ἔλεγον,</span> <span class='ocrx_word' id='word_1_265' title='bbox 563 2486 781 2551; x_wconf 85' lang='grc' dir='ltr'>Κροῖσος</span> <span class='ocrx_word' id='word_1_266' title='bbox 816 2486 870 2536; x_wconf 78' lang='grc' dir='ltr'>δὲ</span> <span class='ocrx_word' id='word_1_267' title='bbox 905 2483 1102 2550; x_wconf 89' lang='grc' dir='ltr'>παρεών</span> <span class='ocrx_word' id='word_1_268' title='bbox 1137 2505 1193 2536; x_wconf 89' lang='grc' dir='ltr'>τε</span> <span class='ocrx_word' id='word_1_269' title='bbox 1229 2483 1307 2536; x_wconf 87' lang='grc' dir='ltr'>καὶ</span> <span class='ocrx_word' id='word_1_270' title='bbox 1344 2483 1433 2535; x_wconf 81' lang='grc' dir='ltr'>οὐκ</span> <span class='ocrx_word' id='word_1_271' title='bbox 1471 2484 1806 2551; x_wconf 85' lang='grc' dir='ltr'>ἀρεσκόμενος</span> 
     </span>
     <span class='ocr_line' id='line_1_29' title="bbox 195 2617 1807 2672; baseline 0.001 -13"><span class='ocrx_word' id='word_1_272' title='bbox 195 2630 212 2656; x_wconf 92' lang='lat'>1</span> <span class='ocrx_word' id='word_1_273' title='bbox 254 2617 279 2667; x_wconf 83' lang='grc' dir='ltr'>ἣ</span> <span class='ocrx_word' id='word_1_274' title='bbox 313 2618 445 2672; x_wconf 81' lang='grc' dir='ltr'>θρίδαξ</span> <span class='ocrx_word' id='word_1_275' title='bbox 481 2619 507 2668; x_wconf 76' lang='grc' dir='ltr'>ἢ</span> <span class='ocrx_word' id='word_1_276' title='bbox 546 2618 674 2662; x_wconf 87' lang='grc' dir='ltr'>δασέα</span> <span class='ocrx_word' id='word_1_277' title='bbox 714 2618 796 2672; x_wconf 88' lang='lat' dir='ltr'>(sie</span> <span class='ocrx_word' id='word_1_278' title='bbox 833 2618 884 2672; x_wconf 87' lang='lat' dir='ltr'>L)</span> <span class='ocrx_word' id='word_1_279' title='bbox 916 2617 1154 2658; x_wconf 90' lang='lat' dir='ltr'><strong>ABCEP</strong></span> <span class='ocrx_word' id='word_1_280' title='bbox 1291 2622 1413 2661; x_wconf 81' lang='grc' dir='ltr'>ἐοῦσα</span> <span class='ocrx_word' id='word_1_281' title='bbox 1450 2633 1531 2661; x_wconf 89' lang='lat' dir='ltr'>om.</span> <span class='ocrx_word' id='word_1_282' title='bbox 1571 2620 1807 2661; x_wconf 84' lang='lat' dir='ltr'>ABCEP</span> 
     </span>
    </p>
   </div>
   <div class='ocr_carea' id='block_1_3' title="bbox 138 2672 1806 2778">
    <p class='ocr_par' dir='ltr' id='par_1_3' title="bbox 138 2672 1806 2778">
     <span class='ocr_line' id='line_1_30' title="bbox 138 2672 1806 2727; baseline 0.002 -15"><span class='ocrx_word' id='word_1_283' title='bbox 138 2672 219 2725; x_wconf 74' lang='grc' dir='ltr'>εἴη]</span> <span class='ocrx_word' id='word_1_284' title='bbox 240 2673 266 2722; x_wconf 81' lang='grc' dir='ltr'>ἢ</span> <span class='ocrx_word' id='word_1_285' title='bbox 287 2672 321 2713; x_wconf 90' lang='lat' dir='ltr'>C</span> <span class='ocrx_word' id='word_1_286' title='bbox 414 2676 581 2716; x_wconf 77' lang='grc' dir='ltr'>δασεῖαν</span> <span class='ocrx_word' id='word_1_287' title='bbox 602 2675 636 2713; x_wconf 93' lang='lat' dir='ltr'><strong>L</strong></span> <span class='ocrx_word' id='word_1_288' title='bbox 747 2688 772 2713; x_wconf 82' lang='lat'><strong>2</strong></span> <span class='ocrx_word' id='word_1_289' title='bbox 803 2673 854 2715; x_wconf 84' lang='grc' dir='ltr'>σύ</span> <span class='ocrx_word' id='word_1_290' title='bbox 874 2691 971 2715; x_wconf 86' lang='grc' dir='ltr'>κοτε</span> <span class='ocrx_word' id='word_1_291' title='bbox 993 2674 1032 2712; x_wconf 89' lang='lat' dir='ltr'><strong>R</strong></span> <span class='ocrx_word' id='word_1_292' title='bbox 1049 2674 1079 2713; x_wconf 91' lang='lat' dir='ltr'>S</span> <span class='ocrx_word' id='word_1_293' title='bbox 1093 2674 1132 2713; x_wconf 95' lang='lat' dir='ltr'>V</span> <span class='ocrx_word' id='word_1_294' title='bbox 1225 2675 1406 2725; x_wconf 83' lang='grc' dir='ltr'>ἐμιμήσω</span> <span class='ocrx_word' id='word_1_295' title='bbox 1428 2675 1458 2715; x_wconf 89' lang='lat' dir='ltr'>S</span> <span class='ocrx_word' id='word_1_296' title='bbox 1473 2676 1509 2713; x_wconf 95' lang='lat' dir='ltr'>V</span> <span class='ocrx_word' id='word_1_297' title='bbox 1528 2690 1536 2715; x_wconf 70' lang='grc' dir='ltr'>ε</span> <span class='ocrx_word' id='word_1_298' title='bbox 1567 2676 1806 2727; x_wconf 86' lang='grc' dir='ltr'>διεμιμήσαο</span> 
     </span>
     <span class='ocr_line' id='line_1_31' title="bbox 139 2726 1805 2778; baseline 0.003 -12"><span class='ocrx_word' id='word_1_299' title='bbox 139 2726 174 2766; x_wconf 89' lang='grc' dir='ltr'>Ε</span> <span class='ocrx_word' id='word_1_300' title='bbox 303 2738 328 2778; x_wconf 89' lang='grc'>5</span> <span class='ocrx_word' id='word_1_301' title='bbox 358 2728 629 2771; x_wconf 76' lang='grc' dir='ltr'>οἰκειοτάτους</span> <span class='ocrx_word' id='word_1_302' title='bbox 652 2729 691 2767; x_wconf 93' lang='lat' dir='ltr'>R</span> <span class='ocrx_word' id='word_1_303' title='bbox 707 2729 737 2769; x_wconf 90' lang='lat' dir='ltr'>S</span> <span class='ocrx_word' id='word_1_304' title='bbox 751 2728 788 2767; x_wconf 94' lang='lat' dir='ltr'>V</span> <span class='ocrx_word' id='word_1_305' title='bbox 915 2730 944 2768; x_wconf 88' lang='lat'><em>6</em></span> <span class='ocrx_word' id='word_1_306' title='bbox 973 2730 1092 2770; x_wconf 84' lang='grc' dir='ltr'>ἐώθεε</span> <span class='ocrx_word' id='word_1_307' title='bbox 1111 2728 1151 2768; x_wconf 92' lang='grc' dir='ltr'>Α</span> <span class='ocrx_word' id='word_1_308' title='bbox 1166 2729 1200 2767; x_wconf 91' lang='grc' dir='ltr'>Β</span> <span class='ocrx_word' id='word_1_309' title='bbox 1216 2729 1250 2768; x_wconf 92' lang='lat' dir='ltr'>C</span> <span class='ocrx_word' id='word_1_310' title='bbox 1382 2741 1405 2778; x_wconf 93' lang='lat'><strong>7</strong></span> <span class='ocrx_word' id='word_1_311' title='bbox 1435 2730 1539 2771; x_wconf 87' lang='grc' dir='ltr'>κακὰ</span> <span class='ocrx_word' id='word_1_312' title='bbox 1558 2744 1640 2770; x_wconf 87' lang='lat' dir='ltr'>om.</span> <span class='ocrx_word' id='word_1_313' title='bbox 1664 2730 1705 2770; x_wconf 85' lang='lat' dir='ltr'><strong>A</strong></span> <span class='ocrx_word' id='word_1_314' title='bbox 1720 2731 1755 2770; x_wconf 90' lang='grc' dir='ltr'>Β</span> <span class='ocrx_word' id='word_1_315' title='bbox 1770 2731 1805 2771; x_wconf 91' lang='lat' dir='ltr'>C</span> 
     </span>
    </p>
   </div>
   <div class='ocr_carea' id='block_1_4' title="bbox 138 2781 1806 3111">
    <p class='ocr_par' dir='ltr' id='par_1_4' title="bbox 138 2781 1806 3111">
     <span class='ocr_line' id='line_1_32' title="bbox 139 2781 1800 2838; baseline 0.001 -15"><span class='ocrx_word' id='word_1_316' title='bbox 139 2781 205 2834; x_wconf 87' lang='grc' dir='ltr'>ἐκ]</span> <span class='ocrx_word' id='word_1_317' title='bbox 228 2782 292 2824; x_wconf 77' lang='grc' dir='ltr'>καὶ</span> <span class='ocrx_word' id='word_1_318' title='bbox 314 2786 359 2824; x_wconf 83' lang='grc' dir='ltr'>ἐκ</span> <span class='ocrx_word' id='word_1_319' title='bbox 381 2782 422 2822; x_wconf 88' lang='lat' dir='ltr'>R</span> <span class='ocrx_word' id='word_1_320' title='bbox 437 2782 519 2823; x_wconf 95' lang='lat' dir='ltr'>SV</span> <span class='ocrx_word' id='word_1_321' title='bbox 706 2796 756 2824; x_wconf 87' lang='lat'>10</span> <span class='ocrx_word' id='word_1_322' title='bbox 783 2784 837 2826; x_wconf 79' lang='grc' dir='ltr'>τὰ</span> <span class='ocrx_word' id='word_1_323' title='bbox 857 2782 902 2825; x_wconf 82' lang='grc' dir='ltr'>δὲ</span> <span class='ocrx_word' id='word_1_324' title='bbox 924 2786 964 2825; x_wconf 81' lang='grc' dir='ltr'>ἐς</span> <span class='ocrx_word' id='word_1_325' title='bbox 986 2782 1121 2823; x_wconf 88' lang='lat' dir='ltr'>ABC</span> <span class='ocrx_word' id='word_1_326' title='bbox 1311 2797 1359 2824; x_wconf 88' lang='lat'>12</span> <span class='ocrx_word' id='word_1_327' title='bbox 1392 2783 1599 2838; x_wconf 67' lang='grc' dir='ltr'>ἐφόρεεζν)</span> <span class='ocrx_word' id='word_1_328' title='bbox 1623 2785 1672 2836; x_wconf 92' lang='lat' dir='ltr'>L,</span> <span class='ocrx_word' id='word_1_329' title='bbox 1693 2799 1800 2825; x_wconf 82' lang='lat' dir='ltr'>corr.</span> 
     </span>
     <span class='ocr_line' id='line_1_33' title="bbox 141 2836 1805 2891; baseline 0.002 -16"><span class='ocrx_word' id='word_1_330' title='bbox 141 2836 287 2876; x_wconf 82' lang='lat' dir='ltr'><strong>Naber</strong></span> <span class='ocrx_word' id='word_1_331' title='bbox 454 2850 502 2888; x_wconf 87' lang='lat'>13</span> <span class='ocrx_word' id='word_1_332' title='bbox 531 2855 578 2879; x_wconf 87' lang='grc' dir='ltr'>τε</span> <span class='ocrx_word' id='word_1_333' title='bbox 598 2851 682 2878; x_wconf 91' lang='lat' dir='ltr'>om.</span> <span class='ocrx_word' id='word_1_334' title='bbox 715 2838 821 2878; x_wconf 88' lang='lat' dir='ltr'>SV:</span> <span class='ocrx_word' id='word_1_335' title='bbox 852 2839 887 2880; x_wconf 91' lang='grc' dir='ltr'>δ’</span> <span class='ocrx_word' id='word_1_336' title='bbox 910 2838 945 2876; x_wconf 90' lang='grc' dir='ltr'>Ε</span> <span class='ocrx_word' id='word_1_337' title='bbox 1059 2840 1124 2880; x_wconf 83' lang='grc' dir='ltr'>καὶ</span> <span class='ocrx_word' id='word_1_338' title='bbox 1146 2851 1227 2877; x_wconf 89' lang='lat' dir='ltr'>om.</span> <span class='ocrx_word' id='word_1_339' title='bbox 1255 2839 1288 2877; x_wconf 89' lang='lat' dir='ltr'>P</span> <span class='ocrx_word' id='word_1_340' title='bbox 1460 2853 1504 2889; x_wconf 88' lang='lat'>14</span> <span class='ocrx_word' id='word_1_341' title='bbox 1536 2838 1612 2891; x_wconf 84' lang='grc' dir='ltr'>μέν</span> <span class='ocrx_word' id='word_1_342' title='bbox 1631 2858 1722 2882; x_wconf 82' lang='grc' dir='ltr'>τινα</span> <span class='ocrx_word' id='word_1_343' title='bbox 1744 2842 1777 2880; x_wconf 88' lang='lat' dir='ltr'><strong>C</strong></span> <span class='ocrx_word' id='word_1_344' title='bbox 1797 2855 1805 2879; x_wconf 93' lang='lat'>:</span> 
     </span>
     <span class='ocr_line' id='line_1_34' title="bbox 138 2891 1804 2948; baseline 0.003 -16"><span class='ocrx_word' id='word_1_345' title='bbox 138 2891 230 2934; x_wconf 75' lang='grc' dir='ltr'>τινά</span> <span class='ocrx_word' id='word_1_346' title='bbox 247 2908 299 2942; x_wconf 86' lang='grc' dir='ltr'>με</span> <span class='ocrx_word' id='word_1_347' title='bbox 322 2892 361 2931; x_wconf 90' lang='lat' dir='ltr'>R</span> <span class='ocrx_word' id='word_1_348' title='bbox 377 2892 407 2932; x_wconf 91' lang='lat' dir='ltr'>S</span> <span class='ocrx_word' id='word_1_349' title='bbox 420 2892 458 2930; x_wconf 94' lang='lat' dir='ltr'>V</span> <span class='ocrx_word' id='word_1_350' title='bbox 608 2905 658 2943; x_wconf 88' lang='lat'>15</span> <span class='ocrx_word' id='word_1_351' title='bbox 689 2896 783 2944; x_wconf 83' lang='grc' dir='ltr'>ἐμεῦ</span> <span class='ocrx_word' id='word_1_352' title='bbox 806 2894 844 2933; x_wconf 89' lang='lat' dir='ltr'>R</span> <span class='ocrx_word' id='word_1_353' title='bbox 859 2894 890 2933; x_wconf 89' lang='lat' dir='ltr'>S</span> <span class='ocrx_word' id='word_1_354' title='bbox 903 2894 942 2932; x_wconf 94' lang='lat' dir='ltr'>V</span> <span class='ocrx_word' id='word_1_355' title='bbox 1094 2906 1140 2943; x_wconf 93' lang='lat'>17</span> <span class='ocrx_word' id='word_1_356' title='bbox 1172 2893 1370 2935; x_wconf 85' lang='grc' dir='ltr'>ἐπαινέεαι</span> <span class='ocrx_word' id='word_1_357' title='bbox 1394 2894 1427 2932; x_wconf 93' lang='grc' dir='ltr'>Ρ</span> <span class='ocrx_word' id='word_1_358' title='bbox 1538 2895 1804 2948; x_wconf 84' lang='grc' dir='ltr'>προσκέεσθαι</span> 
     </span>
     <span class='ocr_line' id='line_1_35' title="bbox 138 2946 1801 3003; baseline 0.004 -18"><span class='ocrx_word' id='word_1_359' title='bbox 138 2946 372 2986; x_wconf 83' lang='lat' dir='ltr'><strong>ABCEP</strong></span> <span class='ocrx_word' id='word_1_360' title='bbox 547 2961 596 2998; x_wconf 90' lang='lat'>19</span> <span class='ocrx_word' id='word_1_361' title='bbox 623 2947 994 2990; x_wconf 66' lang='lat' dir='ltr'>0r0206ePRSV:</span> <span class='ocrx_word' id='word_1_362' title='bbox 1023 2947 1367 2989; x_wconf 67' lang='lat' dir='ltr'>wwffieABCE</span> <span class='ocrx_word' id='word_1_363' title='bbox 1528 2963 1582 2989; x_wconf 88' lang='lat'>20</span> <span class='ocrx_word' id='word_1_364' title='bbox 1610 2954 1700 3003; x_wconf 74' lang='grc' dir='ltr'>οἴνῳ</span> <span class='ocrx_word' id='word_1_365' title='bbox 1721 2964 1801 2991; x_wconf 87' lang='lat' dir='ltr'>om.</span> 
     </span>
     <span class='ocr_line' id='line_1_36' title="bbox 142 3000 1805 3059; baseline 0.004 -19"><span class='ocrx_word' id='word_1_366' title='bbox 142 3000 182 3039; x_wconf 91' lang='lat' dir='ltr'>R</span> <span class='ocrx_word' id='word_1_367' title='bbox 205 3001 236 3041; x_wconf 91' lang='lat' dir='ltr'>S</span> <span class='ocrx_word' id='word_1_368' title='bbox 255 3001 295 3040; x_wconf 94' lang='lat' dir='ltr'>V</span> <span class='ocrx_word' id='word_1_369' title='bbox 415 3002 759 3056; x_wconf 84' lang='grc' dir='ltr'>προσκεισάμενον</span> <span class='ocrx_word' id='word_1_370' title='bbox 799 3003 839 3043; x_wconf 91' lang='lat' dir='ltr'><strong>R</strong></span> <span class='ocrx_word' id='word_1_371' title='bbox 861 3003 892 3043; x_wconf 90' lang='lat' dir='ltr'>S</span> <span class='ocrx_word' id='word_1_372' title='bbox 913 3003 952 3042; x_wconf 95' lang='lat' dir='ltr'>V</span> <span class='ocrx_word' id='word_1_373' title='bbox 1117 3016 1166 3042; x_wconf 86' lang='lat'>21</span> <span class='ocrx_word' id='word_1_374' title='bbox 1217 3003 1399 3053; x_wconf 80' lang='grc' dir='ltr'>ἀληθέες·</span> <span class='ocrx_word' id='word_1_375' title='bbox 1446 3005 1590 3047; x_wconf 81' lang='grc' dir='ltr'>αὐτίκα</span> <span class='ocrx_word' id='word_1_376' title='bbox 1622 3007 1671 3055; x_wconf 81' lang='grc' dir='ltr'>δὴ</span> <span class='ocrx_word' id='word_1_377' title='bbox 1704 3009 1805 3059; x_wconf 78' lang='grc' dir='ltr'>εἴσῃ·</span> 
     </span>
     <span class='ocr_line' id='line_1_37' title="bbox 139 3055 1806 3111; baseline 0.003 -16"><span class='ocrx_word' id='word_1_378' title='bbox 139 3055 333 3110; x_wconf 82' lang='grc' dir='ltr'>πρότερον</span> <span class='ocrx_word' id='word_1_379' title='bbox 368 3057 403 3096; x_wconf 87' lang='grc' dir='ltr'><strong>Ε</strong></span> <span class='ocrx_word' id='word_1_380' title='bbox 567 3071 620 3108; x_wconf 85' lang='lat'>23</span> <span class='ocrx_word' id='word_1_381' title='bbox 662 3061 683 3099; x_wconf 83' lang='lat'><em>6</em></span> <span class='ocrx_word' id='word_1_382' title='bbox 717 3071 799 3099; x_wconf 88' lang='lat' dir='ltr'><strong>orn.</strong></span> <span class='ocrx_word' id='word_1_383' title='bbox 835 3057 1071 3098; x_wconf 88' lang='lat' dir='ltr'>ABCEP</span> <span class='ocrx_word' id='word_1_384' title='bbox 1182 3059 1311 3100; x_wconf 83' lang='grc' dir='ltr'>δοκέει</span> <span class='ocrx_word' id='word_1_385' title='bbox 1343 3059 1378 3098; x_wconf 86' lang='grc' dir='ltr'>Ε</span> <span class='ocrx_word' id='word_1_386' title='bbox 1542 3074 1596 3111; x_wconf 86' lang='lat'>24</span> <span class='ocrx_word' id='word_1_387' title='bbox 1635 3061 1806 3102; x_wconf 84' lang='grc' dir='ltr'>τελέσαι</span> 
     </span>
    </p>
   </div>
   <div class='ocr_carea' id='block_1_5' title="bbox 141 3111 1807 3168">
    <p class='ocr_par' dir='ltr' id='par_1_5' title="bbox 141 3111 1807 3168">
     <span class='ocr_line' id='line_1_38' title="bbox 141 3111 1807 3168; baseline 0.002 -18"><span class='ocrx_word' id='word_1_388' title='bbox 141 3124 223 3153; x_wconf 89' lang='lat' dir='ltr'>om.</span> <span class='ocrx_word' id='word_1_389' title='bbox 238 3111 272 3150; x_wconf 89' lang='lat' dir='ltr'>E</span> <span class='ocrx_word' id='word_1_390' title='bbox 291 3124 302 3151; x_wconf 74' lang='grc' dir='ltr'>τ</span> <span class='ocrx_word' id='word_1_391' title='bbox 331 3117 503 3154; x_wconf 81' lang='grc' dir='ltr'>καλὲσαι</span> <span class='ocrx_word' id='word_1_392' title='bbox 525 3112 678 3165; x_wconf 82' lang='grc' dir='ltr'>&lt;·εὓσαι</span> <span class='ocrx_word' id='word_1_393' title='bbox 692 3114 723 3165; x_wconf 73' lang='lat'>2)</span> <span class='ocrx_word' id='word_1_394' title='bbox 742 3114 775 3154; x_wconf 93' lang='lat' dir='ltr'>C</span> <span class='ocrx_word' id='word_1_395' title='bbox 795 3126 805 3153; x_wconf 70' lang='grc' dir='ltr'>ε</span> <span class='ocrx_word' id='word_1_396' title='bbox 836 3112 993 3155; x_wconf 59' lang='lat' dir='ltr'>findam</span> <span class='ocrx_word' id='word_1_397' title='bbox 1011 3113 1132 3154; x_wconf 84' lang='lat' dir='ltr'>Stein</span> <span class='ocrx_word' id='word_1_398' title='bbox 1245 3126 1298 3166; x_wconf 85' lang='lat'>25</span> <span class='ocrx_word' id='word_1_399' title='bbox 1319 3115 1652 3168; x_wconf 76' lang='grc' dir='ltr'>προσκτήσασθαι</span> <span class='ocrx_word' id='word_1_400' title='bbox 1671 3115 1709 3153; x_wconf 88' lang='lat' dir='ltr'>R</span> <span class='ocrx_word' id='word_1_401' title='bbox 1726 3116 1755 3155; x_wconf 90' lang='lat' dir='ltr'>S</span> <span class='ocrx_word' id='word_1_402' title='bbox 1770 3116 1807 3154; x_wconf 98' lang='lat' dir='ltr'>V</span> 
     </span>
    </p>
   </div>
  </div>
 </body>
</html>
