2098 3320
51 127 196 187 Hss7

854 123 1283 173 ΗΡΟΔΟΤΟὙ

137 252 202 311 38
241 256 392 306 ἐπεὰν
424 253 479 305 δέ
507 251 581 307 τις
611 253 853 326 ἀποθάνῃ,
885 256 1059 307 τούτου
1090 256 1116 304 ὁ
1147 260 1262 309 παῖς
1293 256 1710 307 ἀντικατίσταται.
1785 253 1899 310 τοὺς

169 951 192 993 Q.)

239 341 292 390 δὲ
338 343 462 404 βοῦς
509 338 623 392 τοὺς
671 340 879 407 ἔρσενας
926 345 1012 390 τοῦ
1060 339 1294 407 Ἐπάφου
1341 341 1466 391 εἶναι
1517 341 1770 405 νομίζουσι
1818 342 1900 392 καὶ

238 422 414 474 τούτου
451 425 614 475 εἵνεκα
655 423 973 489 δοκιμάζουσι
1010 423 1185 477 αὐτοὺς
1221 425 1331 476 ὧδε·
1378 426 1525 491 τρίχα
1565 419 1624 487 ἢν
1659 425 1742 475 καὶ
1781 427 1900 489 μίαν

237 508 396 571 ἴδηται
420 509 664 560 ἐπεοῦσαν
686 508 942 573 μέλαιναν,
970 508 1026 558 οὐ
1051 509 1266 575 καθαρὸν
1291 507 1416 560 εἶναι
1440 508 1641 572 νομίζει.
1711 509 1899 573 δίζηται

235 593 290 642 δὲ
333 596 486 643 ταῦτα
527 593 608 644 ἐπὶ
649 593 804 661 τούτῳ
846 592 1146 659 τεταγμένος
1185 598 1284 644 τῶν
1325 614 1398 646 τις
1441 592 1584 658 ἱρέων
1630 592 1708 643 καὶ
1751 594 1898 660 ὀρθοῦ
1920 613 1944 654 5

235 677 480 730 ἑστεῶτος
521 681 606 728 τοῦ
651 675 851 740 κτήνεος
894 678 972 728 καὶ
1012 678 1186 729 ὑπτίου
1227 677 1305 729 καὶ
1348 676 1438 740 τὴν
1479 681 1726 743 γλῶσσαν
1768 675 1892 742 ἐξει-

231 760 403 826 ρύσας,
452 762 495 812 εἰ
542 761 726 826 καθαρὴ
774 765 871 812 τῶν
915 760 1251 827 προκειμένων
1297 762 1540 826 σημηίων,
1587 763 1647 812 τᾶ
1694 761 1794 828 ἐγὼ
1831 763 1925 821 ἐν,

232 843 373 914 ἄλλῳ
417 846 554 915 λόγῳ
600 844 736 912 ἐρέω.
827 852 1008 915 κατορᾷ
1051 847 1104 897 δὲ
1152 845 1229 896 καὶ
1272 847 1359 897 τὰς
1405 847 1578 912 τρίχας
1621 848 1708 909 τῆς
1750 845 1896 913 οὐρῆς

234 930 276 980 εἰ
319 931 442 980 κατὰ
482 929 639 996 φύσιν
677 930 784 997 ἔχει
825 931 1114 996 πεφυκυίας.
1207 925 1269 994 ἢν
1309 932 1363 982 δὲ
1403 930 1589 982 τούτων
1630 928 1830 982 πάντων
1863 929 1895 1003 ᾖ

234 1015 460 1080 καθαρός,
502 1015 797 1078 σημαίνεται
841 1014 1025 1083 βύβλῳ
1072 1014 1183 1080 περὶ
1229 1016 1288 1064 τὰ
1335 1013 1478 1080 κέρεα
1524 1007 1769 1065 εἱλίσσων
1815 1016 1893 1067 καὶ
1922 1030 1970 1061 10

230 1096 402 1149 ἔπειτα
434 1101 528 1165 γῆν
553 1099 860 1164 σημαντρίδα
885 1097 1172 1152 ἐπιπλάσας
1195 1098 1468 1163 ἐπιβάλλει
1492 1097 1578 1151 τὸν
1609 1097 1890 1155 δακτύλιον·

232 1183 311 1233 καὶ
359 1183 486 1234 οὕτω
534 1182 800 1250 ἀπάγουσι.
894 1181 1182 1247 ἀσήμαντον
1234 1185 1288 1234 δὲ
1340 1183 1548 1234 θύσαντι
1600 1181 1810 1236 θάνατος
1861 1183 1890 1248 ἡ

233 1266 376 1331 ζημίη
425 1268 680 1319 ἐπίκειται.
769 1265 1080 1331 δοκιμάζεται
1126 1266 1219 1332 μέν
1268 1288 1354 1319 νυν
1401 1266 1458 1318 τὸ
1504 1269 1679 1330 κτῆνος
1708 1267 1889 1337 γτρόπῳ

123 1359 193 1409 39
231 1354 418 1420 τοιῷδε,
453 1353 599 1415 θυσίη
637 1350 692 1403 δέ
728 1358 824 1418 σφι
860 1352 948 1415 ἥδε
986 1350 1273 1416 κατέστηκε·
1320 1352 1596 1418 ἀγαγόντες
1635 1350 1693 1402 τὸ
1732 1372 1887 1416 σεση-
1955 1413 1957 1415 ¹

228 1433 488 1499 μασμένον
541 1438 715 1499 κτῆνος
767 1434 887 1500 πρὸς
938 1434 1026 1487 τὸν
1077 1435 1255 1501 βωμὸν
1293 1436 1419 1487 ,ὅκου
1465 1435 1527 1487 ἂν
1572 1434 1746 1511 θύωσι,
1796 1440 1891 1502 πῦρ
1916 1452 1963 1494 15

229 1519 537 1578 ἀνακαίουσι,
572 1519 826 1571 ἕπειταδὲ
860 1518 935 1571 ἐπ’
967 1519 1117 1570 αὐτοῦ
1155 1519 1291 1571 οἶνον
1324 1521 1446 1571 κατὰ
1475 1522 1563 1574 τοῦ
1594 1519 1750 1588 ἱρηίου
1780 1520 2056 1577 ἐπι-,Πομ

230 1605 531 1657 σπείσαντες
577 1604 655 1655 καὶ
703 1602 1092 1656 ἐπικαλέσαντες
1140 1603 1228 1655 τὸν
1273 1603 1388 1655 θεὸν
1434 1602 1702 1671 σφάζουσι,
1750 1603 1884 1670 σφά-

227 1685 402 1751 ξαντες
446 1690 499 1740 δὲ
540 1686 882 1752 ἀποτάμνουσι
920 1686 1011 1751 τὴν
1042 1686 1299 1754 κεφαλήν.
1390 1692 1534 1752 σῶμα
1572 1689 1665 1752 μὲν
1704 1686 1762 1751 δὴ
1801 1692 1889 1739 τοῦ

228 1769 428 1835 κτήνεος
473 1772 704 1838 δείρουσι,
755 1772 952 1843 κεφαλῇ
997 1774 1051 1823 δὲ
1098 1772 1232 1843 κείνῃ
1277 1774 1444 1823 πολλὰ
1491 1770 1887 1837 καταρησάμενοι

227 1855 457 1923 φέρουσι,
490 1861 639 1908 ,τοῖσι
684 1858 776 1921 μὲν
822 1855 884 1908 ἂν
927 1854 959 1927 ᾗ
1004 1855 1159 1922 ἀγορὴ
1208 1856 1286 1907 καὶ
1324 1854 1578 1921 οΈλληνές
1622 1852 1721 1922 σφι
1752 1855 1885 1925 [ἔωσι
1911 1872 1963 1902 20

226 1939 476 2005 ἐπιδήμιοι
517 1940 737 2006 ἔμποροι,
778 1942 824 1992 οἱ
864 1942 918 1991 δὲ
959 1938 1200 2007 φέροντες
1237 1942 1286 1992 ἐς
1315 1939 1416 2004 ,τὴν
1457 1939 1643 2007 ἀγορὴν
1687 1938 1772 1991 ἀπ’
1817 1938 1885 1992 ὧν

227 2023 412 2084 ἔδοντο,
446 2029 580 2076 τοῖσι
611 2027 663 2076 δὲ
693 2023 753 2076 ἂν
782 2023 849 2090 μὴ
874 2022 1100 2090 παρέωσι
1121 2022 1388 2088 “Ελληνες,
1421 2024 1540 2076 οἶδ’
1571 2022 1893 2087 ἐκβάλλουσι·

226 2109 278 2161 ἐς
305 2108 392 2160 τὸν
422 2109 661 2174 ποταμόν.
751 2112 1056 2175 καταρῶνται
1087 2110 1140 2160 δὲ
1170 2107 1285 2159 τάδε
1315 2107 1550 2175 λέγοντες
1578 2109 1697 2180 τῇσι
1727 2114 1881 2174 κεφα-

225 2192 364 2262 λῇσι,
406 2195 451 2245 εἴ
491 2214 538 2244 τι
579 2191 758 2257 μέλλει
801 2188 830 2255 ἢ
878 2192 1033 2259 σφίσι
1077 2196 1212 2243 τοῖσι
1256 2192 1430 2243 θύουσι
1473 2188 1503 2256 ἢ
1545 2191 1777 2260 Αἰγύπτῳ
1821 2199 1883 2265 τῇ

227 2275 494 2347 συναπάσῃ
534 2275 686 2328 κακὸν
727 2274 982 2343 γενέσθαι,
1016 2277 1067 2328 ἐς
1108 2275 1333 2342 κεφαλὴν
1373 2275 1554 2340 ταύτην
1583 2274 1877 2342 τραπέσθαι.
1907 2282 1955 2336 25

226 2362 350 2411 κατὰ
379 2359 470 2426 μέν
501 2382 588 2412 νυν
617 2363 705 2414 τὰς
742 2362 967 2427 κεφαλὰς
1006 2364 1105 2411 τῶν
1143 2358 1394 2424 θυομένων
1431 2357 1645 2424 κτηνέων
1683 2359 1760 2410 καὶ
1790 2359 1881 2424 τὴν

223 2445 514 2496 ἐπίσπεισιν
544 2449 630 2496 τοῦ
661 2446 795 2510 οἴνου
819 2442 1000 2497 πάντες
1023 2444 1286 2509 Αἰγύπτιοι
1309 2445 1506 2508 νόμοισι
1530 2447 1662 2494 τοῖσι
1685 2442 1879 2495 αὐτοῖσι

279 2596 297 2622 1
332 2587 352 2625 ὃ
372 2597 453 2624 om.
477 2584 516 2622 R
533 2583 614 2623 SV
740 2584 919 2624 ἆντικαθ.
943 2582 982 2620 R
997 2581 1026 2620 S
1041 2582 1077 2620 V
1237 2595 1262 2619 2
1292 2582 1384 2623 τοὺς
1405 2594 1484 2620 om.
1513 2581 1593 2620 SV
1758 2592 1783 2629 3
1814 2583 1879 2623 καὶ

221 2651 304 2679 om.
338 2639 371 2677 C
565 2652 591 2688 4
631 2641 822 2679 ἐνεοῦσαν
854 2636 988 2675 RSV
1180 2647 1205 2684 5
1245 2638 1308 2676 ἐπὶ
1337 2639 1459 2676 τοῦτο
1492 2636 1529 2674 R
1546 2635 1624 2674 SV
1749 2638 1816 2688 ἱερ.
1842 2636 1880 2674 V

220 2707 247 2743 9
287 2693 452 2743 πάντων
485 2706 566 2733 om.
605 2692 685 2731 SV
895 2704 945 2730 10
986 2691 1163 2732 ελίσσων
1197 2690 1281 2728 PR
1297 2691 1376 2729 SV
1584 2698 1630 2727 ΓΡ,
1675 2690 1738 2729 καὶ
1776 2690 1801 2738 ἦ
1842 2691 1875 2729 C

224 2760 272 2796 13
322 2747 439 2799 ζημία
478 2748 516 2786 R
533 2748 562 2787 S
574 2748 613 2786 V
747 2745 943 2787 ἐπικέεται
986 2746 1017 2783 L
1204 2756 1251 2793 15
1301 2744 1450 2785 θύσωσι
1490 2745 1523 2782 Ρ
1538 2744 1577 2781 R
1592 2744 1621 2782 S
1633 2743 1671 2781 V
1800 2749 1889 2798 πῦργ

220 2803 451 2843 ἀνακαίουσι
474 2802 673 2848 Bekker:
703 2801 830 2854 πυρὴν
849 2800 1006 2841 καίουσι
1027 2800 1061 2838 L
1214 2800 1263 2837 16
1292 2798 1337 2840 δὲ
1358 2812 1438 2837 om.
1464 2798 1503 2837 R
1518 2798 1596 2838 SV
1747 2797 1796 2836 18
1826 2801 1876 2849 δὴ

219 2870 299 2896 om.
329 2857 367 2896 A
382 2856 463 2894 BC
681 2869 730 2905 19
760 2855 918 2908 δέρουσι
941 2855 980 2892 R
995 2853 1075 2893 SV
1131 2892 1133 2896 ,
1186 2855 1219 2893 δ’
1242 2854 1393 2895 ἐκείνου
1416 2854 1446 2892 S
1558 2850 1874 2906 καταρησάμενοι

221 2910 260 2948 R
275 2911 304 2950 S
317 2911 355 2948 V
515 2924 567 2950 20
598 2912 722 2964 ἀγορὴ
739 2940 749 2950 .
761 2941 771 2949 .
790 2939 798 2948 .
813 2911 889 2958 τὴν
910 2922 989 2948 om.
1020 2909 1058 2947 R
1121 2947 1129 2954 ,
1163 2915 1288 2958 4σφισι
1308 2906 1347 2946 A>⁸
1362 2907 1396 2946 Β
1410 2907 1444 2946 C
1520 2923 1523 2926 ·
1610 2919 1659 2945 21
1692 2906 1872 2958 ἐπίδημοι

220 2964 255 3002 Ρ
268 2964 347 3003 SV
481 2979 490 2998 z
522 2979 574 3016 24
602 2964 749 3016 μέλλοι
769 2964 810 3003 Α
824 2963 858 3002 Β
874 2963 907 3001 C
922 2963 954 3001 P
970 2964 1010 3016 S*
1111 2964 1137 3012 ἤ
1157 2972 1275 3015 σφισι
1296 2962 1335 3000 R
1355 2975 1522 3012 quoque
1687 2964 1739 3000 26
1769 2963 1886 3019 κατὰ,

218 3032 302 3061 om.
326 3020 366 3060 R
531 3033 582 3069 27
614 3019 812 3060 ἐπίπεισιν
834 3017 873 3055 R
887 3017 925 3057 V
