2098 3320
771 182 1150 257 ι’ΣΤοΡιΩΝ
1211 207 1254 255 Α
1894 211 2039 274 1.148

191 337 554 407 συλλεγόμενοι
601 336 698 389 ἀπὸ
742 341 841 388 τῶν
886 337 1077 388 πολίων
1111 335 1286 390 Ἴωνες
1329 335 1548 404 ἄγεσκον
1592 335 1754 403 ὁρτήν,
1795 339 1852 409 τῇ

142 472 146 476 ,
192 422 364 474 ἔθεντο
383 422 566 486 οὕνομα
588 421 858 473 Πανιώνια.
905 420 1187 473 πεπόνθασι
1207 423 1260 472 δὲ
1279 421 1384 473 οὔτι
1400 423 1646 486 μοῧναιαὶ
1671 421 1853 474 Ἰώνων
1896 446 1919 476 2

187 506 330 573 ὁρταὶ
367 509 527 564 τοῦτο,
560 506 692 557 ἀλλὰ
732 506 809 558 καὶ
853 503 1118 570 Ἑλλήνων
1159 504 1571 571 πάντωνόμοίως
1607 508 1764 558 πᾶσαι
1804 508 1853 560 ἐς

192 590 347 643 τώυτὸ
365 589 566 657 γράμμα
584 595 870 648 τελευτῶσι,
886 588 1006 641 κατά
1026 611 1116 658 περ
1137 594 1235 642 τῶν
1247 589 1488 657 Περσέων
1506 592 1565 642 τὰ
1585 590 1846 656 οὐνόματα.

146 696 167 736 5
277 674 431 727 Αῧται
463 676 557 741 μὲν
580 673 646 727 αἱ
685 674 841 729 Ἰάδες
878 673 1052 728 πόλιές
1089 675 1203 732 εἰσι,
1239 676 1345 726 αἵδε
1386 677 1438 726 δὲ
1478 670 1571 740 <αἱ>
1605 676 1849 734 Αἰολίδες,
1892 687 1986 735 149

198 760 337 825 Κύμη
362 759 391 824 ἡ
424 761 667 825 Φρικωνὶς
700 758 991 825 καλεομένη,
1020 757 1252 826 Λήρισαι,
1275 758 1410 810 Νέον
1433 764 1615 828 τεῖχος,
1635 762 1850 825 Τῆμνος,

196 844 377 903 Κίλλα,
407 844 606 902 Νότιον,
641 844 969 911 Αἰγιρόεσσα,
994 843 1203 908 Πιτάνη,
1239 845 1456 910 Αἰγαῖαι,
1481 845 1693 911 Μύρινα,
1730 846 1849 911 Γρύ-

194 949 317 980 νεια·
385 927 526 980 αὗται
574 929 749 980 ἕνδεκα
798 927 1022 996 Αἰολέων
1059 929 1234 981 πόλιες
1271 930 1321 980 αἱ
1358 929 1576 996 ἀρχαῖαι·
1626 928 1852 996 μία.γάρ

193 1003 370 1080 σφεων
400 1013 652 1080 παρελύθη
690 1013 886 1079 Σμύρνη
924 1013 1017 1063 ὑπὸ
1055 1011 1254 1064 Ἰώνων·
1297 1011 1430 1077 ἦσαν
1465 1015 1559 1080 γὰρ
1599 1013 1676 1064 καὶ
1713 1013 1852 1064 αὗται

121 1116 170 1147 10
193 1097 412 1149 δυώδεκα
442 1099 491 1150 αἱ
523 1099 577 1149 ἐν
607 1099 666 1169 τῇ
696 1097 897 1167 ἠπείρῳ.
974 1097 1108 1149 οὗτοι
1140 1099 1192 1148 δὲ
1223 1098 1268 1148 οἱ
1307 1096 1514 1151 Αἰολέες
1554 1098 1722 1165 χώρην
1762 1100 1852 1163 μὲν
1894 1120 1917 1151 2
1941 1100 2032 1148 εσὲἰ

194 1182 373 1250 ἔτυχον
395 1183 652 1236 κτίσαντες
662 1181 1052 1247 ἀμείνωἸώνων,
1065 1180 1230 1248 ὡρέων
1251 1184 1303 1233 δὲ
1320 1181 1635 1245 ἥκουσανούκ
1656 1182 1849 1247 ὁμοίως.
1873 1195 2098 1267 ma&

193 1266 424 1333 Σμύρνην
465 1269 518 1337 δὲ
558 1268 652 1318 ὧδε
692 1265 956 1332 ἀπέβαλον
995 1265 1219 1319 Αἰολέες·
1270 1267 1628 1332 Κολοφωνίους
1674 1265 1853 1332 ἄνδρας
1891 1281 1992 1333 150·

195 1349 348 1403 στάσι
386 1349 704 1404 ἑσσωθέντας
743 1352 822 1402 καὶ
861 1350 1168 1403 ἐκπεσόντας
1210 1352 1264 1401 ἐκ
1299 1353 1386 1414 τῆς
1422 1351 1654 1417 πατρίδος
1683 1349 1852 1402 ὑπεδέ-

193 1435 357 1499 ξαντο.
434 1437 557 1501 μετὰ
587 1438 641 1487 δὲ
671 1437 717 1487 οἱ
754 1434 974 1503 φυγάδες
1013 1439 1111 1486 τῶν
1155 1434 1499 1510 Κολοφωνίων
1541 1433 1852 1505 φυλάξαντες

121 1537 168 1580 15
193 1519 307 1573 τοὺς
337 1520 643 1587 Σμυρναίους
679 1519 828 1587 ὁρτὴν
873 1517 966 1584 ἔξω
1002 1520 1198 1588 τείχεος
1238 1517 1557 1584 ποιευμένους
1600 1519 1850 1588 Διονύσῳ,

193 1605 280 1657 τὰς
309 1604 471 1658 πύλας
507 1605 907 1672 ἀποκληίσαντες
939 1603 1097 1671 ἔσχον
1127 1603 1218 1667 τὴν
1249 1604 1411 1656 πόλιν.
1486 1602 1853 1669 βοηθησάντων
1889 1625 1913 1656 2

193 1690 248 1740 δὲ
287 1687 489 1741 πάντων
530 1688 755 1740 Αἰολέων
793 1689 1034 1760 ὁμολογίῃ
1076 1686 1358 1756 ἐχρήσαντο
1396 1689 1457 1738 τὰ
1497 1687 1686 1741 ἔπιπλα
1726 1689 1849 1739 ἀπο-

194 1772 381 1825 δόντων
410 1778 508 1825 τῶν
532 1772 713 1825 Ἰώνων
739 1775 962 1825 ἐκλιπεῖν
987 1772 1216 1840 Σμύρνην
1242 1771 1470 1826 Αἰολέας.
1535 1771 1852 1837 ποιησάντων

194 1859 247 1909 δὲ
286 1861 438 1910 ταῦτα
473 1859 764 1925 Σμυρναίων
805 1857 1136 1909 ἐπιδιείλοντό
1171 1863 1337 1925 σφεας
1377 1859 1426 1908 αἱ
1467 1856 1640 1908 ἕνδεκα
1679 1858 1851 1909 πόλιες

120 1960 170 1989 20
195 1942 274 1994 καὶ
306 1940 609 2007 ἐποιήσαντο
642 1941 817 2010 σφέων
853 1941 1039 1993 αὐτέων
1070 1939 1327 2006 πολιήτας.
1375 1941 1516 1993 αὗται
1546 1941 1638 2006 μέν
1676 1963 1761 1993 νυν
1802 1943 1852 1993 αἱ
1891 1952 1967 2004 151

193 2025 512 2093 ἠπειρώτιδες
543 2028 774 2081 Αἰολίδες
805 2027 993 2086 πόλιες,
1028 2024 1121 2091 ἔξω
1145 2031 1243 2078 τῶν
1268 2026 1320 2077 ἐν
1339 2026 1396 2097 τῇ
1419 2024 1529 2097 Ἴδῃ
1560 2025 1849 2091 οἰκημένων·

194 2112 520 2179 κεχωρίδαται
549 2112 645 2178 γὰρ
670 2111 830 2163 αὗται.
876 2113 926 2163 αἱ
956 2113 1117 2163 δὲτὰς
1147 2108 1331 2175 νήσους
1352 2110 1562 2178 ἔχουσαι
1591 2109 1739 2163 πέντε
1762 2112 1852 2175 μὲν
1888 2130 1912 2161 2

192 2195 367 2250 πόλιες
394 2195 486 2260 τὴν
514 2194 723 2261 Λέσβον
755 2192 1121 2261 νέμονταικ(τὴν
1157 2196 1253 2262 γὰρ
1290 2195 1436 2259 ἕκτην
1478 2196 1532 2246 ἐν
1571 2195 1629 2266 τῇ
1664 2192 1851 2264 Λέσβῳ

193 2278 479 2346 οἰκεομένην
497 2278 750 2347 Ἀρίσβαν
767 2279 1138 2347 ἠνδραπόδισαν
1160 2281 1492 2344 Μηθυμναῖοι,
1517 2279 1687 2332 ἐόντας
1712 2279 1849 2344 ὁμαί-

96 2366 167 2424 -25
190 2363 344 2430 μους),
378 2366 430 2416 ἐν
452 2363 649 2434 Τενέδῳ
680 2367 733 2417 δὲ
761 2365 851 2430 μία
881 2363 1093 2415 οἰκέεται
1124 2364 1288 2422 πόλις,
1313 2363 1390 2415 καὶ
1423 2365 1475 2415 ἐν
1498 2363 1853 2439 τῇσιῘΕκατόν

190 2446 394 2512 νήσοισι
443 2448 778 2522 καλεομένῃσι
828 2447 959 2513 ἄλλη
1007 2449 1110 2514 μία.
1187 2449 1462 2513 Λεσβίοισι
1512 2447 1604 2513 μέν
1644 2469 1731 2500 νυν
1775 2447 1852 2498 καὶ
1887 2466 1911 2509 3

189 2534 488 2592 Τενεδίοισι,
530 2532 652 2584 κατά
688 2555 780 2600 περ
810 2532 992 2585 Ἰώνων
1033 2537 1168 2584 τοῖσι
1207 2534 1295 2586 τὰς
1335 2530 1517 2596 νήσους
1557 2532 1751 2599 ἔχουσι,
1791 2530 1851 2595 ἦν

191 2616 354 2669 δεινὸν
385 2616 542 2669 οὐδέν.
607 2619 719 2690 τῇσι
750 2620 804 2670 δὲ
833 2619 1046 2689 λοιπῇσι
1077 2618 1254 2669 πόλισι
1280 2617 1393 2669 ἕαδε
1415 2617 1551 2688 κοινῇ
1568 2615 1714 2667 Ἴωσι
1739 2615 1848 2667 ἔπε-

191 2703 310 2753 σθαι
339 2702 397 2774 τῇ
429 2701 489 2754 ἂν
520 2701 654 2754 οὗτοι
695 2700 1009 2769 ἐξηγέωνται.

244 2851 323 2889 2-4
351 2838 574 2881 πεπόνθασι
598 2870 606 2878 .
636 2870 645 2879 .
668 2870 676 2880 .
702 2838 904 2891 οὐνόματα
925 2838 1005 2879 del.
1031 2838 1155 2879 Stein
1323 2852 1361 2894 4,
1378 2839 1426 2879 τὸ
1448 2839 1545 2879 αὐτὸ
1566 2837 1605 2877 Α
1757 2850 1781 2887 5
1815 2839 1854 2878 αἱ

188 2894 284 2934 add.
309 2893 448 2934 Aldus
639 2895 666 2932 6
694 2898 849 2946 Τῆμνος
878 2894 1092 2934 Holsten:
1122 2896 1247 2942 Τῆνος
1270 2893 1304 2931 L
1499 2906 1520 2943 7
1552 2892 1770 2947 Αἰγιρόεσα
1791 2893 1851 2932 C:

188 2950 459 3001 Αἷγειροῦσσα
479 2949 629 3000 Steph.
656 2949 758 2999 Byz.
784 2962 861 2990 s.V.
974 2949 1122 3001 Αἶγαία
1142 2949 1175 2987 C
1307 2948 1332 2986 8
1362 2949 1402 2988 αἱ
1422 2961 1503 2987 om.
1530 2947 1563 2987 C
1579 2947 1611 2986 P
1722 2961 1749 2998 9
1780 2949 1853 2988 ὑπὸ

191 3001 333 3045 Ἰώνων
352 3003 437 3055 Σμύ
463 3021 511 3054 νη
532 3003 671 3044 Aldus
819 3018 868 3044 10
897 3005 1051 3045 δώδεκα
1073 3006 1115 3044 ἐν
1134 3003 1309 3056 τηπείρῳ
1331 3002 1364 3041 C
1483 3016 1529 3041 12
1560 3003 1584 3043 ἀ
1670 3010 1799 3044 αλλον
1820 3002 1853 3040 C

192 3070 241 3109 19
270 3064 427 3112 Σμυρνα
443 3076 498 3101 ων
517 3059 598 3100 del.
622 3058 742 3100 Stein
909 3071 959 3108 24
991 3062 1077 3100 Μεθ
1114 3058 1147 3096 L
1549 3076 1551 3078 ·

1642 3170 1691 3212 6*
