<?xml version="1.0" encoding="UTF-8"?>
<!DOCTYPE html PUBLIC "-//W3C//DTD XHTML 1.0 Transitional//EN"
    "http://www.w3.org/TR/xhtml1/DTD/xhtml1-transitional.dtd">
<html xmlns="http://www.w3.org/1999/xhtml" xml:lang="en" lang="en">
 <head>
  <title>
</title>
<meta http-equiv="Content-Type" content="text/html;charset=utf-8" />
  <meta name='ocr-system' content='tesseract 3.04.00' />
  <meta name='ocr-capabilities' content='ocr_page ocr_carea ocr_par ocr_line ocrx_word'/>
</head>
<body>
  <div class='ocr_page' id='page_1' title='image "./herodotihistoria01herouoft_0123.png"; bbox 0 0 2098 3320; ppageno 0'>
   <div class='ocr_carea' id='block_1_1' title="bbox 787 122 2057 186">
    <p class='ocr_par' dir='ltr' id='par_1_1' title="bbox 787 122 2057 186">
     <span class='ocr_line' id='line_1_1' title="bbox 787 122 2057 186; baseline 0.002 -17"><span class='ocrx_word' id='word_1_1' title='bbox 787 122 1168 169; x_wconf 75' lang='grc' dir='ltr'>,ιΣΤοΡιΩΝ</span> <span class='ocrx_word' id='word_1_2' title='bbox 1231 122 1272 168; x_wconf 82' lang='grc' dir='ltr'>Α</span> <span class='ocrx_word' id='word_1_3' title='bbox 1904 125 2057 186; x_wconf 89' lang='lat'>1.194</span> 
     </span>
    </p>
   </div>
   <div class='ocr_carea' id='block_1_2' title="bbox 0 252 2098 2984">
    <p class='ocr_par' dir='ltr' id='par_1_2' title="bbox 0 252 2098 2984">
     <span class='ocr_line' id='line_1_2' title="bbox 199 252 1866 321; baseline -0.001 -15"><span class='ocrx_word' id='word_1_4' title='bbox 199 253 381 320; x_wconf 81' lang='grc' dir='ltr'>ἔξωθεν</span> <span class='ocrx_word' id='word_1_5' title='bbox 426 252 640 321; x_wconf 81' lang='grc' dir='ltr'>ἐδάφεος</span> <span class='ocrx_word' id='word_1_6' title='bbox 684 254 884 321; x_wconf 91' lang='grc' dir='ltr'>τρόπον,</span> <span class='ocrx_word' id='word_1_7' title='bbox 933 253 1046 306; x_wconf 81' lang='grc' dir='ltr'>οὔτε</span> <span class='ocrx_word' id='word_1_8' title='bbox 1089 253 1314 320; x_wconf 88' lang='grc' dir='ltr'>πρύμνην</span> <span class='ocrx_word' id='word_1_9' title='bbox 1359 253 1708 319; x_wconf 76' lang='grc' dir='ltr'>ἀποκρίνοντες</span> <span class='ocrx_word' id='word_1_10' title='bbox 1754 253 1866 305; x_wconf 83' lang='grc' dir='ltr'>οὔτε</span> 
     </span>
     <span class='ocr_line' id='line_1_3' title="bbox 199 336 2098 410; baseline -0.004 -18"><span class='ocrx_word' id='word_1_11' title='bbox 199 336 396 410; x_wconf 70' lang='grc' dir='ltr'>πρῴρην</span> <span class='ocrx_word' id='word_1_12' title='bbox 434 337 753 405; x_wconf 53' lang='grc' dir='ltr'>συνάγοντες,</span> <span class='ocrx_word' id='word_1_13' title='bbox 787 337 903 390; x_wconf 87' lang='grc' dir='ltr'>ἀλλ’</span> <span class='ocrx_word' id='word_1_14' title='bbox 935 339 1148 392; x_wconf 86' lang='grc' dir='ltr'>ἀσπίδος</span> <span class='ocrx_word' id='word_1_15' title='bbox 1178 339 1362 405; x_wconf 86' lang='grc' dir='ltr'>τρόπον</span> <span class='ocrx_word' id='word_1_16' title='bbox 1395 336 1691 404; x_wconf 71' lang='grc' dir='ltr'>κυκλοτερέα</span> <span class='ocrx_word' id='word_1_17' title='bbox 1721 336 2098 402; x_wconf 50' lang='lat' dir='ltr'>vomi-mmm</span> 
     </span>
     <span class='ocr_line' id='line_1_4' title="bbox 0 421 2052 493; baseline -0.001 -19"><span class='ocrx_word' id='word_1_18' title='bbox 0 433 133 472; x_wconf 66' lang='grc' dir='ltr'>’νιωῒ</span> <span class='ocrx_word' id='word_1_19' title='bbox 187 445 380 477; x_wconf 59' lang='grc' dir='ltr'>7σαντες</span> <span class='ocrx_word' id='word_1_20' title='bbox 439 424 518 475; x_wconf 89' lang='grc' dir='ltr'>καὶ</span> <span class='ocrx_word' id='word_1_21' title='bbox 579 421 802 488; x_wconf 69' lang='grc' dir='ltr'>καλάμης</span> <span class='ocrx_word' id='word_1_22' title='bbox 861 421 1149 488; x_wconf 86' lang='grc' dir='ltr'>πλήσαντες</span> <span class='ocrx_word' id='word_1_23' title='bbox 1212 427 1313 475; x_wconf 77' lang='grc' dir='ltr'>πᾶν</span> <span class='ocrx_word' id='word_1_24' title='bbox 1371 422 1427 474; x_wconf 86' lang='grc' dir='ltr'>τὸ</span> <span class='ocrx_word' id='word_1_25' title='bbox 1485 428 1664 474; x_wconf 86' lang='grc' dir='ltr'>πλοῖον</span> <span class='ocrx_word' id='word_1_26' title='bbox 1722 427 1865 473; x_wconf 90' lang='grc' dir='ltr'>τοῦτο</span> <span class='ocrx_word' id='word_1_27' title='bbox 2047 489 2052 493; x_wconf 14' lang='grc' dir='ltr'><strong>ἡ</strong></span> 
     </span>
     <span class='ocr_line' id='line_1_5' title="bbox 199 505 2098 584; baseline -0.002 -24"><span class='ocrx_word' id='word_1_28' title='bbox 199 510 391 583; x_wconf 67' lang='grc' dir='ltr'>ἀπιεῖσ-ι.</span> <span class='ocrx_word' id='word_1_29' title='bbox 415 509 556 584; x_wconf 39' lang='lat' dir='ltr'>&#39;tc-af}</span> <span class='ocrx_word' id='word_1_30' title='bbox 571 506 684 583; x_wconf 47' lang='grc' dir='ltr'>’τ’-ὸν</span> <span class='ocrx_word' id='word_1_31' title='bbox 706 507 951 582; x_wconf 46' lang='grc' dir='ltr'>’ποτομρν</span> <span class='ocrx_word' id='word_1_32' title='bbox 961 506 1253 576; x_wconf 51' lang='grc' dir='ltr'>-.φ-εζρεσθαι,</span> <span class='ocrx_word' id='word_1_33' title='bbox 1299 508 1519 575; x_wconf 86' lang='grc' dir='ltr'>φορτίων</span> <span class='ocrx_word' id='word_1_34' title='bbox 1559 505 2034 572; x_wconf 51' lang='grc' dir='ltr'>πλήσαντεςτυλη·</span> <span class='ocrx_word' id='word_1_35' title='bbox 2053 512 2098 571; x_wconf 63' lang='lat' dir='ltr'>{k</span> 
     </span>
     <span class='ocr_line' id='line_1_6' title="bbox 0 591 1863 661; baseline -0.003 -13"><span class='ocrx_word' id='word_1_36' title='bbox 0 602 76 648; x_wconf 65' lang='lat' dir='ltr'>»ka</span> <span class='ocrx_word' id='word_1_37' title='bbox 149 613 172 653; x_wconf 88' lang='lat'>5</span> <span class='ocrx_word' id='word_1_38' title='bbox 197 593 419 659; x_wconf 88' lang='grc' dir='ltr'>μάλιστα</span> <span class='ocrx_word' id='word_1_39' title='bbox 470 595 524 645; x_wconf 76' lang='grc' dir='ltr'>δὲ</span> <span class='ocrx_word' id='word_1_40' title='bbox 570 594 744 661; x_wconf 57' lang='grc' dir='ltr'>βί-κ-ρυς</span> <span class='ocrx_word' id='word_1_41' title='bbox 798 594 1106 660; x_wconf 87' lang='grc' dir='ltr'>φοινικηίους</span> <span class='ocrx_word' id='word_1_42' title='bbox 1160 591 1430 660; x_wconf 87' lang='grc' dir='ltr'>κατάγουσι</span> <span class='ocrx_word' id='word_1_43' title='bbox 1478 594 1613 645; x_wconf 84' lang='grc' dir='ltr'>οἴνου</span> <span class='ocrx_word' id='word_1_44' title='bbox 1666 591 1863 646; x_wconf 90' lang='grc' dir='ltr'>πλέους.</span> 
     </span>
     <span class='ocr_line' id='line_1_7' title="bbox 0 675 1924 744; baseline -0.001 -13"><span class='ocrx_word' id='word_1_45' title='bbox 0 690 147 738; x_wconf 58' lang='grc' dir='ltr'>μαι.</span> <span class='ocrx_word' id='word_1_46' title='bbox 199 678 414 730; x_wconf 84' lang='grc' dir='ltr'>ἰθύνεται</span> <span class='ocrx_word' id='word_1_47' title='bbox 456 680 509 730; x_wconf 82' lang='grc' dir='ltr'>δὲ</span> <span class='ocrx_word' id='word_1_48' title='bbox 553 677 652 730; x_wconf 88' lang='grc' dir='ltr'>ὑπό</span> <span class='ocrx_word' id='word_1_49' title='bbox 686 699 742 730; x_wconf 92' lang='grc' dir='ltr'>τε</span> <span class='ocrx_word' id='word_1_50' title='bbox 782 677 870 729; x_wconf 91' lang='grc' dir='ltr'>δύο</span> <span class='ocrx_word' id='word_1_51' title='bbox 911 675 1178 744; x_wconf 63' lang='grc' dir='ltr'>πλήκτρων</span> <span class='ocrx_word' id='word_1_52' title='bbox 1220 677 1298 729; x_wconf 89' lang='grc' dir='ltr'>καὶ</span> <span class='ocrx_word' id='word_1_53' title='bbox 1344 677 1428 729; x_wconf 91' lang='grc' dir='ltr'>δύο</span> <span class='ocrx_word' id='word_1_54' title='bbox 1471 678 1662 744; x_wconf 80' lang='grc' dir='ltr'>ἀνδρῶν</span> <span class='ocrx_word' id='word_1_55' title='bbox 1706 678 1866 744; x_wconf 83' lang='grc' dir='ltr'>ὀρθῶν</span> <span class='ocrx_word' id='word_1_56' title='bbox 1900 696 1924 740; x_wconf 84' lang='grc'>3</span> 
     </span>
     <span class='ocr_line' id='line_1_8' title="bbox 198 760 1864 829; baseline -0.001 -15"><span class='ocrx_word' id='word_1_57' title='bbox 198 762 472 822; x_wconf 82' lang='grc' dir='ltr'>ἑστεώτων,</span> <span class='ocrx_word' id='word_1_58' title='bbox 496 762 575 814; x_wconf 90' lang='grc' dir='ltr'>καὶ</span> <span class='ocrx_word' id='word_1_59' title='bbox 607 763 633 813; x_wconf 85' lang='grc' dir='ltr'>ὁ</span> <span class='ocrx_word' id='word_1_60' title='bbox 661 764 753 828; x_wconf 80' lang='grc' dir='ltr'>μὲν</span> <span class='ocrx_word' id='word_1_61' title='bbox 778 762 879 814; x_wconf 83' lang='grc' dir='ltr'>ἔσω</span> <span class='ocrx_word' id='word_1_62' title='bbox 913 763 1048 815; x_wconf 86' lang='grc' dir='ltr'>ἕλκει</span> <span class='ocrx_word' id='word_1_63' title='bbox 1078 762 1135 814; x_wconf 89' lang='grc' dir='ltr'>τὸ</span> <span class='ocrx_word' id='word_1_64' title='bbox 1167 765 1435 829; x_wconf 88' lang='grc' dir='ltr'>πλῆκτρον,</span> <span class='ocrx_word' id='word_1_65' title='bbox 1460 763 1486 813; x_wconf 91' lang='grc' dir='ltr'>ὁ</span> <span class='ocrx_word' id='word_1_66' title='bbox 1510 765 1563 814; x_wconf 81' lang='grc' dir='ltr'>δὲ</span> <span class='ocrx_word' id='word_1_67' title='bbox 1587 760 1680 826; x_wconf 81' lang='grc' dir='ltr'>ἔξω</span> <span class='ocrx_word' id='word_1_68' title='bbox 1706 760 1864 813; x_wconf 85' lang='grc' dir='ltr'>ὠθέει.</span> 
     </span>
     <span class='ocr_line' id='line_1_9' title="bbox 198 845 1864 915; baseline -0.002 -16"><span class='ocrx_word' id='word_1_69' title='bbox 198 846 418 899; x_wconf 86' lang='grc' dir='ltr'>ποιέεται</span> <span class='ocrx_word' id='word_1_70' title='bbox 447 849 500 900; x_wconf 80' lang='grc' dir='ltr'>δὲ</span> <span class='ocrx_word' id='word_1_71' title='bbox 533 847 611 899; x_wconf 89' lang='grc' dir='ltr'>καὶ</span> <span class='ocrx_word' id='word_1_72' title='bbox 643 846 796 914; x_wconf 88' lang='grc' dir='ltr'>κάρτα</span> <span class='ocrx_word' id='word_1_73' title='bbox 825 846 1024 915; x_wconf 86' lang='grc' dir='ltr'>μεγάλα</span> <span class='ocrx_word' id='word_1_74' title='bbox 1058 852 1212 899; x_wconf 91' lang='grc' dir='ltr'>ταῦτα</span> <span class='ocrx_word' id='word_1_75' title='bbox 1250 849 1311 898; x_wconf 82' lang='grc' dir='ltr'>τὰ</span> <span class='ocrx_word' id='word_1_76' title='bbox 1343 851 1496 899; x_wconf 86' lang='grc' dir='ltr'>πλοῖα</span> <span class='ocrx_word' id='word_1_77' title='bbox 1529 846 1607 897; x_wconf 89' lang='grc' dir='ltr'>καὶ</span> <span class='ocrx_word' id='word_1_78' title='bbox 1638 845 1864 898; x_wconf 88' lang='grc' dir='ltr'>ἐλάσσω·</span> 
     </span>
     <span class='ocr_line' id='line_1_10' title="bbox 198 929 2098 1013; baseline -0.001 -30"><span class='ocrx_word' id='word_1_79' title='bbox 198 934 259 984; x_wconf 81' lang='grc' dir='ltr'>τὰ</span> <span class='ocrx_word' id='word_1_80' title='bbox 291 934 343 984; x_wconf 80' lang='grc' dir='ltr'>δὲ</span> <span class='ocrx_word' id='word_1_81' title='bbox 379 930 596 999; x_wconf 84' lang='grc' dir='ltr'>μέγιστα</span> <span class='ocrx_word' id='word_1_82' title='bbox 631 932 792 984; x_wconf 85' lang='grc' dir='ltr'>αὐτῶν</span> <span class='ocrx_word' id='word_1_83' title='bbox 824 933 1370 1003; x_wconf 55' lang='grc' dir='ltr'>και-πεντακισχιλίων</span> <span class='ocrx_word' id='word_1_84' title='bbox 1409 930 1669 984; x_wconf 86' lang='grc' dir='ltr'>ταλάντων</span> <span class='ocrx_word' id='word_1_85' title='bbox 1711 929 2098 1013; x_wconf 37' lang='grc' dir='ltr'>γόμονφψὶχΐῑς</span> 
     </span>
     <span class='ocr_line' id='line_1_11' title="bbox 121 1015 1905 1087; baseline 0 -20"><span class='ocrx_word' id='word_1_86' title='bbox 121 1035 175 1064; x_wconf 87' lang='grc' dir='ltr'>ῐο</span> <span class='ocrx_word' id='word_1_87' title='bbox 198 1016 321 1085; x_wconf 83' lang='grc' dir='ltr'>ἔχει.</span> <span class='ocrx_word' id='word_1_88' title='bbox 389 1018 443 1068; x_wconf 86' lang='grc' dir='ltr'>ἐν</span> <span class='ocrx_word' id='word_1_89' title='bbox 488 1015 680 1087; x_wconf 82' lang='grc' dir='ltr'>ἑκάστῳ</span> <span class='ocrx_word' id='word_1_90' title='bbox 726 1020 780 1069; x_wconf 80' lang='grc' dir='ltr'>δὲ</span> <span class='ocrx_word' id='word_1_91' title='bbox 824 1018 984 1087; x_wconf 84' lang='grc' dir='ltr'>πλοίῳ</span> <span class='ocrx_word' id='word_1_92' title='bbox 1030 1019 1144 1070; x_wconf 86' lang='grc' dir='ltr'>ὄνος</span> <span class='ocrx_word' id='word_1_93' title='bbox 1192 1017 1281 1081; x_wconf 80' lang='grc' dir='ltr'>ζὼς</span> <span class='ocrx_word' id='word_1_94' title='bbox 1318 1016 1501 1076; x_wconf 85' lang='grc' dir='ltr'>ἔνεστι,</span> <span class='ocrx_word' id='word_1_95' title='bbox 1547 1018 1600 1068; x_wconf 87' lang='grc' dir='ltr'>ἐν</span> <span class='ocrx_word' id='word_1_96' title='bbox 1636 1018 1689 1068; x_wconf 80' lang='grc' dir='ltr'>δὲ</span> <span class='ocrx_word' id='word_1_97' title='bbox 1733 1021 1867 1067; x_wconf 86' lang='grc' dir='ltr'>τοῖσι</span> <span class='ocrx_word' id='word_1_98' title='bbox 1903 1059 1905 1061; x_wconf 89' lang='grc'>.</span> 
     </span>
     <span class='ocr_line' id='line_1_12' title="bbox 197 1099 1928 1166; baseline 0 -14"><span class='ocrx_word' id='word_1_99' title='bbox 197 1099 373 1166; x_wconf 78' lang='grc' dir='ltr'>μέζοσι</span> <span class='ocrx_word' id='word_1_100' title='bbox 430 1106 656 1155; x_wconf 88' lang='grc' dir='ltr'>πλεῦνες.</span> <span class='ocrx_word' id='word_1_101' title='bbox 748 1103 901 1154; x_wconf 81' lang='grc' dir='ltr'>ἐπεὰν</span> <span class='ocrx_word' id='word_1_102' title='bbox 952 1100 1022 1154; x_wconf 69' lang='grc' dir='ltr'>ὧν</span> <span class='ocrx_word' id='word_1_103' title='bbox 1074 1102 1348 1154; x_wconf 85' lang='grc' dir='ltr'>ἀπίκωνται</span> <span class='ocrx_word' id='word_1_104' title='bbox 1399 1099 1638 1155; x_wconf 89' lang='grc' dir='ltr'>πλέοντες</span> <span class='ocrx_word' id='word_1_105' title='bbox 1680 1102 1730 1154; x_wconf 84' lang='grc' dir='ltr'>ἐς</span> <span class='ocrx_word' id='word_1_106' title='bbox 1778 1099 1867 1164; x_wconf 82' lang='grc' dir='ltr'>τὴν</span> <span class='ocrx_word' id='word_1_107' title='bbox 1901 1120 1928 1163; x_wconf 89' lang='grc'>4</span> 
     </span>
     <span class='ocr_line' id='line_1_13' title="bbox 200 1185 1867 1255; baseline -0.001 -18"><span class='ocrx_word' id='word_1_108' title='bbox 200 1190 481 1252; x_wconf 84' lang='grc' dir='ltr'>Βαβυλῶνα</span> <span class='ocrx_word' id='word_1_109' title='bbox 514 1186 592 1238; x_wconf 89' lang='grc' dir='ltr'>καὶ</span> <span class='ocrx_word' id='word_1_110' title='bbox 615 1185 907 1239; x_wconf 87' lang='grc' dir='ltr'>διαθέωνται</span> <span class='ocrx_word' id='word_1_111' title='bbox 926 1186 1016 1239; x_wconf 86' lang='grc' dir='ltr'>τὸν</span> <span class='ocrx_word' id='word_1_112' title='bbox 1040 1187 1246 1255; x_wconf 78' lang='grc' dir='ltr'>φόρτον,</span> <span class='ocrx_word' id='word_1_113' title='bbox 1274 1185 1454 1252; x_wconf 84' lang='grc' dir='ltr'>νομέας</span> <span class='ocrx_word' id='word_1_114' title='bbox 1472 1188 1563 1252; x_wconf 78' lang='grc' dir='ltr'>μὲν</span> <span class='ocrx_word' id='word_1_115' title='bbox 1581 1190 1667 1237; x_wconf 93' lang='grc' dir='ltr'>τοῦ</span> <span class='ocrx_word' id='word_1_116' title='bbox 1689 1186 1867 1238; x_wconf 91' lang='grc' dir='ltr'>πλοίου</span> 
     </span>
     <span class='ocr_line' id='line_1_14' title="bbox 199 1268 2088 1353; baseline 0.001 -32"><span class='ocrx_word' id='word_1_117' title='bbox 199 1270 278 1322; x_wconf 87' lang='grc' dir='ltr'>καὶ</span> <span class='ocrx_word' id='word_1_118' title='bbox 307 1270 396 1334; x_wconf 79' lang='grc' dir='ltr'>τὴν</span> <span class='ocrx_word' id='word_1_119' title='bbox 429 1270 655 1337; x_wconf 86' lang='grc' dir='ltr'>καλάμην</span> <span class='ocrx_word' id='word_1_120' title='bbox 685 1275 856 1324; x_wconf 80' lang='grc' dir='ltr'>πᾶσαν</span> <span class='ocrx_word' id='word_1_121' title='bbox 887 1268 1081 1341; x_wconf 49' lang='grc' dir='ltr'>ἀπ’,ᾦν-</span> <span class='ocrx_word' id='word_1_122' title='bbox 1116 1270 1377 1339; x_wconf 60' lang='grc' dir='ltr'>ἐκήρυξαν,</span> <span class='ocrx_word' id='word_1_123' title='bbox 1411 1273 1499 1324; x_wconf 80' lang='grc' dir='ltr'>τὰς</span> <span class='ocrx_word' id='word_1_124' title='bbox 1538 1273 1592 1322; x_wconf 79' lang='grc' dir='ltr'>δὲ</span> <span class='ocrx_word' id='word_1_125' title='bbox 1629 1268 1966 1353; x_wconf 57' lang='grc' dir='ltr'>διφθέραςψῆ</span> <span class='ocrx_word' id='word_1_126' title='bbox 1986 1280 2088 1322; x_wconf 66' lang='lat' dir='ltr'>ocu.</span> 
     </span>
     <span class='ocr_line' id='line_1_15' title="bbox 197 1337 2098 1422; baseline 0 -16"><span class='ocrx_word' id='word_1_127' title='bbox 197 1354 527 1420; x_wconf 81' lang='grc' dir='ltr'>ἐπισάξαντες</span> <span class='ocrx_word' id='word_1_128' title='bbox 557 1356 639 1408; x_wconf 87' lang='grc' dir='ltr'>ἐπὶ</span> <span class='ocrx_word' id='word_1_129' title='bbox 670 1356 785 1410; x_wconf 84' lang='grc' dir='ltr'>τοὺς</span> <span class='ocrx_word' id='word_1_130' title='bbox 815 1358 958 1410; x_wconf 88' lang='grc' dir='ltr'>ὅνους</span> <span class='ocrx_word' id='word_1_131' title='bbox 990 1357 1328 1409; x_wconf 88' lang='grc' dir='ltr'>ἀπελαύνουσι</span> <span class='ocrx_word' id='word_1_132' title='bbox 1354 1359 1404 1410; x_wconf 88' lang='grc' dir='ltr'>ἐς</span> <span class='ocrx_word' id='word_1_133' title='bbox 1427 1355 1540 1409; x_wconf 84' lang='grc' dir='ltr'>τοὺς</span> <span class='ocrx_word' id='word_1_134' title='bbox 1559 1355 1864 1422; x_wconf 87' lang='grc' dir='ltr'>Ἀρμενίους.</span> <span class='ocrx_word' id='word_1_135' title='bbox 1982 1337 2098 1370; x_wconf 49' lang='lat' dir='ltr'>“a</span> 
     </span>
     <span class='ocr_line' id='line_1_16' title="bbox 126 1439 1925 1509; baseline 0 -18"><span class='ocrx_word' id='word_1_136' title='bbox 126 1457 171 1498; x_wconf 82' lang='lat'>15</span> <span class='ocrx_word' id='word_1_137' title='bbox 198 1440 292 1492; x_wconf 80' lang='grc' dir='ltr'>ἀνὰ</span> <span class='ocrx_word' id='word_1_138' title='bbox 340 1440 425 1492; x_wconf 89' lang='grc' dir='ltr'>τὸν</span> <span class='ocrx_word' id='word_1_139' title='bbox 466 1440 691 1506; x_wconf 86' lang='grc' dir='ltr'>ποταμὸν</span> <span class='ocrx_word' id='word_1_140' title='bbox 737 1443 834 1509; x_wconf 79' lang='grc' dir='ltr'>γὰρ</span> <span class='ocrx_word' id='word_1_141' title='bbox 871 1441 929 1506; x_wconf 78' lang='grc' dir='ltr'>δὴ</span> <span class='ocrx_word' id='word_1_142' title='bbox 977 1441 1064 1493; x_wconf 82' lang='grc' dir='ltr'>οὐκ</span> <span class='ocrx_word' id='word_1_143' title='bbox 1105 1440 1185 1493; x_wconf 75' lang='grc' dir='ltr'>οἶά</span> <span class='ocrx_word' id='word_1_144' title='bbox 1231 1440 1286 1494; x_wconf 88' lang='grc' dir='ltr'>τέ</span> <span class='ocrx_word' id='word_1_145' title='bbox 1327 1443 1436 1493; x_wconf 89' lang='grc' dir='ltr'>ἐστι</span> <span class='ocrx_word' id='word_1_146' title='bbox 1485 1439 1657 1493; x_wconf 89' lang='grc' dir='ltr'>πλέειν</span> <span class='ocrx_word' id='word_1_147' title='bbox 1705 1439 1865 1492; x_wconf 83' lang='grc' dir='ltr'>οὐδενὶ</span> <span class='ocrx_word' id='word_1_148' title='bbox 1904 1460 1925 1507; x_wconf 86' lang='grc'><strong><em>5</em></strong></span> 
     </span>
     <span class='ocr_line' id='line_1_17' title="bbox 196 1524 1866 1595; baseline 0 -19"><span class='ocrx_word' id='word_1_149' title='bbox 196 1525 361 1595; x_wconf 91' lang='grc' dir='ltr'>τρόπῳ</span> <span class='ocrx_word' id='word_1_150' title='bbox 401 1526 494 1577; x_wconf 85' lang='grc' dir='ltr'>ὑπὸ</span> <span class='ocrx_word' id='word_1_151' title='bbox 530 1524 710 1594; x_wconf 84' lang='grc' dir='ltr'>τάχεος</span> <span class='ocrx_word' id='word_1_152' title='bbox 745 1531 833 1578; x_wconf 91' lang='grc' dir='ltr'>τοῦ</span> <span class='ocrx_word' id='word_1_153' title='bbox 868 1531 1106 1592; x_wconf 80' lang='grc' dir='ltr'>ποταμοῦ·</span> <span class='ocrx_word' id='word_1_154' title='bbox 1153 1528 1234 1578; x_wconf 81' lang='grc' dir='ltr'>διὰ</span> <span class='ocrx_word' id='word_1_155' title='bbox 1274 1527 1369 1593; x_wconf 78' lang='grc' dir='ltr'>γὰρ</span> <span class='ocrx_word' id='word_1_156' title='bbox 1407 1531 1560 1578; x_wconf 87' lang='grc' dir='ltr'>ταῦτα</span> <span class='ocrx_word' id='word_1_157' title='bbox 1593 1526 1670 1577; x_wconf 90' lang='grc' dir='ltr'>καὶ</span> <span class='ocrx_word' id='word_1_158' title='bbox 1693 1525 1780 1577; x_wconf 85' lang='grc' dir='ltr'>οὐκ</span> <span class='ocrx_word' id='word_1_159' title='bbox 1811 1526 1866 1576; x_wconf 88' lang='grc' dir='ltr'>ἐκ</span> 
     </span>
     <span class='ocr_line' id='line_1_18' title="bbox 196 1607 1866 1679; baseline 0.002 -19"><span class='ocrx_word' id='word_1_160' title='bbox 196 1607 361 1673; x_wconf 80' lang='grc' dir='ltr'>ξύλων</span> <span class='ocrx_word' id='word_1_161' title='bbox 390 1614 641 1662; x_wconf 81' lang='grc' dir='ltr'>ποιεῦνται</span> <span class='ocrx_word' id='word_1_162' title='bbox 670 1613 730 1663; x_wconf 78' lang='grc' dir='ltr'>τὰ</span> <span class='ocrx_word' id='word_1_163' title='bbox 753 1616 908 1663; x_wconf 84' lang='grc' dir='ltr'>πλοῖα</span> <span class='ocrx_word' id='word_1_164' title='bbox 937 1611 1054 1662; x_wconf 86' lang='grc' dir='ltr'>ἀλλ’</span> <span class='ocrx_word' id='word_1_165' title='bbox 1078 1613 1132 1662; x_wconf 91' lang='grc' dir='ltr'>ἐκ</span> <span class='ocrx_word' id='word_1_166' title='bbox 1163 1610 1453 1679; x_wconf 88' lang='grc' dir='ltr'>διφθερέων.</span> <span class='ocrx_word' id='word_1_167' title='bbox 1503 1612 1653 1663; x_wconf 77' lang='grc' dir='ltr'>ἐπεὰν</span> <span class='ocrx_word' id='word_1_168' title='bbox 1677 1612 1729 1662; x_wconf 78' lang='grc' dir='ltr'>δὲ</span> <span class='ocrx_word' id='word_1_169' title='bbox 1754 1609 1866 1663; x_wconf 81' lang='grc' dir='ltr'>τοὺς</span> 
     </span>
     <span class='ocr_line' id='line_1_19' title="bbox 197 1694 1866 1762; baseline 0 -17"><span class='ocrx_word' id='word_1_170' title='bbox 197 1695 339 1748; x_wconf 83' lang='grc' dir='ltr'>ὅνους</span> <span class='ocrx_word' id='word_1_171' title='bbox 364 1694 657 1749; x_wconf 76' lang='grc' dir='ltr'>ἐλαύνοντες</span> <span class='ocrx_word' id='word_1_172' title='bbox 690 1696 962 1749; x_wconf 85' lang='grc' dir='ltr'>ἀπίκωνται</span> <span class='ocrx_word' id='word_1_173' title='bbox 993 1697 1157 1748; x_wconf 86' lang='grc' dir='ltr'>ὀπίσω</span> <span class='ocrx_word' id='word_1_174' title='bbox 1183 1698 1234 1750; x_wconf 86' lang='grc' dir='ltr'>ἐς</span> <span class='ocrx_word' id='word_1_175' title='bbox 1263 1696 1378 1749; x_wconf 85' lang='grc' dir='ltr'>τοὺς</span> <span class='ocrx_word' id='word_1_176' title='bbox 1402 1695 1705 1762; x_wconf 86' lang='grc' dir='ltr'>Ἀρμενίους,</span> <span class='ocrx_word' id='word_1_177' title='bbox 1731 1694 1866 1746; x_wconf 86' lang='grc' dir='ltr'>ἄλλα</span> 
     </span>
     <span class='ocr_line' id='line_1_20' title="bbox 195 1779 2000 1851; baseline 0 -21"><span class='ocrx_word' id='word_1_178' title='bbox 195 1779 358 1849; x_wconf 84' lang='grc' dir='ltr'>τρόπῳ</span> <span class='ocrx_word' id='word_1_179' title='bbox 389 1785 454 1850; x_wconf 77' lang='grc' dir='ltr'>τῷ</span> <span class='ocrx_word' id='word_1_180' title='bbox 487 1779 614 1851; x_wconf 78' lang='grc' dir='ltr'>αὐτῷ</span> <span class='ocrx_word' id='word_1_181' title='bbox 639 1785 893 1833; x_wconf 83' lang='grc' dir='ltr'>ποιεῦνται</span> <span class='ocrx_word' id='word_1_182' title='bbox 924 1786 1094 1833; x_wconf 83' lang='grc' dir='ltr'>πλοῖα.</span> <span class='ocrx_word' id='word_1_183' title='bbox 1180 1783 1242 1833; x_wconf 83' lang='grc' dir='ltr'>τὰ</span> <span class='ocrx_word' id='word_1_184' title='bbox 1271 1784 1363 1846; x_wconf 78' lang='grc' dir='ltr'>μὲν</span> <span class='ocrx_word' id='word_1_185' title='bbox 1394 1779 1451 1845; x_wconf 81' lang='grc' dir='ltr'>δὴ</span> <span class='ocrx_word' id='word_1_186' title='bbox 1485 1785 1637 1832; x_wconf 85' lang='grc' dir='ltr'>πλοῖα</span> <span class='ocrx_word' id='word_1_187' title='bbox 1668 1779 1869 1831; x_wconf 86' lang='grc' dir='ltr'>αὐτοῖσί</span> <span class='ocrx_word' id='word_1_188' title='bbox 1904 1793 2000 1843; x_wconf 87' lang='lat'>195</span> 
     </span>
     <span class='ocr_line' id='line_1_21' title="bbox 123 1863 1866 1939; baseline 0.001 -25"><span class='ocrx_word' id='word_1_189' title='bbox 123 1886 174 1915; x_wconf 86' lang='lat'>20</span> <span class='ocrx_word' id='word_1_190' title='bbox 198 1865 308 1915; x_wconf 88' lang='grc' dir='ltr'>ἐστι</span> <span class='ocrx_word' id='word_1_191' title='bbox 336 1869 553 1926; x_wconf 92' lang='grc' dir='ltr'>τοιαῦτα,</span> <span class='ocrx_word' id='word_1_192' title='bbox 587 1866 763 1930; x_wconf 87' lang='grc' dir='ltr'>ἐσθῆτι</span> <span class='ocrx_word' id='word_1_193' title='bbox 799 1869 852 1918; x_wconf 80' lang='grc' dir='ltr'>δὲ</span> <span class='ocrx_word' id='word_1_194' title='bbox 892 1870 1058 1939; x_wconf 83' lang='grc' dir='ltr'>τοιῇδε</span> <span class='ocrx_word' id='word_1_195' title='bbox 1097 1865 1359 1934; x_wconf 90' lang='grc' dir='ltr'>χρέωνται,</span> <span class='ocrx_word' id='word_1_196' title='bbox 1405 1868 1574 1917; x_wconf 84' lang='grc' dir='ltr'>κιθῶνι</span> <span class='ocrx_word' id='word_1_197' title='bbox 1606 1863 1866 1929; x_wconf 86' lang='grc' dir='ltr'>ποδηνεκέϊ</span> 
     </span>
     <span class='ocr_line' id='line_1_22' title="bbox 0 1946 2098 2020; baseline 0 -21"><span class='ocrx_word' id='word_1_198' title='bbox 0 1967 80 1993; x_wconf 59' lang='lat' dir='ltr'>w»</span> <span class='ocrx_word' id='word_1_199' title='bbox 196 1946 362 2020; x_wconf 58' lang='grc' dir='ltr'>λινέῳ·</span> <span class='ocrx_word' id='word_1_200' title='bbox 411 1950 490 2002; x_wconf 89' lang='grc' dir='ltr'>καὶ</span> <span class='ocrx_word' id='word_1_201' title='bbox 520 1950 601 2002; x_wconf 86' lang='grc' dir='ltr'>ἐπὶ</span> <span class='ocrx_word' id='word_1_202' title='bbox 631 1955 804 2003; x_wconf 89' lang='grc' dir='ltr'>τοῦτον</span> <span class='ocrx_word' id='word_1_203' title='bbox 834 1950 995 2003; x_wconf 84' lang='grc' dir='ltr'>ἄλλον</span> <span class='ocrx_word' id='word_1_204' title='bbox 1036 1953 1246 2018; x_wconf 52' lang='grc' dir='ltr'>εἰρίνεον</span> <span class='ocrx_word' id='word_1_205' title='bbox 1279 1954 1461 2002; x_wconf 83' lang='grc' dir='ltr'>κιθῶνα</span> <span class='ocrx_word' id='word_1_206' title='bbox 1499 1949 1753 2002; x_wconf 85' lang='grc' dir='ltr'>ἐπενδύνει</span> <span class='ocrx_word' id='word_1_207' title='bbox 1784 1949 1864 2000; x_wconf 92' lang='grc' dir='ltr'>καὶ</span> <span class='ocrx_word' id='word_1_208' title='bbox 1894 1948 2098 1993; x_wconf 59' lang='lat' dir='ltr'>‹nu-Q</span> 
     </span>
     <span class='ocr_line' id='line_1_23' title="bbox 196 2033 1858 2103; baseline 0.001 -19"><span class='ocrx_word' id='word_1_209' title='bbox 196 2035 456 2101; x_wconf 84' lang='grc' dir='ltr'>χλανίδιον</span> <span class='ocrx_word' id='word_1_210' title='bbox 503 2034 682 2087; x_wconf 87' lang='grc' dir='ltr'>λευκὸν</span> <span class='ocrx_word' id='word_1_211' title='bbox 733 2036 1184 2103; x_wconf 79' lang='grc' dir='ltr'>περιβαλλόμενος,</span> <span class='ocrx_word' id='word_1_212' title='bbox 1235 2033 1527 2100; x_wconf 85' lang='grc' dir='ltr'>ὑποδήματα</span> <span class='ocrx_word' id='word_1_213' title='bbox 1574 2033 1706 2102; x_wconf 81' lang='grc' dir='ltr'>ἔχων</span> <span class='ocrx_word' id='word_1_214' title='bbox 1753 2035 1858 2086; x_wconf 89' lang='grc' dir='ltr'>ἐπι-</span> 
     </span>
     <span class='ocr_line' id='line_1_24' title="bbox 195 2117 1861 2192; baseline 0.001 -23"><span class='ocrx_word' id='word_1_215' title='bbox 195 2117 370 2185; x_wconf 82' lang='grc' dir='ltr'>χώρια,</span> <span class='ocrx_word' id='word_1_216' title='bbox 414 2118 743 2186; x_wconf 88' lang='grc' dir='ltr'>παραπλήσια</span> <span class='ocrx_word' id='word_1_217' title='bbox 783 2121 896 2192; x_wconf 74' lang='grc' dir='ltr'>τῇσι</span> <span class='ocrx_word' id='word_1_218' title='bbox 942 2122 1213 2192; x_wconf 82' lang='grc' dir='ltr'>Βοιωτίῃσι</span> <span class='ocrx_word' id='word_1_219' title='bbox 1260 2118 1467 2186; x_wconf 83' lang='grc' dir='ltr'>ἐμβάσι.</span> <span class='ocrx_word' id='word_1_220' title='bbox 1518 2123 1763 2184; x_wconf 81' lang='grc' dir='ltr'>κομῶντες</span> <span class='ocrx_word' id='word_1_221' title='bbox 1808 2120 1861 2170; x_wconf 83' lang='grc' dir='ltr'>δὲ</span> 
     </span>
     <span class='ocr_line' id='line_1_25' title="bbox 195 2203 1861 2278; baseline 0.002 -26"><span class='ocrx_word' id='word_1_222' title='bbox 195 2203 284 2256; x_wconf 81' lang='grc' dir='ltr'>τὰς</span> <span class='ocrx_word' id='word_1_223' title='bbox 316 2205 538 2271; x_wconf 82' lang='grc' dir='ltr'>κεφαλὰς</span> <span class='ocrx_word' id='word_1_224' title='bbox 562 2205 765 2277; x_wconf 88' lang='grc' dir='ltr'>μίτρῃσι</span> <span class='ocrx_word' id='word_1_225' title='bbox 790 2204 1096 2264; x_wconf 87' lang='grc' dir='ltr'>ἀναδέονται,</span> <span class='ocrx_word' id='word_1_226' title='bbox 1119 2204 1475 2272; x_wconf 89' lang='grc' dir='ltr'>μεμυρισμένοι</span> <span class='ocrx_word' id='word_1_227' title='bbox 1495 2207 1595 2278; x_wconf 78' lang='grc' dir='ltr'>πᾶν</span> <span class='ocrx_word' id='word_1_228' title='bbox 1619 2203 1675 2255; x_wconf 89' lang='grc' dir='ltr'>τὸ</span> <span class='ocrx_word' id='word_1_229' title='bbox 1700 2208 1861 2269; x_wconf 83' lang='grc' dir='ltr'>σῶμα.</span> 
     </span>
     <span class='ocr_line' id='line_1_26' title="bbox 123 2287 1922 2358; baseline 0.001 -21"><span class='ocrx_word' id='word_1_230' title='bbox 123 2309 169 2350; x_wconf 87' lang='lat'>25</span> <span class='ocrx_word' id='word_1_231' title='bbox 197 2292 454 2354; x_wconf 76' lang='grc' dir='ltr'>σφρηγῖδα</span> <span class='ocrx_word' id='word_1_232' title='bbox 484 2291 534 2340; x_wconf 82' lang='grc' dir='ltr'>δὲ</span> <span class='ocrx_word' id='word_1_233' title='bbox 576 2290 784 2343; x_wconf 79' lang='grc' dir='ltr'>ἕκαστος</span> <span class='ocrx_word' id='word_1_234' title='bbox 815 2289 922 2357; x_wconf 83' lang='grc' dir='ltr'>ἔχει</span> <span class='ocrx_word' id='word_1_235' title='bbox 960 2290 1038 2341; x_wconf 90' lang='grc' dir='ltr'>καὶ</span> <span class='ocrx_word' id='word_1_236' title='bbox 1081 2293 1334 2357; x_wconf 89' lang='grc' dir='ltr'>σκῆπτρον</span> <span class='ocrx_word' id='word_1_237' title='bbox 1375 2290 1738 2358; x_wconf 81' lang='grc' dir='ltr'>χειροποίητον·</span> <span class='ocrx_word' id='word_1_238' title='bbox 1786 2287 1862 2340; x_wconf 84' lang='grc' dir='ltr'>ἐπ’</span> <span class='ocrx_word' id='word_1_239' title='bbox 1898 2309 1922 2339; x_wconf 88' lang='lat'>2</span> 
     </span>
     <span class='ocr_line' id='line_1_27' title="bbox 196 2369 1861 2443; baseline 0.002 -21"><span class='ocrx_word' id='word_1_240' title='bbox 196 2370 388 2442; x_wconf 85' lang='grc' dir='ltr'>ἑκάστῳ</span> <span class='ocrx_word' id='word_1_241' title='bbox 419 2375 472 2425; x_wconf 79' lang='grc' dir='ltr'>δὲ</span> <span class='ocrx_word' id='word_1_242' title='bbox 506 2372 739 2443; x_wconf 88' lang='grc' dir='ltr'>σκήπτρῳ</span> <span class='ocrx_word' id='word_1_243' title='bbox 774 2375 949 2426; x_wconf 87' lang='grc' dir='ltr'>ἔπεστι</span> <span class='ocrx_word' id='word_1_244' title='bbox 978 2373 1311 2440; x_wconf 83' lang='grc' dir='ltr'>πεποιημένον</span> <span class='ocrx_word' id='word_1_245' title='bbox 1341 2370 1371 2439; x_wconf 85' lang='grc' dir='ltr'>ἢ</span> <span class='ocrx_word' id='word_1_246' title='bbox 1402 2377 1565 2440; x_wconf 83' lang='grc' dir='ltr'>μῆλον</span> <span class='ocrx_word' id='word_1_247' title='bbox 1595 2369 1624 2438; x_wconf 81' lang='grc' dir='ltr'>ἢ</span> <span class='ocrx_word' id='word_1_248' title='bbox 1654 2374 1802 2440; x_wconf 88' lang='grc' dir='ltr'>ῥόδον</span> <span class='ocrx_word' id='word_1_249' title='bbox 1832 2369 1861 2436; x_wconf 81' lang='grc' dir='ltr'>ἦ</span> 
     </span>
     <span class='ocr_line' id='line_1_28' title="bbox 0 2452 1863 2530; baseline 0.003 -24"><span class='ocrx_word' id='word_1_250' title='bbox 0 2453 43 2527; x_wconf 50' lang='grc' dir='ltr'>ὓ)</span> <span class='ocrx_word' id='word_1_251' title='bbox 197 2456 361 2530; x_wconf 49' lang='grc' dir='ltr'>κρίνον</span> <span class='ocrx_word' id='word_1_252' title='bbox 390 2452 421 2521; x_wconf 80' lang='grc' dir='ltr'>ἢ</span> <span class='ocrx_word' id='word_1_253' title='bbox 445 2458 605 2512; x_wconf 83' lang='grc' dir='ltr'>αἰετὸς</span> <span class='ocrx_word' id='word_1_254' title='bbox 628 2454 656 2522; x_wconf 88' lang='grc' dir='ltr'>ἢ</span> <span class='ocrx_word' id='word_1_255' title='bbox 681 2458 810 2510; x_wconf 87' lang='grc' dir='ltr'>ἄλλο</span> <span class='ocrx_word' id='word_1_256' title='bbox 835 2480 898 2510; x_wconf 88' lang='grc' dir='ltr'>τι·</span> <span class='ocrx_word' id='word_1_257' title='bbox 945 2458 1062 2511; x_wconf 81' lang='grc' dir='ltr'>ἄνευ</span> <span class='ocrx_word' id='word_1_258' title='bbox 1093 2461 1188 2526; x_wconf 77' lang='grc' dir='ltr'>γὰρ</span> <span class='ocrx_word' id='word_1_259' title='bbox 1220 2457 1468 2525; x_wconf 83' lang='grc' dir='ltr'>ἐπισήμου</span> <span class='ocrx_word' id='word_1_260' title='bbox 1497 2459 1553 2510; x_wconf 83' lang='grc' dir='ltr'>οὔ</span> <span class='ocrx_word' id='word_1_261' title='bbox 1584 2465 1683 2525; x_wconf 90' lang='grc' dir='ltr'>σφι</span> <span class='ocrx_word' id='word_1_262' title='bbox 1712 2458 1863 2523; x_wconf 89' lang='grc' dir='ltr'>νόμος</span> 
     </span>
     <span class='ocr_line' id='line_1_29' title="bbox 197 2539 1862 2612; baseline 0.001 -22"><span class='ocrx_word' id='word_1_263' title='bbox 197 2539 307 2592; x_wconf 89' lang='grc' dir='ltr'>ἐστὶ</span> <span class='ocrx_word' id='word_1_264' title='bbox 343 2540 478 2608; x_wconf 87' lang='grc' dir='ltr'>ἔχειν</span> <span class='ocrx_word' id='word_1_265' title='bbox 517 2545 785 2610; x_wconf 89' lang='grc' dir='ltr'>σκῆπτρον.</span> <span class='ocrx_word' id='word_1_266' title='bbox 874 2544 993 2607; x_wconf 78' lang='grc' dir='ltr'>αὕτη</span> <span class='ocrx_word' id='word_1_267' title='bbox 1030 2546 1121 2608; x_wconf 80' lang='grc' dir='ltr'>μὲν</span> <span class='ocrx_word' id='word_1_268' title='bbox 1161 2542 1220 2609; x_wconf 90' lang='grc' dir='ltr'>δή</span> <span class='ocrx_word' id='word_1_269' title='bbox 1259 2550 1357 2612; x_wconf 93' lang='grc' dir='ltr'>σφι</span> <span class='ocrx_word' id='word_1_270' title='bbox 1393 2543 1601 2610; x_wconf 83' lang='grc' dir='ltr'>ἄρτησις</span> <span class='ocrx_word' id='word_1_271' title='bbox 1645 2542 1757 2609; x_wconf 90' lang='grc' dir='ltr'>περὶ</span> <span class='ocrx_word' id='word_1_272' title='bbox 1804 2541 1862 2592; x_wconf 87' lang='grc' dir='ltr'>τὸ</span> 
     </span>
     <span class='ocr_line' id='line_1_30' title="bbox 199 2622 1999 2706; baseline 0.001 -31"><span class='ocrx_word' id='word_1_273' title='bbox 199 2622 342 2690; x_wconf 82' lang='grc' dir='ltr'>σῶμά</span> <span class='ocrx_word' id='word_1_274' title='bbox 372 2627 497 2685; x_wconf 87' lang='grc' dir='ltr'>ἐστι,</span> <span class='ocrx_word' id='word_1_275' title='bbox 530 2627 672 2692; x_wconf 91' lang='grc' dir='ltr'>νόμοι</span> <span class='ocrx_word' id='word_1_276' title='bbox 703 2630 756 2679; x_wconf 78' lang='grc' dir='ltr'>δὲ</span> <span class='ocrx_word' id='word_1_277' title='bbox 787 2627 986 2679; x_wconf 82' lang='grc' dir='ltr'>αὐτοῖσι</span> <span class='ocrx_word' id='word_1_278' title='bbox 1015 2629 1110 2679; x_wconf 79' lang='grc' dir='ltr'>ὧδε</span> <span class='ocrx_word' id='word_1_279' title='bbox 1143 2627 1459 2680; x_wconf 87' lang='grc' dir='ltr'>κατεστέασι·</span> <span class='ocrx_word' id='word_1_280' title='bbox 1505 2628 1531 2678; x_wconf 88' lang='grc' dir='ltr'>ὁ</span> <span class='ocrx_word' id='word_1_281' title='bbox 1562 2629 1653 2706; x_wconf 75' lang='grc' dir='ltr'>μὲν</span> <span class='ocrx_word' id='word_1_282' title='bbox 1685 2626 1858 2694; x_wconf 85' lang='grc' dir='ltr'>σοφώ-</span> <span class='ocrx_word' id='word_1_283' title='bbox 1900 2627 1999 2686; x_wconf 88' lang='grc'>196</span> 
     </span>
     <span class='ocr_line' id='line_1_31' title="bbox 192 2761 1862 2817; baseline 0.002 -15"><span class='ocrx_word' id='word_1_284' title='bbox 192 2815 194 2817; x_wconf 66' lang='lat'>‚</span> <span class='ocrx_word' id='word_1_285' title='bbox 250 2774 276 2811; x_wconf 87' lang='grc'>3</span> <span class='ocrx_word' id='word_1_286' title='bbox 305 2761 463 2803; x_wconf 82' lang='grc' dir='ltr'>τούτοις</span> <span class='ocrx_word' id='word_1_287' title='bbox 485 2761 594 2802; x_wconf 89' lang='lat' dir='ltr'>SV:</span> <span class='ocrx_word' id='word_1_288' title='bbox 625 2764 729 2804; x_wconf 75' lang='grc' dir='ltr'>οὕτω</span> <span class='ocrx_word' id='word_1_289' title='bbox 751 2763 959 2815; x_wconf 80' lang='lat' dir='ltr'>Gomperz</span> <span class='ocrx_word' id='word_1_290' title='bbox 1090 2778 1114 2814; x_wconf 87' lang='lat'>4</span> <span class='ocrx_word' id='word_1_291' title='bbox 1146 2765 1286 2806; x_wconf 84' lang='grc' dir='ltr'>ἆπιασι</span> <span class='ocrx_word' id='word_1_292' title='bbox 1309 2765 1445 2804; x_wconf 84' lang='lat' dir='ltr'>RSV</span> <span class='ocrx_word' id='word_1_293' title='bbox 1584 2777 1609 2814; x_wconf 88' lang='grc'>5</span> <span class='ocrx_word' id='word_1_294' title='bbox 1640 2774 1862 2817; x_wconf 85' lang='grc' dir='ltr'>φοιιίκηιου</span> 
     </span>
     <span class='ocr_line' id='line_1_32' title="bbox 196 2815 1858 2871; baseline 0.002 -16"><span class='ocrx_word' id='word_1_295' title='bbox 196 2815 315 2855; x_wconf 90' lang='lat' dir='ltr'>Valla</span> <span class='ocrx_word' id='word_1_296' title='bbox 431 2829 480 2855; x_wconf 93' lang='lat'>10</span> <span class='ocrx_word' id='word_1_297' title='bbox 509 2817 582 2868; x_wconf 74' lang='grc' dir='ltr'>ζὼς</span> <span class='ocrx_word' id='word_1_298' title='bbox 605 2817 644 2855; x_wconf 89' lang='lat' dir='ltr'><strong>R</strong></span> <span class='ocrx_word' id='word_1_299' title='bbox 660 2818 742 2857; x_wconf 90' lang='lat' dir='ltr'>SV</span> <span class='ocrx_word' id='word_1_300' title='bbox 764 2819 866 2870; x_wconf 89' lang='lat' dir='ltr'><strong>Pap.</strong></span> <span class='ocrx_word' id='word_1_301' title='bbox 889 2819 1104 2860; x_wconf 81' lang='lat' dir='ltr'><strong>Amherst.</strong></span> <span class='ocrx_word' id='word_1_302' title='bbox 1133 2832 1204 2860; x_wconf 89' lang='lat'>12:</span> <span class='ocrx_word' id='word_1_303' title='bbox 1238 2819 1334 2871; x_wconf 77' lang='grc' dir='ltr'>ζωὸς</span> <span class='ocrx_word' id='word_1_304' title='bbox 1356 2820 1392 2858; x_wconf 91' lang='grc' dir='ltr'>Α</span> <span class='ocrx_word' id='word_1_305' title='bbox 1409 2820 1443 2858; x_wconf 89' lang='grc' dir='ltr'>Β</span> <span class='ocrx_word' id='word_1_306' title='bbox 1459 2820 1492 2858; x_wconf 93' lang='lat' dir='ltr'>C</span> <span class='ocrx_word' id='word_1_307' title='bbox 1509 2820 1542 2858; x_wconf 92' lang='lat' dir='ltr'>P</span> <span class='ocrx_word' id='word_1_308' title='bbox 1645 2823 1734 2861; x_wconf 82' lang='grc' dir='ltr'>ἐστι</span> <span class='ocrx_word' id='word_1_309' title='bbox 1758 2820 1858 2870; x_wconf 85' lang='lat' dir='ltr'><strong>Pap.</strong></span> 
     </span>
     <span class='ocr_line' id='line_1_33' title="bbox 203 2871 1864 2929; baseline 0.003 -20"><span class='ocrx_word' id='word_1_310' title='bbox 203 2883 248 2920; x_wconf 85' lang='lat'>13</span> <span class='ocrx_word' id='word_1_311' title='bbox 287 2871 353 2912; x_wconf 79' lang='grc' dir='ltr'>ἀπ’</span> <span class='ocrx_word' id='word_1_312' title='bbox 384 2871 437 2912; x_wconf 75' lang='grc' dir='ltr'>ὧν</span> <span class='ocrx_word' id='word_1_313' title='bbox 468 2873 574 2926; x_wconf 83' lang='grc' dir='ltr'>ἐκήρ.</span> <span class='ocrx_word' id='word_1_314' title='bbox 609 2873 667 2913; x_wconf 89' lang='lat' dir='ltr'>C:</span> <span class='ocrx_word' id='word_1_315' title='bbox 710 2875 921 2928; x_wconf 80' lang='grc' dir='ltr'>ἆπονεκήρ.</span> <span class='ocrx_word' id='word_1_316' title='bbox 958 2874 1054 2913; x_wconf 76' lang='lat' dir='ltr'>Bm:</span> <span class='ocrx_word' id='word_1_317' title='bbox 1089 2875 1292 2929; x_wconf 79' lang='grc' dir='ltr'>ἆπινεκήρ.</span> <span class='ocrx_word' id='word_1_318' title='bbox 1324 2875 1443 2914; x_wconf 87' lang='lat' dir='ltr'>AB:</span> <span class='ocrx_word' id='word_1_319' title='bbox 1479 2876 1643 2929; x_wconf 80' lang='grc' dir='ltr'>ἆπεκήρ.</span> <span class='ocrx_word' id='word_1_320' title='bbox 1679 2875 1864 2914; x_wconf 84' lang='lat' dir='ltr'>PRSV</span> 
     </span>
     <span class='ocr_line' id='line_1_34' title="bbox 201 2927 1864 2984; baseline 0.005 -21"><span class='ocrx_word' id='word_1_321' title='bbox 201 2938 249 2976; x_wconf 90' lang='lat'>14</span> <span class='ocrx_word' id='word_1_322' title='bbox 281 2930 408 2967; x_wconf 83' lang='grc' dir='ltr'>ἐπεισ.</span> <span class='ocrx_word' id='word_1_323' title='bbox 435 2927 538 2966; x_wconf 81' lang='lat' dir='ltr'>SV⁰</span> <span class='ocrx_word' id='word_1_324' title='bbox 650 2942 703 2967; x_wconf 81' lang='lat'>20</span> <span class='ocrx_word' id='word_1_325' title='bbox 732 2929 944 2978; x_wconf 85' lang='grc' dir='ltr'>ποδηνοκέι</span> <span class='ocrx_word' id='word_1_326' title='bbox 968 2929 1007 2966; x_wconf 94' lang='lat' dir='ltr'>R</span> <span class='ocrx_word' id='word_1_327' title='bbox 1131 2943 1178 2967; x_wconf 86' lang='lat'>21</span> <span class='ocrx_word' id='word_1_328' title='bbox 1210 2930 1367 2982; x_wconf 83' lang='grc' dir='ltr'>χιτῶνα</span> <span class='ocrx_word' id='word_1_329' title='bbox 1388 2930 1421 2968; x_wconf 93' lang='lat' dir='ltr'>C</span> <span class='ocrx_word' id='word_1_330' title='bbox 1534 2943 1585 2969; x_wconf 78' lang='lat'>22</span> <span class='ocrx_word' id='word_1_331' title='bbox 1615 2931 1864 2984; x_wconf 85' lang='grc' dir='ltr'>περιβαλλό·</span> 
     </span>
    </p>
   </div>
   <div class='ocr_carea' id='block_1_3' title="bbox 196 2981 1864 3090">
    <p class='ocr_par' dir='ltr' id='par_1_3' title="bbox 196 2981 1864 3090">
     <span class='ocr_line' id='line_1_35' title="bbox 196 2981 1862 3038; baseline 0.002 -18"><span class='ocrx_word' id='word_1_332' title='bbox 196 2997 309 3030; x_wconf 86' lang='grc' dir='ltr'>μενοι</span> <span class='ocrx_word' id='word_1_333' title='bbox 331 2981 369 3020; x_wconf 88' lang='lat' dir='ltr'><strong>R</strong></span> <span class='ocrx_word' id='word_1_334' title='bbox 386 2982 416 3021; x_wconf 90' lang='lat' dir='ltr'>S</span> <span class='ocrx_word' id='word_1_335' title='bbox 431 2981 467 3021; x_wconf 95' lang='lat' dir='ltr'>V</span> <span class='ocrx_word' id='word_1_336' title='bbox 579 2983 694 3035; x_wconf 82' lang='grc' dir='ltr'>εἶχον</span> <span class='ocrx_word' id='word_1_337' title='bbox 715 2984 745 3023; x_wconf 89' lang='lat' dir='ltr'>S</span> <span class='ocrx_word' id='word_1_338' title='bbox 759 2984 796 3022; x_wconf 93' lang='lat' dir='ltr'>V</span> <span class='ocrx_word' id='word_1_339' title='bbox 907 2997 960 3034; x_wconf 86' lang='lat'>23</span> <span class='ocrx_word' id='word_1_340' title='bbox 990 2988 1097 3025; x_wconf 78' lang='grc' dir='ltr'>τοῖσι</span> <span class='ocrx_word' id='word_1_341' title='bbox 1119 2988 1369 3026; x_wconf 81' lang='grc' dir='ltr'>Βοιωτιοῖσιν</span> <span class='ocrx_word' id='word_1_342' title='bbox 1391 2986 1421 3024; x_wconf 85' lang='lat' dir='ltr'>S</span> <span class='ocrx_word' id='word_1_343' title='bbox 1435 2985 1473 3023; x_wconf 94' lang='lat' dir='ltr'>V</span> <span class='ocrx_word' id='word_1_344' title='bbox 1583 2998 1633 3035; x_wconf 87' lang='lat'>27</span> <span class='ocrx_word' id='word_1_345' title='bbox 1666 2989 1800 3038; x_wconf 81' lang='grc' dir='ltr'>κῖρνον</span> <span class='ocrx_word' id='word_1_346' title='bbox 1823 2984 1862 3023; x_wconf 88' lang='lat' dir='ltr'>R</span> 
     </span>
     <span class='ocr_line' id='line_1_36' title="bbox 198 3035 1864 3090; baseline 0.002 -16"><span class='ocrx_word' id='word_1_347' title='bbox 198 3036 307 3077; x_wconf 77' lang='grc' dir='ltr'>αι’τὺς</span> <span class='ocrx_word' id='word_1_348' title='bbox 325 3035 364 3074; x_wconf 91' lang='lat' dir='ltr'>R</span> <span class='ocrx_word' id='word_1_349' title='bbox 509 3038 563 3076; x_wconf 86' lang='lat'>28</span> <span class='ocrx_word' id='word_1_350' title='bbox 593 3039 746 3090; x_wconf 76' lang='grc' dir='ltr'>ἄρτισις</span> <span class='ocrx_word' id='word_1_351' title='bbox 762 3039 800 3076; x_wconf 88' lang='lat' dir='ltr'>R</span> <span class='ocrx_word' id='word_1_352' title='bbox 942 3052 994 3089; x_wconf 85' lang='lat'>29</span> <span class='ocrx_word' id='word_1_353' title='bbox 1025 3041 1106 3080; x_wconf 79' lang='grc' dir='ltr'>οἵδε</span> <span class='ocrx_word' id='word_1_354' title='bbox 1125 3039 1216 3078; x_wconf 86' lang='lat' dir='ltr'>Eltz</span> <span class='ocrx_word' id='word_1_355' title='bbox 1329 3038 1600 3082; x_wconf 86' lang='grc' dir='ltr'>κατεστέαται</span> <span class='ocrx_word' id='word_1_356' title='bbox 1620 3039 1659 3078; x_wconf 90' lang='grc' dir='ltr'>Α</span> <span class='ocrx_word' id='word_1_357' title='bbox 1674 3040 1709 3080; x_wconf 89' lang='grc' dir='ltr'>Β</span> <span class='ocrx_word' id='word_1_358' title='bbox 1727 3040 1765 3078; x_wconf 90' lang='lat' dir='ltr'>R</span> <span class='ocrx_word' id='word_1_359' title='bbox 1784 3042 1811 3078; x_wconf 78' lang='lat' dir='ltr'>S</span> <span class='ocrx_word' id='word_1_360' title='bbox 1826 3039 1864 3078; x_wconf 78' lang='lat' dir='ltr'><strong>V</strong></span> 
     </span>
    </p>
   </div>
  </div>
 </body>
</html>
