2098 3320
73 76 158 130 ΙΧῙ.
187 94 257 130 111

180 396 259 432 112

177 902 257 949 πῃ

0 2008 253 2071 mamus}

911 79 1339 130 ΗΡΟΔΟΤΟΎ

298 210 538 264 ἐλθόντας
557 209 732 263 αὐτοὺς
750 211 971 275 πλησίον
991 210 1490 277 στρατοπεδεύεσθαι.
1551 218 1704 266 ταῦτα
1723 215 1963 280 ἐβουλεύε

298 316 454 346 σαντο
478 297 524 347 οἱ
550 294 732 346 Σκύθαι
755 295 1059 360 βουλόμενοι
1088 294 1147 360 ἐξ
1173 294 1361 348 αὐτέων
1382 301 1559 352 παῖδας
1583 297 1961 366 ἐκγενήσεσθαι.

298 378 712 446 ἀποπεμφθέντες
764 382 817 431 δὲ
863 382 909 431 οἱ
957 381 1210 445 νεηνίσκοι
1261 382 1456 434 ἐποίευν
1503 384 1563 434 τὰ
1608 383 1959 450 ἐντεταλμένα.

297 464 405 515 ἐπεὶ
453 465 506 515 δὲ
553 463 737 529 ἔμαθον
782 463 958 524 αὐτοὺς
1006 466 1055 516 αῖ
1100 463 1368 530 Ἀμαζόνες
1414 465 1491 518 ἐπ’
1535 466 1736 540 οὐδεμιῇ
1779 467 1963 534 δηλήσι

298 547 615 615 ἀπιγμένους,
656 548 751 600 ἔων
789 550 999 616 χαίρειν·
1045 550 1399 621 προσεχώρεον
1441 553 1494 602 δὲ
1532 551 1870 618 πλησιαιτέρω
1905 553 1964 605 τδ

298 633 639 699 στρατόπεδον
675 638 743 702 τῷ
780 632 1102 703 στρατοπέδῳ
1138 633 1215 685 ἐπ’
1246 633 1404 706 ἡμέρῃ
1442 633 1645 707 ἑκάστῃ.
1734 636 1874 705 εἶχον
1909 640 1963 691 δὲ

297 718 439 770 οὐδὲν
483 717 583 768 οὐδ’
626 720 671 769 οἱ
717 719 984 782 νεηνίσκοι,
1028 719 1197 786 ὥσπερ
1238 718 1350 770 οὐδὲ
1391 721 1440 771 αἱ
1481 718 1766 792 Ἀμαζόνες,
1810 723 1853 774 εἶ
1894 721 1963 788 μὴ

296 804 357 853 τᾶ
405 802 539 854 ὅπλα
587 802 666 853 καὶ
714 801 828 855 τοὺς
874 803 1070 856 ἵππους·
1132 803 1267 854 ἀλλὰ
1317 803 1430 869 ζόην
1478 804 1629 868 ἔζωον
1671 804 1763 869 τὴν
1810 805 1963 871 αὐτὴν

299 887 535 958 ἐκείνῃσι,
563 885 851 954 θηρεύοντές
873 909 928 939 τε
960 888 1038 939 καὶ
1060 887 1360 953 ληιζόμενοι.
1430 888 1626 941 ἐποίευν
1648 891 1702 941 δὲ
1732 891 1783 941 αἱ
1804 889 1959 956 Ἀμα-

300 972 436 1034 ζόνες
471 973 523 1025 ἐς
558 971 647 1035 τὴν
682 972 1004 1038 μεσαμβρίην
1040 972 1245 1024 τοιόνδε·
1266 973 1518 1039 ιέγίνοντο
1554 972 1800 1040 σποράδες
1838 969 1977 1027 κατιῖ

1173 1057 1186 1075 ἱ

296 1056 414 1120 μίαν
457 1055 636 1132 τε’·καὶ
685 1056 787 1115 δύο,
835 1056 1009 1123 πρόσω
1058 1056 1116 1121 δὴ
1163 1055 1246 1109 απ’
1290 1056 1558 1122 ἀλληλέων
1603 1059 1655 1112 ἐς
1701 1057 1962 1126 εὐμαρείην

297 1139 737 1206 ἀποσκιδνάμεναι.
764 1149 776 1157 ’
817 1141 1062 1206 μαθόντες
1092 1143 1147 1193 δὲ
1179 1139 1256 1193 καὶ
1286 1143 1333 1194 οἳ
1365 1141 1548 1194 Σκύθαι
1579 1143 1775 1195 ἐποίευν
1804 1143 1962 1196 τώυτὸ

296 1230 455 1277 τοῦτο.
546 1227 630 1278 καί
671 1247 744 1279 τις
791 1224 1170 1291 μουνωθεισέων
1214 1225 1310 1278 τινὶ
1358 1225 1545 1278 αὐτέων
1589 1227 1958 1296 ἐνεχρίμπτετο,

1987 577 2010 618 5

1989 997 2039 1027 10

298 1311 377 1362 καὶ
399 1310 429 1375 ἡ
455 1310 682 1376 Ἀμαζὼν
704 1311 791 1363 οὐκ
822 1309 1074 1363 ἀπωθέετο
1104 1311 1238 1362 ἀλλὰ
1262 1314 1474 1377 περιεῖδε
1503 1309 1810 1378 χρήσασθαι.
1881 1313 1961 1365 καὶ
1989 1323 1992 1326 “

296 1398 534 1462 φωνῆσαι
571 1398 663 1461 μὲν
702 1395 789 1446 οὐκ
831 1396 945 1464 εἶχε
969 1393 1046 1462 (οὐ
1086 1397 1183 1463 γὰρ
1219 1396 1460 1448 συνίεσαν
1498 1394 1770 1461 ἀλλήλων),
1807 1404 1869 1470 τῇ
1908 1399 1962 1450 δὲ

296 1480 427 1548 χειρὶ
463 1480 646 1548 ἔφραζε
681 1482 732 1534 ἐς
766 1479 857 1544 τὴν
886 1481 1153 1547 ὑστεραίην
1185 1482 1351 1532 ἐλθεῖν
1390 1482 1440 1534 ἐς
1474 1480 1630 1533 τώυτὸ
1663 1483 1851 1550 χωρίον
1879 1482 1961 1534 καὶ

297 1565 467 1631 ἕτερον
510 1565 667 1632 ἄγειν,
712 1566 1029 1630 σημαίνουσα
1072 1565 1158 1616 δύο
1202 1564 1455 1632 γενέσθαι,
1499 1565 1578 1617 καὶ
1623 1565 1744 1630 αὐτὴ
1788 1565 1961 1633 ἑτέρην

294 1647 449 1714 ἄξειν.
538 1651 565 1700 ὁ
595 1652 646 1702 δὲ
679 1651 939 1715 νεηνίσκος
969 1649 1077 1702 ἐπεὶ
1107 1650 1316 1715 ἀπῆλθε,
1343 1646 1485 1712 ἔλεξε
1514 1653 1666 1702 ταῦτα
1696 1649 1817 1717 πρὸς
1845 1650 1962 1704 τοὺς

297 1735 517 1788 λοιπούς·
563 1742 624 1808 τῇ
655 1737 708 1786 δὲ
738 1735 992 1806 δευτεραίῃ
1020 1732 1145 1798 ἦλθε
1176 1735 1228 1788 ἐς
1258 1733 1315 1786 τὸ
1343 1735 1529 1802 χωρίον
1559 1733 1703 1789 αὐτός
1735 1755 1788 1786 τε
1818 1734 1961 1788 οὗτος

298 1819 376 1870 καὶ
429 1820 598 1886 ἕτερον
644 1818 751 1887 ἦγε,
804 1819 882 1870 καὶ
934 1818 1026 1883 τὴν
1071 1817 1321 1884 Ἀμαζόνα
1373 1818 1483 1885 εὗρε
1534 1817 1764 1885 δευτέρην
1810 1818 1960 1883 αὐτὴν

295 1903 656 1969 ὑπομένουσαν.
744 1906 790 1956 οἱ
827 1906 879 1955 δὲ
917 1904 1087 1955 λοιποὶ
1125 1903 1378 1968 νεηνίσκοι
1415 1903 1480 1956 ὡς
1515 1903 1754 1955 ἐπύθοντο
1788 1907 1957 1962 ταῦτα,

297 1989 375 2040 καὶ
418 1989 554 2041 αὐτοὶ
595 1989 935 2053 ἐκτιλρ-ὂσαντο
971 1989 1058 2041 τὰς
1093 1988 1275 2040 λοιπὰς
1313 1991 1412 2039 τῶν
1446 1987 1749 2052 Ἀμαζόνων.
1835 1989 1960 2052 μετὰ

296 2075 347 2124 δὲ
386 2071 745 2139 συμμείξαντες
774 2074 835 2124 τὰ
871 2072 1186 2139 στρατόπεδα
1223 2073 1385 2123 οἴκεον
1416 2073 1551 2136 ὁμοῦ,
1585 2076 1792 2138 γυναῖκα
1827 2071 1959 2139 ἔχων

220 2202 234 2209 ..
296 2158 504 2211 ἕκαστος
540 2159 723 2223 ταύτην
757 2165 818 2230 τῇ
853 2157 910 2209 τὸ
946 2161 1140 2223 πρῶτον
1173 2157 1492 2223 συνεμείχθη,
1550 2154 1669 2220 .τὴν
1699 2158 1753 2207 δὲ
1784 2155 1959 2222 φωνὴν

295 2241 385 2306 τὴν
421 2245 512 2308 μὲν
548 2247 647 2294 τῶν
677 2246 922 2310 γυναικῶν
958 2243 1003 2293 οῖ
1041 2239 1214 2307 ἄνδρες
1249 2239 1337 2291 οὐκ
1375 2238 1603 2292 ἐδυνέατο
1641 2242 1834 2305 μαθεῖν,
1867 2238 1958 2303 τὴν

356 2393 375 2419 1
416 2380 527 2422 αὖτις
558 2380 718 2420 Reiske
885 2377 1116 2419 -δεύσεσθαι
1146 2376 1182 2416 C
1430 2390 1455 2416 2
1495 2376 1782 2427 βουλευόμενοι
1817 2376 1958 2416 RSV

298 2438 440 2476 παῖδας
469 2448 551 2476 om.
577 2436 615 2474 R
631 2435 712 2475 SV
824 2433 1114 2486 ἐκγενήσεσθαι
1145 2430 1327 2472 Reiske:
1365 2433 1502 2484 ἐγγεν.
1522 2432 1554 2470 L
1685 2444 1711 2481 3
1742 2431 1874 2472 ἐποίευ
1894 2431 1929 2470 C
1945 2432 1957 2472 τ’

300 2491 433 2531 ἐποίεν
456 2490 495 2528 R
688 2503 713 2539 4
743 2489 916 2538 δηλήσει
939 2488 972 2526 L
1157 2499 1182 2536 5
1211 2486 1477 2539 πλησιωτέρω
1499 2486 1636 2526 RSV
1811 2499 1833 2536 7
1863 2485 1956 2527 οὐδὲ

295 2544 590 2585 om.ABCP
737 2545 763 2582 8
795 2541 1048 2595 (finvcsv
1182 2547 1271 2591 9et
1296 2554 1344 2580 12
1375 2540 1687 2582 ἐποίεονΑΒΟ
1829 2553 1875 2578 11
1907 2541 1956 2590 δὴ

296 2611 379 2640 om.
406 2600 439 2639 P
455 2600 492 2639 R
508 2599 537 2638 S
551 2600 589 2638 V
700 2599 895 2648 ἀλλήλων
916 2597 955 2635 R
970 2596 1001 2636 S
1012 2597 1052 2636 V
1173 2596 1382 2649 εὐμαρείην
1402 2596 1428 2634 d
1446 2611 1457 2634 ι
1487 2595 1675 2648 εὐμαρίην
1689 2594 1729 2633 Α
1743 2594 1777 2632 Β
1792 2594 1826 2634 C
1842 2595 1876 2634 P
1888 2595 1927 2634 R
1945 2609 1954 2633 ε

298 2655 507 2708 εὐημερίην
529 2654 560 2694 S
573 2654 611 2693 V
796 2665 845 2691 12
875 2653 940 2694 καὶ
961 2665 1043 2691 om.
1066 2651 1100 2690 C
1238 2652 1287 2691 τὸ
1307 2651 1403 2691 αὐτὸ
1424 2650 1464 2688 R
1481 2650 1562 2689 SV
1748 2661 1798 2699 13
1827 2652 1956 2691 αὐτῶν

296 2712 376 2750 τινὶ
399 2710 646 2763 ἐχρίμπτετο
669 2708 708 2748 R
723 2708 805 2748 SV
998 2707 1046 2744 16
1075 2703 1242 2758 ἔφραζεν
1265 2705 1354 2744 RV
1532 2717 1579 2756 17
1610 2704 1738 2753 αὐτὴν
1759 2704 1794 2742 Β
1814 2718 1824 2743 :
1853 2706 1954 2753 αὐτὴ

297 2764 375 2816 ἔφη
406 2765 444 2803 R
460 2764 541 2804 SV
712 2764 761 2802 18
791 2762 903 2816 ἔλεξε
919 2793 928 2802 .
947 2791 956 2801 .
977 2792 986 2801 .
1002 2760 1103 2810 ἦλθε
1123 2773 1206 2800 om.
1233 2760 1272 2798 R
1442 2772 1495 2798 20
1524 2760 1645 2800 αὐτὸν
1669 2771 1879 2809 suprascr.
1902 2757 1956 2798 C¹

294 2831 348 2856 22
370 2821 668 2861 ἐκτιλώσαντες
686 2818 725 2857 R
740 2817 821 2857 SV
930 2829 984 2866 23
1005 2815 1268 2868 συμμίξαντες
1290 2814 1324 2852 L
1453 2827 1504 2863 24
1524 2812 1593 2864 orb]
1611 2827 1656 2854 τε
1679 2813 1718 2852 R
1731 2814 1796 2853 V:
1820 2826 1900 2852 om.
1923 2814 1954 2852 S

296 2874 519 2925 συνεμίχθη
543 2875 575 2912 L
593 2889 603 2913 t
633 2874 781 2926 ἐμίχθη
803 2873 1016 2922 Gomperz
1193 2881 1244 2918 25
1274 2873 1354 2910 τῶν
1372 2867 1446 2920 μὲν
1466 2873 1545 2910 τῶν
1564 2885 1653 2921 γυν.
1674 2867 1734 2907 V:
1763 2871 1846 2909 τῶν
1863 2884 1953 2920 yma.

294 2927 369 2977 μὲν
391 2929 429 2967 R
451 2944 459 2968 :
489 2934 572 2970 τῶν
590 2929 666 2979 μὲν
685 2945 772 2981 γυν.
801 2928 830 2966 S

1989 1375 2072 1460 15-

1986 1841 2037 1870 20

1984 2260 2033 2302 ²5
