2098 3320
712 122 1092 187 ιΣΤοΡΙΩΝ
1155 141 1198 187 Δ
1832 142 1915 193 IV.
1944 155 2012 205 43

124 271 182 326 τὸ
213 274 391 323 πλοῖον
430 268 488 321 τὸ
518 269 693 336 πρόσω
730 268 787 321 οὐ
822 272 1031 321 δυνατὸν
1068 268 1141 322 ἔτι
1178 268 1303 322 εἶναι
1341 269 1636 336 προβαίνειν
1674 270 1792 323 ἀλλ’

126 357 440 424 ἐνίσχεσθαι.
517 352 710 422 Ξέρξης
742 356 794 406 δὲ
824 354 881 404 οὔ
913 356 958 405 οἱ
991 355 1354 421 συγγινώσκων
1383 354 1553 422 λέγειν
1583 354 1788 420 ἀληθέα,

125 441 211 493 οὐκ
242 438 607 493 ἐπιτελέσαντά
630 460 689 506 γε
711 438 800 491 τὸν
824 440 1150 505 προκείμενον
1174 439 1372 497 ἄεθλον,
1401 439 1788 499 ἀνεσκολόπισε,

124 524 216 590 τὴν
267 524 480 594 ἀρχαίην
531 523 670 588 δίκην
715 524 968 588 ἐπιτιμῶν.
1052 523 1227 576 τούτου
1271 527 1324 576 δὲ
1368 528 1455 575 τοῦ
1493 523 1792 579 Σατάσπεος
1829 545 1853 589 7

76 634 99 676 5
126 609 361 677 εὐνοῦχος
414 606 602 675 ἀπέδρη
650 609 701 662 ἐς
745 606 931 673 Σάμον,
980 609 1143 661 ἐπείτε
1187 608 1395 660 ἐπύθετο
1439 607 1659 676 τάχιστα
1702 608 1791 660 τὸν

124 694 375 748 δεσπότεα
403 692 804 757 τετελευτηκότα,
839 691 970 760 ἔχων
1000 690 1231 760 χρήματα
1259 691 1471 759 μεγάλα,
1506 694 1568 744 τὰ
1605 691 1790 759 Σάμιος

124 778 250 846 ἀνὴρ
279 775 511 846 κατέσχε,
544 781 631 828 τοῦ
660 775 992 842 ἐπιστάμενος
1021 776 1078 828 τὸ
1101 777 1287 842 οὕνομα
1318 777 1442 829 ἑκὼν
1474 775 1788 843 ἐπιλήθομαι.

206 865 310 928 Τῆς
355 864 410 915 δὲ
460 861 636 926 Ἀσίης
686 863 746 913 τὰ
798 863 967 914 πολλὰ
1017 862 1112 913 ὑπὸ
1166 863 1381 928 Δαρείου
1432 860 1682 928 ἐξευρέθη,
1736 861 1790 917 ὃς
1825 877 1893 927 44

124 948 432 1015 βουλόμενος
460 945 620 998 Ἰνδὸν
651 947 891 1012 ποταμόν,
924 945 977 999 ὃς
1015 938 1354 1013 κροκοδείλους
1394 947 1618 1013 δεύτερος
1648 946 1790 1000 οὗτος

52 1055 102 1085 10
123 1036 358 1099 ποταμῶν
387 1029 587 1084 πάντων
617 1029 904 1099 παρέχεται,
938 1035 1114 1083 τοῦτον
1144 1034 1230 1082 τὸν
1264 1029 1487 1096 ποταμὸν
1518 1030 1700 1084 εἰδέναι
1730 1032 1788 1103 τῇ

127 1119 178 1171 ἐς
229 1115 495 1169 θάλασσαν
548 1117 745 1174 ἐκδιδοῖ,
796 1114 978 1181 πέμπει
1031 1115 1261 1168 πλοίοισι
1311 1114 1499 1168 ἄλλους
1549 1137 1603 1167 τε
1654 1120 1789 1168 τοῖσι

124 1202 356 1254 ἐπίστευε
394 1200 485 1266 τὴν
530 1201 768 1265 ἀληθείην
815 1199 968 1267 ἐρέειν
1014 1200 1092 1252 καὶ
1136 1199 1195 1264 δὴ
1242 1200 1321 1251 καὶ
1363 1199 1593 1251 Σκύλακα
1637 1199 1790 1267 ἄνδρα

126 1283 430 1353 Καρυανδέα.
516 1287 561 1337 οἱ
603 1287 656 1337 δὲ
696 1283 992 1351 ὁρμηθέντες
1037 1286 1090 1336 ἐκ
1137 1284 1471 1350 Κασπατύρου
1514 1306 1568 1337 τε
1614 1285 1789 1339 πόλιος
1824 1302 1849 1334 2

125 1372 204 1423 καὶ
248 1373 335 1435 τῆς
375 1371 658 1434 Πακτυϊκῆς
698 1372 789 1437 γῆς
830 1368 1014 1422 ἔπλεον
1051 1370 1172 1421 κατὰ
1209 1373 1431 1434 ποταμὸν
1467 1368 1589 1435 πρὸς
1625 1369 1694 1434 ἠῶ
1735 1391 1789 1422 τε

53 1476 98 1518 ¹5
125 1454 205 1507 καὶ
244 1455 388 1521 ἡλίου
431 1455 681 1508 ἀνατολὰς
726 1455 776 1507 ἐς
821 1452 1105 1513 θάλασσαν,
1145 1455 1224 1506 διὰ
1266 1450 1531 1518 θαλάσσης
1574 1456 1627 1506 δὲ
1667 1453 1788 1521 πρὸς

125 1538 344 1608 ἑσπέρην
387 1538 625 1593 πλέοντες
668 1543 945 1609 τριηκοστῷ
996 1538 1114 1604 μηνὶ
1159 1537 1475 1591 ἀπικνέονται
1520 1539 1570 1592 ἐς
1613 1543 1788 1590 τοῦτον

123 1624 210 1678 τὸν
239 1629 404 1694 χῶρον
445 1626 560 1676 ὅθεν
590 1625 617 1675 ὁ
649 1623 933 1691 Αἰγυπτίων
968 1622 1217 1688 βασιλεὺς
1253 1622 1366 1676 τοὺς
1403 1623 1639 1677 Φοίνικας
1674 1622 1789 1677 τοὺς

125 1710 364 1777 πρότερον
422 1708 537 1762 εἶπα
596 1706 866 1761 ἀπέστειλε
923 1706 1211 1775 περιπλέειν
1269 1707 1482 1772 Λιβύην.
1568 1709 1693 1773 μετὰ
1736 1709 1789 1759 δὲ
1825 1724 1849 1768 3

125 1794 326 1849 τούτους
367 1794 785 1865 περιπλώσαντας
828 1791 1012 1846 Ἰνδούς
1056 1814 1110 1845 τε
1156 1790 1532 1859 κατεστρέψατο
1579 1796 1791 1859 Δαρεῖος

49 1897 100 1927 20
127 1878 205 1932 καὶ
235 1879 293 1952 τῇ
325 1876 562 1951 θαλάσσῃ
593 1878 744 1950 ταύτῃ
771 1879 968 1945 ἐχρᾶτο.
1044 1878 1198 1931 οὕτως
1223 1877 1301 1928 καὶ
1323 1879 1411 1941 τῆς
1434 1875 1628 1941 Ἀσίης,
1655 1875 1790 1941 πλὴν

123 1965 186 2016 τὰ
215 1963 338 2032 πρὸς
379 1964 524 2029 ἥλιον
560 1964 854 2032 ἀνίσχοντα,
888 1963 948 2013 τὰ
984 1961 1119 2014 ἄλλα
1154 1961 1417 2029 ἀνεύρηται
1453 1962 1601 2027 ὅμοια
1638 1982 1787 2028 παρε·

124 2047 311 2117 χομένη
343 2049 401 2122 τῇ
427 2048 612 2120 Λιβύῃ.

206 2132 271 2184 ‘H
304 2135 357 2186 δὲ
397 2133 610 2201 Εὐρώπη
648 2132 771 2200 πρὸς
805 2131 1029 2197 οὐδαμῶν
1061 2128 1252 2198 φανερή
1285 2132 1396 2183 ἐστι
1426 2129 1787 2198 γινωσκομένη,
1826 2145 1894 2196 45

124 2217 235 2271 οὔτε
269 2220 332 2270 τὰ
360 2217 483 2285 πρὸς
522 2217 666 2283 ἥλιον
707 2215 1050 2269 ἀνατέλλοντα
1092 2215 1204 2268 οὔτε
1246 2217 1307 2267 τὰ
1347 2215 1469 2283 πρὸς
1510 2214 1714 2283 βορέην,
1749 2217 1791 2268 εἰ

49 2321 96 2363 25
126 2303 410 2371 περίρρυτός
468 2304 594 2355 ἐστι·
661 2300 807 2368 μήκεϊ
866 2303 919 2353 δὲ
978 2299 1279 2368 γινώσκεται
1336 2300 1451 2368 παρ’
1505 2299 1792 2368 ἀμφοτέρας

124 2386 432 2454 παρήκουσα.
506 2386 607 2439 οὐδ’
638 2386 739 2455 ἔχω
772 2383 1131 2452 συμβαλέσθαι
1161 2384 1238 2437 ἐπ’
1271 2385 1382 2438 ὅτευ
1417 2392 1505 2458 μιῇ
1544 2385 1696 2458 ἐούσῃ
1726 2385 1790 2456 γῇ
1822 2404 1848 2436 2

124 2471 371 2538 οὐνόματα
405 2470 650 2539 τριφάσια
687 2476 858 2531 κεῖται,
894 2471 1173 2535 ἐπωνυμίας
1204 2469 1386 2539 ἔχοντα
1419 2475 1676 2537 γυναικῶν,
1713 2470 1792 2521 καὶ

183 2625 201 2651 1
234 2610 316 2663 ἔτι]
340 2611 454 2653 ἔστιν
478 2611 517 2650 R
534 2610 616 2651 SV
727 2610 825 2651 εἶναι
846 2622 929 2649 om.
955 2607 993 2647 A
1007 2608 1041 2647 B
1056 2608 1090 2647 C
1249 2622 1274 2648 2
1306 2608 1514 2660 ε’νίχεσθαι
1539 2607 1578 2646 R
1691 2607 1734 2649 οῗ
1747 2611 1793 2649 οὗ

126 2664 213 2706 PR
228 2666 259 2706 S
273 2667 309 2706 V
476 2685 497 2721 3
528 2683 579 2719 γε
600 2665 762 2704 Reiske
783 2680 792 2704 ι
821 2682 869 2706 τε
893 2664 925 2702 L
949 2663 1051 2714 (om.
1078 2662 1130 2712 S)
1286 2677 1307 2714 7
1341 2664 1585 2714 ἐπιλήσομαι
1608 2662 1642 2702 Ρ
1656 2662 1694 2701 R
1711 2663 1741 2702 S
1755 2662 1794 2700 V

121 2733 150 2772 9
177 2723 229 2764 ὥς
259 2721 354 2761 RV
577 2734 626 2762 10
662 2720 825 2761 πάντων
853 2722 1044 2770 ποταμῶν
1076 2717 1114 2756 R
1132 2717 1215 2757 SV
1440 2731 1483 2756 11
1519 2720 1674 2759 ἐσδιδοῖ
1702 2718 1793 2756 RV

125 2777 292 2818 ἄλλοισί
323 2775 459 2816 RSV
682 2788 730 2813 12
760 2774 831 2814 alt.
866 2776 930 2815 καὶ
960 2787 1042 2813 om.
1068 2773 1104 2811 A
1123 2773 1156 2811 B
1173 2773 1207 2812 C
1436 2785 1483 2822 13
1515 2772 1699 2826 Καπύρου
1723 2773 1763 2811 R
1783 2787 1792 2811 ε

126 2831 391 2886 Καοταπύρου
423 2830 505 2870 SV
706 2842 753 2880 14
794 2829 996 2877 Πακτυίης
1027 2827 1062 2866 R
1081 2827 1162 2867 SV
1301 2828 1406 2869 κατὰ
1434 2829 1508 2868 τὸν
1533 2844 1627 2868 ποτ.
1655 2826 1693 2865 R
1710 2827 1793 2867 SV

127 2886 178 2926 18
207 2888 373 2929 -πλώειν
392 2885 426 2926 L
448 2887 536 2938 (-ην
557 2884 665 2937 RV)
822 2897 877 2923 20
906 2881 1020 2925 οὗτος
1043 2883 1076 2922 C
1188 2886 1190 2888 ’
1228 2895 1276 2921 21
1311 2881 1450 2931 ἠέλιον
1474 2882 1513 2921 R
1529 2882 1609 2922 SV
1630 2882 1691 2933 (it.
1716 2883 1791 2933 24)

123 2941 178 2983 τὰ
199 2953 282 2982 om.
305 2940 345 2980 R
362 2939 444 2981 SV
572 2939 856 2994 παρεχομένην
879 2938 912 2978 C
1098 2950 1150 2987 23
1181 2936 1224 2979 δὲ
1246 2938 1295 2987 δὴ
1317 2937 1347 2976 S
1362 2937 1399 2976 V
1583 2950 1635 2988 24
1666 2940 1794 2992 βορῆν

123 2994 166 3035 Α
179 2995 215 3036 Β
380 2996 436 3036 26
464 2996 776 3048 συμβαλλέσθαι
798 2995 831 3034 C
999 3005 1049 3043 27
1082 2993 1217 3035 κέεται
1240 2993 1273 3033 C
1288 2993 1321 3032 P
1337 2992 1376 3032 R
1391 2992 1421 3033 S
1435 2993 1473 3032 V
1491 2993 1616 3046 (καί-)

1547 3075 1629 3115 22*
