2098 3320
1055 18 1076 26 χ

26 95 65 145 Ι.
84 110 180 157 193
850 98 1274 146 HPOAOTOT

230 224 434 294 χωρέων
467 226 585 290 αὕτη
618 225 823 278 πασέων
852 232 1020 297 μακρῷ
1053 228 1230 295 ἀρίστη
1254 234 1352 280 τῶν
1381 229 1522 294 ἡμεῖς
1552 235 1692 295 ἴδμεν
1725 227 1896 295 Δήμη-

169 333 194 375 3
218 331 342 375 τρος
371 309 558 376 καρπὸν
584 309 830 379 ἐκφέρειν.
879 312 941 362 τὰ
965 313 1060 378 γὰρ
1085 311 1142 376 δὴ
1163 311 1298 364 ἄλλα
1317 311 1522 380 δένδρεα
1538 315 1650 366 οὐδὲ
1673 317 1899 380 πειρᾶται

229 393 389 462 ἀρχὴν
422 393 610 461 φέρειν,
645 395 757 447 οὔτε
790 394 974 459 συκέην
1005 397 1118 448 οὔτε
1145 395 1369 462 ἄμπελον
1400 398 1512 449 οὔτε
1542 397 1733 462 ἐλαίην.
1813 397 1899 450 τὸν

227 480 281 530 δὲ
309 481 398 543 τῆς
427 477 692 546 Δήμητρος
724 484 912 546 καρπὸν
942 481 1039 532 ὧδε
1068 481 1227 547 ἀγαθὴ
1253 480 1484 549 ἐκφέρειν
1509 482 1620 534 ἐστὶ
1654 482 1785 534 ὥστε
1816 482 1899 534 ἐπὶ

227 563 457 627 διηκόσια
493 566 585 628 μὲν
623 567 680 615 τὸ
723 563 957 631 παράπαν
997 566 1240 625 ἀποδιδοῖ,
1279 565 1430 619 ἐπεὰν
1468 569 1520 618 δὲ
1560 565 1741 633 ἄριστα
1770 566 1897 630 αὐτὴ
1923 591 1945 630 5

0 657 119 700 m.
227 649 410 711 ἑωυτῆς
443 647 623 720 ἐνείκῃ,
658 648 740 700 ἐπὶ
771 649 1031 714 τριηκόσια
1063 649 1279 717 ἐκφέρει.
1353 653 1413 702 τὰ
1444 653 1495 703 δὲ
1527 651 1698 718 φύλλα
1728 650 1899 702 αὐτόθι

226 737 326 783 τῶν
357 754 411 784 τε
444 737 611 798 πυρῶν
646 734 725 784 καὶ
755 738 852 786 τῶν
878 733 1083 801 κριθέων
1113 734 1170 785 τὸ
1200 733 1390 789 πλάτος
1419 736 1612 802 γίνεται
1640 734 1898 802 τεσσέρων

0 820 102 865 ω’
168 840 196 882 4
228 815 470 869 εὐπετέως
513 817 786 869 δακτύλων.
877 817 934 869 ἐκ
970 822 1022 870 δὲ
1059 818 1272 889 κέγχρου
1311 819 1390 870 καὶ
1426 818 1658 885 σησράμου
1695 821 1819 871 ὅσον
1851 829 2098 872 ⁷·th

227 899 427 965 δένδρον
446 899 664 967 μέγαθος
684 903 889 969 γίνεται,
913 900 1301 968 ἐξεπιστάμενος
1318 902 1516 969 μνήμην
1534 903 1590 955 οὗ
1609 902 1895 969 ποιήσομαι,

229 985 281 1036 εὖ
312 986 453 1039 εἰδὼς
485 986 562 1037 ὅτι
583 991 719 1037 τοῖσι
750 986 816 1051 μὴ
841 986 1160 1054 ἀπιγμένοισι
1193 987 1242 1041 ἐς
1262 987 1353 1052 τὴν
1379 990 1710 1054 Βαβυλωνίην
1729 988 1898 1057 χώρην
1925 1009 1975 1038 10

184 1106 201 1117 0
229 1071 308 1122 καὶ
331 1072 390 1121 τὰ
411 1068 645 1144 εἰρημένα
667 1076 867 1141 καρπῶν
893 1071 1109 1139 ἐχόμενα
1128 1071 1179 1126 ἐς
1199 1073 1437 1137 ἀπιστίην
1456 1072 1655 1137 πολλὴν
1677 1073 1894 1125 ἀπῖκται.

227 1153 472 1222 χρέωνται
509 1158 562 1207 δὲ
606 1155 747 1207 οὐδὲν
781 1155 951 1226 ἐλαίῳ,
980 1156 1094 1208 ἀλλ’
1128 1156 1180 1207 ἐκ
1211 1162 1314 1211 τῶν
1347 1156 1592 1222 σησάμων
1627 1161 1895 1211 ποιεῦντες.

229 1239 328 1290 εἶσὶ
347 1239 400 1290 δέ
425 1245 521 1306 σφι
547 1241 770 1306 φοίνικες
799 1241 1077 1307 πεφυκότες
1099 1242 1194 1293 ἀνὰ
1216 1245 1316 1293 πᾶν
1334 1241 1392 1293 τὸ
1409 1242 1596 1301 πεδίον,
1617 1244 1663 1294 οἱ
1687 1246 1897 1295 πλεῦνες

227 1323 389 1375 αὐτῶν
430 1324 755 1390 καρποφόροι,
803 1324 860 1376 ἐκ
902 1330 999 1376 τῶν
1046 1325 1125 1376 καὶ
1171 1330 1308 1377 σιτία
1353 1326 1431 1377 καὶ
1476 1326 1612 1378 οἶνον
1657 1326 1736 1378 καὶ
1779 1325 1897 1391 μέλι

171 1432 192 1477 5
227 1412 493 1459 ποιεῦνται·
540 1408 653 1462 τοὺς
686 1406 878 1461 συκέων
910 1409 1096 1476 τρόπον
1127 1410 1456 1476 θεραπεύουσι
1485 1409 1547 1461 τά
1576 1432 1629 1461 τε
1658 1409 1792 1478 ἄλλα
1816 1410 1896 1462 καὶ
1923 1428 1971 1469 15

0 1046 87 1084 udo

0 1097 174 1182 aa.

229 1494 468 1558 φοινίκων
488 1492 600 1547 τοὺς
626 1492 1099 1558 ἔρσενας’Έλληνες
1124 1491 1377 1553 καλέουσι,
1398 1494 1585 1546 τούτων
1602 1493 1688 1546 τὸν
1709 1493 1896 1560 καρπὸν

0 1571 198 1651 ἈΜἏᾛ
228 1574 509 1642 περιδέουσι
551 1579 661 1649 τῇσι
699 1579 1111 1645 βαλανηφόροισι
1150 1582 1247 1629 τῶν
1278 1579 1533 1645 φοινίκων,
1568 1580 1650 1630 ἵνα
1679 1580 1894 1650 πεπαίνῃ

0 1668 87 1750 ᾖ,
227 1658 281 1711 τέ
333 1667 430 1727 σφι
474 1663 500 1711 6
543 1661 651 1729 ψῂν
695 1661 784 1726 τὴν
832 1661 1062 1728 βάλανον
1109 1661 1331 1714 ἐσδύνων
1376 1663 1454 1714 καὶ
1498 1662 1563 1727 μὴ
1608 1659 1823 1734 ἀπορρέῃ
1868 1663 1895 1714 6

229 1745 411 1811 καρπὸς
447 1751 534 1797 τοῦ
571 1748 812 1813 φοίνικος·
860 1749 1028 1814 ψῆνας
1064 1748 1158 1813 γὰρ
1197 1746 1254 1810 δὴ
1287 1744 1500 1813 φέρουσι
1538 1746 1591 1798 ἐν
1621 1752 1688 1816 τῷ
1726 1751 1893 1815 καρπῷ

0 1832 190 1938 ᾏ194
228 1832 274 1881 οἱ
306 1830 521 1896 ἔρσενες,
559 1830 681 1882 κατά
717 1852 809 1898 περ
841 1830 899 1894 δὴ
937 1833 983 1882 οἱ
1022 1832 1239 1902 ὄλονθοι.
1309 1835 1363 1882 τὸ
1399 1833 1453 1882 δὲ
1489 1829 1720 1882 ἁπάντων
1757 1834 1896 1895 θῶμα
1922 1846 1972 1874 20

0 1895 16 1915 ἱ
89 1907 98 1915 ’
226 1913 469 1981 μέγιστόν
511 1916 600 1981 μοί
638 1918 748 1967 ε’στι
794 1920 893 1967 τῶν
937 1915 1089 1985 ταύτῃ
1133 1913 1256 1979 μετά
1300 1936 1357 1981 γε
1403 1914 1553 1978 αὐτὴν
1598 1914 1686 1978 τὴν
1725 1914 1890 1974 πόλιν,

227 1998 436 2067 ἔρχομαι
486 1999 711 2067 φράσων.
759 2014 763 2018 “
806 2002 868 2051 τὰ
918 2003 1071 2050 πλοῖα
1122 1998 1321 2050 αὐτοῖσί
1369 1999 1478 2050 ἐστι
1527 2000 1588 2049 τὰ
1641 2000 1763 2049 κατὰ
1809 2002 1895 2049 τὸν

228 2083 449 2148 ποταμὸν
493 2085 798 2151 πορευόμενα
842 2085 892 2136 ἐς
939 2083 1028 2148 τὴν
1077 2087 1360 2148 Βαβυλῶνα
1408 2083 1554 2134 ἐόντα
1600 2081 1895 2148 κυκλοτερέα

169 2188 193 2219 2
229 2166 391 2219 πάντα
450 2168 670 2219 σκύτινα·
740 2170 892 2220 ἐπεὰν
953 2170 1048 2234 γὰρ
1111 2169 1165 2218 ἐν
1219 2172 1354 2228 ’,τοῖσι
1406 2166 1713 2233 Ἀρμενίοισι
1763 2171 1919 2230 τοῖσι,

0 2261 97 2301 bne
230 2252 499 2318 κατύπερθε
529 2252 815 2318 Ἀσσυρίων
859 2251 1164 2317 οἰκημένοισι
1195 2221 1389 2325 &ga-{as
1427 2250 1585 2317 εἰζέης
1611 2248 1896 2316 ταμόμενοι
1921 2271 1969 2311 25

230 2334 552 2400 ποιήσωνται,
600 2338 932 2404 περιτείνουσι
978 2337 1200 2387 τούτοισι
1246 2334 1484 2402 διφθέρας
1532 2335 2098 2416 στέγα-οξτρίδαςᾹῖθίὶὃέ1

288 2487 305 2512 1
331 2474 492 2516 πασέων
506 2475 606 2522 αὕτη
626 2473 663 2511 R
681 2474 710 2512 S
725 2474 763 2511 V
783 2487 791 2512 :
826 2474 926 2522 αὐτὴ
944 2470 1132 2514 ἁπασέων
1150 2472 1183 2510 Ρ
1293 2484 1317 2509 2
1339 2472 1484 2525 καρπὸς
1503 2470 1541 2508 R
1554 2469 1606 2509 V¹
1702 2469 1844 2524 δένδρα
1859 2469 1896 2507 V

228 2542 253 2578 5
297 2530 458 2570 ἐπειδὰν
491 2528 529 2566 Α
547 2529 580 2566 Β
597 2528 630 2566 C
650 2529 681 2566 P
854 2529 954 2576 αὕτη
990 2529 1135 2580 ἄριστα
1171 2526 1210 2564 R
1227 2526 1308 2565 SV
1525 2527 1552 2563 6
1593 2521 1776 2578 ἐκφέρειν
1814 2523 1894 2563 SV

230 2596 251 2632 7
296 2582 506 2636 τεσσάρων
541 2583 574 2621 C
591 2583 624 2620 P
639 2583 668 2622 S
683 2583 720 2621 V
944 2596 971 2632 9
1008 2581 1178 2634 μέγεθος
1213 2581 1243 2620 S
1257 2581 1294 2618 V
1517 2592 1561 2618 11
1603 2581 1754 2632 καρπὸν
1788 2578 1827 2616 R
1840 2576 1893 2641 V}

235 2652 282 2676 12
313 2636 406 2678 ἀλλ’
429 2637 490 2690 (ἢ)
511 2638 630 2677 Stein
746 2640 948 2678 ποιεῦνται
971 2637 1001 2676 S
1014 2637 1052 2674 V
1220 2647 1267 2684 15
1298 2639 1430 2676 συκῶν
1451 2634 1489 2672 R
1506 2634 1535 2673 S
1550 2634 1587 2672 V
1696 2633 1845 2686 τρόπωι
1860 2632 1893 2669 C

235 2694 284 2731 16
314 2694 401 2745 ἅρσ.
427 2693 466 2731 R
485 2693 514 2732 S
538 2692 604 2745 (it.
627 2693 696 2743 20)
802 2691 1014 2740 Ἕλληνας
1038 2690 1076 2728 R
1188 2693 1335 2730 τοῦτον
1358 2690 1396 2726 R
1413 2689 1494 2728 SV
1644 2701 1691 2737 17
1722 2690 1895 2740 πεπαίνῃ

230 2746 278 2787 τέ
306 2747 346 2785 Α
361 2747 396 2785 Β
414 2763 422 2787 :
462 2747 706 2796 πεπαίνηταί
737 2746 826 2786 rell.
865 2746 1022 2796 (πεπέν.
1059 2746 1088 2784 S
1102 2745 1159 2797 V)
1342 2745 1389 2781 18
1427 2745 1504 2793 τὴν
1533 2742 1716 2791 βάλανον
1743 2755 1825 2782 om.
1859 2742 1894 2780 C

236 2814 284 2851 19
313 2802 408 2850 τοῦ]
432 2806 453 2843 6
473 2805 546 2843 τοῦ
569 2802 608 2839 R
626 2801 707 2840 SV
818 2803 866 2850 δὴ
887 2815 970 2841 om.
994 2801 1033 2838 R
1228 2812 1282 2838 20
1310 2800 1361 2847 δὴ
1380 2812 1463 2838 om.
1486 2798 1525 2836 A
1540 2798 1574 2836 B
1590 2797 1624 2836 C
1736 2797 1894 2838 ὄλυνθοι

235 2856 486 2908 PRSV<2)
629 2855 1072 2906 vaptaACPRVC:
1101 2852 1371 2904 θώυμονὸν1
1574 2865 1623 2891 21
1654 2851 1726 2905 γε]
1748 2850 1896 2892 &SV

234 2912 384 3004 2C4Rath.
409 2915 517 2952 τοῖσι
533 2924 613 2952 om,
635 2911 675 2949 R
692 2911 773 2949 SV
882 2922 933 2959 25
965 2914 1122 2963 -περθεν
1145 2909 1183 2946 R
1198 2909 1234 2946 V
1310 2908 1417 2956 ἰτέης
1441 2908 1474 2946 L
1578 2907 1632 2945 26
1659 2906 1896 2955 ποιήσονται
