2098 3320
156 101 242 153 IV.
272 103 336 165 78
998 60 1428 149 HPOAOTOT

373 235 517 283 λοῖσι
546 232 599 282 δὲ
632 228 785 296 κάρτα
815 228 954 283 ἔτεσι
988 231 1198 298 ὕστερον
1229 231 1426 296 Σκύλης
1456 231 1483 283 ὁ
1513 230 1853 299 Ἀριαπείθεος
1882 233 2035 288 ἔπαθε

377 313 706 382 παραπλήσια
735 314 908 385 τούτῳ.
996 314 1302 382 Ἀριαπείθεϊ
1337 317 1432 383 γὰρ
1461 320 1528 386 τῷ
1562 315 1788 370 Σκυθέων
1827 317 2038 383 βασιλέϊ

375 402 565 468 γίνεται
587 399 693 465 μετ’
714 398 885 452 ἄλλων
909 400 1100 452 παίδων
1120 399 1329 465 Σκύλης·
1364 398 1424 465 ἐξ
1438 400 1716 467 Ἰστριηνῆς
1734 404 1788 454 δὲ
1807 401 2037 469 γυναικὸς

376 484 519 539 οὗτος
563 485 754 551 γίνεται
800 484 879 536 καὶ
924 484 1147 550 οὐδαμῶς
1191 471 1453 553 ἐγχωρ”ίης,
1500 484 1588 538 τὸν
1633 485 1664 551 ἡ
1711 484 1871 553 μήτηρ
1915 485 2036 552 αὐτὴ

319 588 344 620 2
376 567 623 636 γλῶσσάν
642 590 697 621 τε
719 567 944 621 Ἑλλάδα
969 569 1048 621 καὶ
1070 567 1335 636 γράμματα
1360 567 1568 634 ἐδίδαξε.
1642 571 1766 636 μετὰ
1789 572 1843 623 δὲ
1871 571 2036 641 χρόνῳ
2059 593 2083 635 5

375 653 585 720 ὕστερον
615 653 934 720 Ἀριαπείθης
968 655 1060 719 μὲν
1087 659 1296 724 τελευτᾷ
1337 654 1467 724 δόλῳ
1503 652 1600 707 ὑπὸ
1632 656 2038 723 Σπαργαπείθεος

376 742 461 789 τοῦ
501 737 830 805 Ἀγαθύρσων
874 737 1140 803 βασιλέος,
1190 737 1385 803 Σκύλης
1429 741 1483 792 δὲ
1527 736 1619 803 τήν
1661 759 1717 791 τε
1759 740 2037 805 βασιληίην

377 821 641 889 παρέλαβε
666 822 744 874 καὶ
767 822 858 887 τὴν
888 827 1097 889 γυναῖκα
1118 826 1205 874 τοῦ
1227 823 1429 889 πατρός,
1455 829 1516 896 τῇ
1540 823 1723 889 οὕνομα
1753 820 1814 887 ἥν
1836 823 2034 888 Ὀποίη.

0 913 319 1001 ᾺΜΞΞΜ
377 905 437 971 ἦν
478 909 532 959 δὲ
573 907 694 972 αὕτη
736 906 765 972 ἡ
802 906 982 971 Ὀποίη
1024 905 1170 975 dog-75,
1204 905 1265 972 ἐξ
1299 906 1358 972 ἧς
1397 905 1458 971 ἣν
1491 905 1696 974 Ὄρικος
1734 906 2038 974 Ἀριαπείθεϊ

311 1013 336 1056 3

377 996 509 1046 παῖς.
578 990 871 1056 βασιλεύων
900 994 954 1044 δὲ
978 990 1207 1043 Σκυθέων
1237 992 1264 1042 ὁ
1294 991 1487 1057 Σκύλης
1509 993 1671 1064 διαίτῃ
1699 994 1791 1058 μὲν
1813 993 2038 1058 οὐδαμῶς
2063 1015 2098 1045 1<

377 1074 620 1142 ἠρέσκετο
651 1076 879 1149 Σκυθικῇ,
906 1076 1041 1128 ἀλλὰ
1070 1075 1265 1128 πολλὸν
1295 1075 1416 1143 πρὸς
1445 1078 1508 1128 τὰ
1536 1075 1811 1141 Ἑλληνικὰ
1839 1080 2038 1143 μᾶλλον

378 1159 713 1227 τετραμμένος
742 1159 803 1225 ἦν
833 1161 931 1213 ἀπὸ
961 1160 1250 1215 παιδεύσιος
1286 1163 1374 1226 τῆς
1409 1162 1750 1221 ἐπεπαίδευτο,
1783 1161 1947 1214 ἐποίεέ
1982 1183 2038 1215 τε

378 1249 620 1298 τοιοῦτον·
676 1244 785 1298 εὖτε
830 1243 1012 1313 ἀγάγοι
1057 1245 1148 1310 τὴν
1196 1244 1434 1314 στρατιὴν
1481 1245 1572 1310 τὴν
1616 1244 1844 1299 Σκυθέων
1888 1247 1940 1301 ἐς
1981 1244 2038 1299 τὸ

382 1327 811 1397 Βορυσθενεϊτέων
855 1329 984 1383 ἄστυ
1026 1327 1090 1395 (οἱ
1135 1332 1188 1383 δὲ
1229 1325 1613 1397 Βορυσθενεῗται
1653 1330 1789 1383 οὗτοι
1827 1328 2038 1398 λέγουσι

381 1413 546 1481 σφέας
590 1413 766 1468 αὐτοὺς
806 1414 931 1467 εἶναι
972 1414 1289 1480 Μιλησίους),
1330 1416 1382 1468 ἐς
1421 1414 1624 1470 τούτους
1662 1415 1788 1469 ὅκως
1829 1414 1969 1467 ἔλθοι
2011 1417 2098 1478 612

380 1499 590 1564 Σκύλης,
631 1498 721 1562 τὴν
760 1501 851 1564 μὲν
897 1498 1137 1566 στρατιὴν
1184 1500 1518 1552 καταλίπεσκε
1561 1501 1618 1552 ἐν
1656 1504 1723 1569 τῷ
1764 1500 2035 1570 προαστίῳ,

314 1607 343 1650 4
379 1582 524 1636 αὐτὸς
564 1585 617 1635 δὲ
656 1583 782 1637 ὅκως
823 1584 963 1635 ἔλθοι
1001 1585 1053 1638 ἐς
1092 1583 1149 1636 τὸ
1183 1588 1350 1653 τεῖχος
1393 1585 1471 1636 καὶ
1508 1585 1597 1638 τὰς
1635 1584 1798 1638 πύλας
1837 1585 2035 1651 ἐγκληί-

379 1688 503 1727 σειε,
551 1666 643 1731 τὴν
691 1667 882 1732 στολὴν
930 1667 1235 1734 ἀποθέμενος
1281 1668 1371 1733 τὴν
1420 1667 1661 1733 Σκυθικὴν
1704 1666 1931 1734 λάβεσκε
1977 1667 2038 1720 ἂν

377 1750 654 1817 Ἑλληνίδα
713 1754 916 1816 ἐσθῆτα,
978 1740 1137 1821 ἔχωνι
1178 1752 1220 1805 δ’
1279 1752 1340 1804 ἂν
1403 1753 1587 1818 ταύτην
1649 1752 1860 1820 ἠγόραζε
1923 1746 2040 1804 ὀὔτε

379 1836 671 1904 δορυφόρων
719 1835 974 1902 ἑπομένων
1020 1836 1133 1889 οὔτε
1179 1835 1339 1889 ἄλλου
1386 1837 1585 1891 οὐδενός
1627 1836 1733 1903 (τὰς
1762 1839 1833 1889 -δέ
1876 1836 2039 1891 πύλας
2064 1859 2098 1889 2<

379 1921 695 1987 ἐφύλασσον,
755 1919 821 1986 μή
881 1923 956 1975 τίς
1017 1942 1102 1987 μιν
1160 1920 1389 1974 Σκυθέων
1453 1909 1550 1974 ἴδοι
1610 1921 1793 1990 ἔχοντα
1854 1921 2039 1987 ταύτην

379 2004 471 2069 τὴν
530 2003 755 2069 στολήν),
812 2006 891 2058 καὶ
949 2006 1116 2058 τᾶλλα
1175 2008 1357 2074 ἐχρᾶτο
1416 2008 1574 2078 διαίτῃ
1624 2004 1899 2078 Ἑλληνικῇ
1959 2005 2040 2058 καὶ

318 2106 338 2153 5
381 2091 544 2141 θεοῖσι
592 2091 673 2156 ἱρὰ
722 2090 886 2142 ἐποίεε
934 2092 1055 2142 κατὰ
1101 2091 1281 2155 νόμους
1326 2090 1441 2144 τοὺς
1488 2087 1766 2154 Ἑλλήνων.
1854 2090 1939 2142 ὅτε
1985 2091 2039 2142 δὲ

381 2175 659 2240 διατρίψειε
698 2177 830 2239 μῆνα
867 2170 897 2238 ἢ
939 2173 1095 2227 πλέον
1134 2176 1324 2235 τούτου,
1364 2173 1730 2227 ἀπαλλάσσετο
1770 2172 1910 2228 ἐνδὺς
1948 2172 2038 2238 τὴν

380 2257 627 2322 Σκυθικὴν
658 2257 864 2323 στολήν.
953 2263 1104 2311 ταῦτα
1140 2258 1372 2311 ποιέεσκε
1407 2257 1668 2317 πολλάκις,
1703 2258 1782 2310 καὶ
1819 2259 1949 2324 οἰκία
1982 2228 2098 2320 76⁸2}

2 2336 328 2403 ὓψίωἱὶ*
381 2342 610 2407 ἐδείματο
656 2343 710 2394 ἐν
756 2342 1058 2410 Βορυσθένεϊ
1104 2344 1181 2395 καὶ
1225 2347 1432 2410 γυναῖκα
1475 2343 1627 2410 ἔγῃμς
1671 2344 1722 2396 ἐς
1766 2343 1889 2395 αὐτὰ
1927 2343 2033 2395 ἐπι-

443 2493 461 2519 1
495 2480 607 2522 ἔτεσι
628 2480 757 2535 κάρτα
775 2480 863 2519 ΑΒ
878 2481 911 2519 C
1045 2494 1079 2531 1,
1104 2494 1144 2529 2,
1165 2483 1204 2531 6,
1227 2494 1255 2530 9
1283 2481 1408 2535 Ἀριπ.
1435 2481 1520 2520 PR
1535 2480 1618 2520 SV
1745 2494 1770 2519 2
1799 2485 1880 2522 τῶν
1900 2479 2038 2520 RSV

384 2549 411 2586 3
439 2535 513 2585 μὲν
534 2536 568 2574 C
700 2537 891 2589 ἶστρηνῆς
913 2536 948 2574 Β
969 2551 978 2575 t
1007 2538 1187 2586 ἶστρινῆς
1208 2536 1241 2574 C
1257 2535 1315 2575 P:
1346 2536 1524 2590 ι’στρίνης
1547 2535 1586 2574 R
1600 2535 1629 2574 S
1643 2536 1681 2574 V
1880 2549 1906 2584 4
1935 2537 2037 2584 αὕτη

385 2590 474 2629 ΑΒ
491 2590 524 2629 C
541 2590 575 2629 P
734 2591 760 2630 8
781 2596 824 2630 et
846 2605 872 2641 9
901 2589 1021 2639 Ὀπίη
1043 2590 1123 2630 SV
1277 2604 1305 2641 9
1334 2592 1458 2645 αὕτηρ
1477 2593 1502 2639 ὴ
1525 2591 1564 2629 R
1669 2591 1832 2643 ''Opucos
1854 2589 2038 2630 PRSV

386 2644 610 2684 Herodian
632 2645 655 2684 i.
687 2657 763 2695 152
782 2660 792 2685 ε
814 2646 983 2699 Ὄριχος
1001 2645 1042 2683 A
1056 2645 1091 2683 B
1113 2660 1121 2684 :
1151 2645 1314 2698 Ὅρίχος
1334 2645 1368 2683 C
1523 2657 1572 2684 10
1599 2643 1807 2693 βασιλέων
1826 2649 1941 2688 Σκυθ.
1967 2643 2007 2682 R
2027 2658 2038 2683 ε

385 2699 660 2752 (βασι)λεύων
678 2700 723 2740 δὲ
746 2700 801 2739 R¹
822 2713 902 2750 mg.
1071 2699 1145 2750 μὲν
1171 2712 1253 2738 om.
1278 2699 1319 2738 A
1333 2699 1368 2737 B
1385 2699 1418 2738 C
1640 2711 1689 2748 13
1716 2701 1877 2740 ’τοιοῦτο
1895 2699 1936 2738 Α
1950 2699 1985 2737 Β
2002 2698 2036 2738 Ρ

389 2768 437 2804 14
458 2754 642 2796 ·νειτε’ων
657 2761 699 2794 et
719 2758 865 2796 ·νεῖται
886 2754 926 2793 Α
941 2755 975 2793 Β
992 2755 1031 2793 R
1046 2755 1075 2793 S
1089 2754 1127 2793 V
1241 2766 1290 2804 15
1311 2753 1411 2803 ἔλθη
1431 2753 1466 2793 C
1479 2754 1519 2793 R
1532 2753 1571 2792 V
1698 2755 1747 2792 16
1767 2754 2036 2795 κατελίπεσκε

383 2810 423 2849 Α
437 2809 472 2848 Β
485 2809 518 2848 C
533 2809 589 2848 P:
620 2809 939 2851 καταλειπέεσκε
958 2810 997 2848 R
1013 2809 1043 2848 S
1055 2809 1095 2847 V
1189 2809 1413 2860 προαστείῳ
1435 2808 1469 2847 L
1597 2820 1645 2858 17
1675 2808 1857 2860 ἐγκλείσ.
1877 2809 1917 2847 R
1930 2808 1961 2847 S
1974 2808 2034 2846 V:

385 2865 565 2906 ἐκκλείσ.
582 2865 616 2903 C
746 2878 800 2903 20
829 2863 978 2917 ἄλλον]
1000 2867 1102 2905 λαοῦ
1122 2863 1163 2902 R
1176 2863 1206 2902 S
1219 2863 1259 2902 V
1367 2876 1420 2902 22
1448 2863 1502 2904 τὰ
1522 2863 1632 2904 ἄλλα
1650 2861 1688 2902 Α
1702 2863 1736 2901 Β
1751 2862 1786 2900 C
1804 2875 1815 2900 ε
1842 2866 1973 2904 ταῦτα
1993 2861 2034 2901 R
2053 2906 2064 2911 q

383 2931 436 2968 23
467 2919 633 2968 ἐποίησε
655 2919 694 2957 R
710 2919 740 2958 S
753 2920 790 2958 V
882 2918 997 2970 τοὺς]
1019 2923 1100 2960 τῶν
1121 2918 1155 2956 C
1279 2930 1332 2967 24
1363 2918 1480 2959 ἐσδὺς
1501 2916 1540 2955 R
1556 2916 1586 2955 S
1599 2917 1638 2956 V
1764 2927 1816 2966 25
1847 2917 2033 2958 ἐποίεσκε

386 2973 424 3012 R
536 2973 751 3016 πλεονάκις
772 2974 811 3013 R
827 2974 857 3014 S
870 2974 909 3013 V
1018 2975 1081 3015 καὶ
1103 2986 1183 3012 om.
1210 2972 1244 3011 P
1258 2972 1296 3011 R
1311 2972 1341 3012 S
1354 2972 1392 3011 V
1501 2973 1555 3011 26
1583 2972 1648 3013 καὶ
1667 2974 1839 3025 ’γυναῖκα
1857 2988 1904 3013 τε
1925 2971 1959 3010 C
