2098 3320
111 69 192 119 [V.
221 40 308 131 ss72
961 69 1391 118 HPOAOTOT

346 199 681 254 δικαιοτάτους
714 201 792 253 καὶ
822 201 1055 267 ἀρίστους
1085 200 1385 268 λεγομένους
1407 198 1660 268 γενέσθαι,
1685 192 1885 254 τούτους
1913 205 2012 252 τῶν

346 286 553 350 τύμβων
589 286 874 350 ἁπτόμενοι,
904 285 1229 350 μαντεύονται
1265 288 1318 337 δὲ
1355 285 1435 338 ἐπὶ
1471 289 1570 336 τῶν
1605 285 1864 351 προγόνων
1895 291 2010 352 φοι-

347 374 528 422 τῶντες
550 370 610 419 τὰ
642 367 841 433 σήματα
867 371 945 421 καὶ
972 368 1320 435 κατευξάμενοι
1345 371 1836 434 ἐπικατακοιμῶνται·
1881 367 1938 420 τὸ
1968 367 2011 420 δ’

284 472 312 514 4
347 452 407 504 ἂν
427 454 506 524 ἴδῃ
527 454 581 505 ἐν
600 460 660 525 τῇ
679 455 775 525 ὄψι,
795 453 1041 514 ἐνύπνιον,
1063 454 1218 524 τούτῳ
1242 456 1436 523 χρᾶται.
1499 453 1698 505 πίστισι
1720 455 1773 504 δὲ
1791 453 2032 525 τοιῃσίδε

347 535 609 604 χρέωνται·
657 538 710 588 ἐκ
747 539 833 601 τῆς
872 537 1038 606 χειρὸς
1075 541 1204 590 διδοῖ
1233 542 1364 590 πιεῖν
1404 537 1483 589 καὶ
1522 536 1669 591 αὐτὸς
1712 539 1765 588 ἐκ
1803 539 1893 602 τῆς
1926 539 2058 598 τοῦ5

349 619 518 687 ἑτέρου
541 622 688 673 πίνει·
735 617 796 685 ἢν
819 624 872 673 δὲ
895 621 960 686 μὴ
986 621 1145 690 ἔχωσι
1168 621 1319 689 ὑγρὸν
1341 620 1511 687 μηδέν,
1534 623 1580 673 οἱ
1604 624 1658 674 δὲ
1679 624 1767 686 τῆς
1788 623 2014 690 χαμᾶθεν

224 720 309 771 173
350 707 540 756 σποδοῦ
569 706 817 771 λαβόντες
845 707 1094 774 λείχουσι.
1162 710 1448 772 Νασαμῶσι
1473 707 1525 758 δὲ
1549 706 1890 773 προσόμουροί
1916 707 2014 757 εἶσι

348 789 556 841 Ψύλλοι.
647 789 782 841 οὗτοι
821 788 1177 854 ἐξαπολώλασι
1218 791 1383 860 τρόπῳ
1425 792 1612 859 τοιῷδε·
1661 791 1687 840 6
1730 790 1872 843 νότος
1918 795 2015 856 σφι

17 873 260 948 mre-'no
348 872 514 926 πνέων
549 872 729 939 ἄνεμος
768 876 830 925 τὰ
871 873 1050 943 ἔλυτρα
1089 880 1187 926 τῶν
1226 873 1415 926 ὑδάτων
1454 873 1673 939 ἐξηύηνε,
1711 874 1741 938 ἡ
1783 876 1836 926 δὲ
1875 874 2014 941 χώρη

351 965 449 1026 σφι
469 961 609 1010 πᾶσα
634 958 772 1012 ἐντὸς
794 959 948 1010 ἐοῦσα
966 961 1053 1023 τῆς
1074 960 1276 1026 Σύρτιος
1309 957 1367 1023 ἦν
1393 958 1612 1024 ἄνυδρος·
1655 960 1700 1010 οἱ
1723 960 1776 1009 δὲ
1799 962 2012 1023 βουλευ-
2041 977 2092 1006 ιο

351 1041 560 1108 σάμενοι
598 1047 742 1112 κοινῷ
777 1043 914 1113 λόγῳ
956 1043 1310 1110 ἐστρατεύοντο
1351 1043 1433 1096 ἐπὶ
1470 1040 1561 1094 τὸν
1593 1042 1738 1094 νότον
1770 1038 1922 1110 (λέγω
1962 1043 2017 1094 δὲ

349 1131 501 1179 ταῦτα
523 1129 584 1179 τὰ
603 1126 814 1193 λέγουσι
838 1125 1056 1193 Λίβυες),
1085 1129 1163 1180 καὶ
1194 1128 1358 1180 ἐπείτε
1389 1129 1614 1194 ἐγίνοντο
1647 1127 1701 1178 ἐν
1723 1133 1785 1199 τῇ
1806 1124 2014 1195 ψάμμῳ,

351 1211 571 1266 πνεύσας
595 1213 621 1263 6
646 1211 788 1266 νότος
813 1211 1071 1280 κατέχωσέ
1101 1218 1281 1279 σφεας.
1350 1209 1733 1276 ἐξαπολομένων
1755 1212 1808 1263 δὲ
1829 1209 2018 1262 τούτων

224 1313 314 1363 174
352 1295 526 1363 ἔχουσι
549 1295 639 1360 τὴν
662 1296 832 1365 χώρην
855 1299 901 1349 οἱ
924 1300 1249 1362 Νασαμῶνες.
1310 1295 1499 1348 τούτων
1522 1298 1575 1348 δὲ
1604 1294 1874 1362 κατύπερθε
1897 1292 2018 1361 πρὸς

352 1380 497 1432 νότον
528 1379 710 1446 ἄνεμον
742 1382 796 1432 ἐν
825 1388 885 1453 τῇ
917 1381 1142 1454 θηριώδεϊ
1172 1380 1393 1432 οἰκέουσι
1417 1379 1747 1447 Γαράμαντες,
1779 1378 1825 1431 οἳ
1855 1376 2019 1431 πάντα
2047 1397 2092 1438 15

351 1463 613 1531 ἄνθρωπον
660 1465 907 1532 φεύγουσι
955 1465 1033 1517 καὶ
1078 1464 1261 1522 παντὸς
1308 1466 1521 1530 ὁμιλίην,
1571 1465 1649 1515 καὶ
1698 1463 1809 1517 οὔτε
1859 1463 2018 1515 ὅπλον

230 1564 317 1622 125
353 1547 579 1601 ἐκτέαται
602 1547 773 1615 ἀρήιον
795 1549 937 1601 οὐδὲν
960 1550 1073 1602 οὔτε
1097 1550 1370 1615 ἀμύνεσθαι
1395 1547 1703 1601 ἐπιστέαται.
1770 1547 1903 1599 οὗτοι
1924 1548 2016 1613 μὲν

353 1633 412 1698 δὴ
434 1633 706 1700 κατύπερθε
729 1632 947 1686 οἰκέουσι
967 1634 1313 1699 Νασαμώνων,
1336 1633 1391 1685 τὸ
1411 1636 1462 1685 δὲ
1485 1635 1616 1699 παρὰ
1639 1631 1729 1696 τὴν
1751 1630 2018 1683 θάλασσαν

6 1720 308 1774 ,xC-urm
353 1718 557 1786 ἔχονται
596 1717 652 1769 τὸ
693 1717 815 1784 πρὸς
855 1717 1072 1785 ἑσπέρης
1109 1717 1296 1777 Μάκαι,
1338 1718 1384 1770 οἳ
1423 1717 1915 1784 λόφους-κείρονται,
1959 1713 2016 1767 τὸ

253 1799 261 1808 ’
351 1805 443 1866 μὲν
478 1801 636 1868 μέσον
673 1806 771 1854 τῶν
806 1807 987 1871 τριχῶν
1026 1801 1245 1856 ἀνιέντες
1283 1801 1535 1867 αὔξεσθαι,
1577 1803 1636 1853 τὰ
1673 1802 1726 1852 δὲ
1762 1800 1903 1853 ἔνθεν
1941 1799 2019 1850 καὶ
2045 1815 2095 1845 20

10 1895 247 1946 sm
267 1918 281 1930 ο
354 1887 496 1939 ἔνθεν
526 1888 773 1953 κείροντες
803 1888 858 1939 ἐν
887 1886 1017 1955 χροΐ,
1052 1888 1103 1941 ἐς
1133 1889 1187 1939 δὲ
1214 1886 1301 1938 τὸν
1331 1887 1553 1951 πόλεμον
1585 1887 2013 1956 στρουθῶΜ-ατα-
2060 1876 2063 1877 ⁷

289 1990 314 2022 2
352 1971 511 2038 γαίων
547 1973 693 2037 δορὰς
731 1970 973 2038 φορέουσι
1008 1969 1357 2038 προβλήματα.
1446 1972 1526 2022 διὰ
1562 1971 1615 2022 δὲ
1651 1968 1810 2021 αὐτῶν
1849 1971 2019 2034 Κῖνυψ

353 2054 572 2120 ποταμὸς
605 2054 732 2121 ῥέων
770 2057 824 2106 ἐκ
857 2056 1025 2122 λόφου
1063 2054 1362 2120 καλευμένου
1393 2056 1623 2122 Χαρίτων
1661 2055 1711 2108 ἐς
1751 2051 2019 2105 θάλασσαν

355 2141 551 2192 ἐκδιδοῖ.
641 2141 667 2189 6
707 2142 760 2191 δὲ
799 2140 962 2207 λόφος
1003 2140 1144 2193 οὗτος
1186 2140 1212 2189 ὁ
1250 2140 1478 2205 Χαρίτων
1519 2138 1674 2192 δασὺς
1712 2137 1854 2208 ἴδῃσί
1889 2137 2015 2195 ἐστι,

353 2223 536 2288 ἐούσης
558 2226 644 2288 τῆς
674 2223 834 2289 ἄλλης
856 2227 943 2289 τῆς
967 2225 1458 2292 προκαταλεχθείσης
1486 2223 1679 2287 Λιβύης
1702 2224 1876 2288 ψιλῆς·
1921 2218 2018 2272 ἀπὸ
2045 2235 2093 2276 25

223 2309 315 2370 176
355 2306 619 2373 θαλάσσης
650 2310 703 2359 δὲ
733 2309 783 2361 ἐς
814 2307 962 2359 αὐτὸν
993 2306 1189 2360 στάδιοι
1226 2308 1475 2372 διηκόσιοί
1501 2308 1626 2359 'den-
1719 2302 1934 2357 Μακέων
1965 2305 2019 2356 δὲ

354 2392 540 2444 τούτων
570 2393 799 2460 ἐχόμενοι
831 2391 1064 2447 Γινδᾶνές
1095 2393 1209 2451 εἶσι,
1244 2397 1342 2443 τῶν
1373 2394 1423 2443 αἱ
1459 2395 1686 2458 γυναῖκες
1716 2387 2020 2456 περισφύρια

412 2541 430 2567 1
463 2542 517 2567 an
538 2527 719 2569 τούτωνὲ
871 2541 896 2567 2
926 2529 1159 2582 φοιτέοντες
1183 2529 1217 2569 Ρ
1232 2529 1314 2582 SV
1333 2543 1343 2568 t
1374 2527 1614 2581 φοιτέωντες
1639 2526 1673 2566 C
1688 2526 1729 2564 R
1879 2536 1906 2574 3
1937 2527 2019 2566 ἑπι-

353 2587 570 2632 κοιμῶνται
590 2582 631 2622 Α
644 2583 679 2621 Β
697 2583 730 2622 C
753 2582 956 2637 (·έωνται)
1141 2598 1166 2633 4
1197 2584 1285 2636 ὄψει
1308 2584 1342 2622 L
1473 2586 1596 2623 τοῦτο
1618 2581 1656 2620 R
1671 2581 1711 2620 V
1838 2582 2020 2628 τοιῆισδε

353 2638 394 2677 Α
408 2638 443 2676 Β
464 2651 474 2677 :
503 2652 639 2687 τοιησι
660 2638 752 2678 rell.
875 2651 901 2689 5
931 2642 1060 2680 ποιεῖν
1083 2639 1122 2677 R
1138 2638 1168 2678 S
1183 2639 1220 2677 V
1331 2640 1358 2677 6
1389 2640 1578 2690 χαμᾶσθε
1602 2637 1640 2675 R
1655 2636 1695 2675 V
1713 2650 1723 2674 t
1752 2633 1966 2687 χαμάσθεν
1985 2633 2018 2673 S

356 2707 377 2743 7
408 2707 649 2746 προσομοροι
670 2693 703 2732 C
721 2692 759 2731 R
773 2692 810 2731 V
1017 2707 1045 2744 9
1074 2697 1236 2746 ἐξηῦνεν
1258 2693 1296 2732 R
1313 2693 1343 2732 S
1356 2693 1395 2732 V
1599 2703 1649 2730 10
1669 2690 1816 2731 ’ἅπασα
1834 2688 1873 2727 Α
1887 2687 1922 2726 Β
1936 2687 1970 2727 C
1986 2687 2020 2726 P

312 2749 323 2756 ’
358 2759 406 2796 15
437 2747 688 2801 Γαράβαντες
711 2748 745 2787 C
843 2748 994 2790 πάντες
1016 2748 1099 2788 SV
1214 2750 1263 2788 16
1293 2747 1443 2789 πάντες
1467 2747 1497 2787 S
1511 2747 1548 2785 V
1664 2757 1708 2793 17
1740 2743 1961 2795 ἀμύνασθαι
1981 2742 2020 2781 V

359 2803 408 2840 18
439 2807 603 2856 ·περθεν
623 2804 663 2842 R
775 2803 951 2845 οἴκέουσι
972 2816 1052 2843 om.
1076 2803 1159 2843 SV
1310 2815 1360 2852 19
1390 2800 1564 2854 ἑσπέρην
1587 2800 1626 2839 R
1644 2800 1724 2839 SV
1871 2809 1925 2836 20
1953 2797 2017 2838 καὶ

357 2857 469 2898 ἔνθεν
508 2870 591 2898 om.
632 2857 671 2896 R
696 2858 726 2898 S
747 2858 785 2897 V
1032 2872 1079 2897 21
1132 2858 1331 2911 κείρονται
1377 2857 1410 2895 Ρ
1434 2856 1474 2894 R
1497 2856 1531 2892 V
1698 2851 1942 2905 καταιγάιων
1979 2850 2020 2892 V
2049 2884 2062 2890 ,

356 2923 409 2953 22
439 2910 604 2964 φέρουσι
625 2912 665 2951 Α
678 2912 713 2954 Β
730 2912 763 2952 C
875 2917 957 2957 τῶν
978 2914 1010 2952 C
1181 2925 1231 2964 27
1262 2911 1443 2953 τουτέων
1463 2909 1502 2948 Α
1518 2909 1552 2949 Β
