2098 3320
782 86 1160 137 ΙΣΤΟΡΙΩΝ
1221 89 1261 137 Γ

196 217 441 289 φέροντας
471 216 756 286 πορφύρεόν
784 237 840 270 τε
870 218 984 284 εἷμα
1015 219 1093 270 καὶ
1130 218 1350 287 χρύσεον
1381 218 1632 287 στρεπτὸν
1661 236 1860 288 περιαυ-

1900 93 1990 142 111.
2017 105 2089 143 20

194 302 366 374 χένιον
415 301 494 354 καὶ
540 300 703 376 ψέ-λια
749 303 830 354 καὶ
875 302 1029 368 μύρου
1077 302 1406 371 ἀλάβαστρον
1456 304 1540 356 καὶ
1582 307 1864 373 φοινικηίου
1878 313 2098 363 maddi

194 390 329 441 οἴνου
373 385 540 439 κάδον.
627 387 674 438 οἱ
718 388 772 438 δὲ
816 387 1053 441 Αἰθίοπες
1100 387 1233 439 οὗτοι
1277 389 1328 441 ἐς
1374 387 1486 443 τοὺς
1531 388 1790 456 ἀπέπεμπε
1835 391 1864 442 ὁ

197 471 478 539 Καμβύσης
506 468 743 538 λέγονται
772 470 899 523 εἶναι
926 470 1158 539 μέγιστοι
1190 472 1268 525 καὶ
1301 471 1566 526 κάλλιστοι
1590 475 1862 542 ἀνθρώπων

148 577 172 619 5
194 555 412 610 πάντων.
499 555 702 621 νόμοισι
751 556 805 608 δὲ
856 555 937 607 καὶ
983 555 1192 608 ἄλλοισι
1241 560 1465 625 χρᾶσθαι
1511 557 1687 612 αὐτούς
1733 565 1862 626 φασι

197 638 615 711 κεχωρισμένοισι
650 643 748 692 τῶν
785 638 956 692 ἄλλων
986 641 1260 708 ἀνθρώπων
1299 641 1377 693 καὶ
1407 640 1466 706 δὴ
1499 642 1578 694 καὶ
1617 645 1739 694 κατὰ
1773 643 1863 708 τὴν

194 724 474 792 βασιληίην
502 726 691 795 τοιῷδε·
738 723 826 777 τὸν
861 723 923 777 ἂν
958 730 1057 777 τῶν
1088 726 1257 778 ἀστῶν
1296 726 1500 793 κρίνωσι
1538 726 1780 795 μέγιστόν
1809 749 1863 779 τε

195 809 322 864 εἶναι
353 808 433 861 καὶ
464 810 587 871 κατὰ
623 812 679 860 τὸ
709 807 928 876 μέγαθος
963 809 1100 878 ἔχειν
1136 809 1227 874 τὴν
1262 810 1428 879 ἰσχύν,
1461 815 1633 863 τοῦτον
1668 809 1864 876 ἀξιοῦσι

194 893 508 962 βασιλεύειν.
595 894 647 947 ἐς
676 893 878 947 τούτους
909 892 967 958 δὴ
999 891 1069 946 ῶν
1099 893 1214 948 τοὺς
1244 893 1423 961 ἄνδρας
1454 895 1520 949 ὡς
1549 896 1788 948 ἀπίκοντο
1817 899 1862 948 οἱ

124 999 174 1028 ιο
196 977 538 1049 Ἰχθυοφάγοι,
584 977 802 1032 διδόντες
841 979 905 1028 τὰ
948 981 1082 1045 δῶρα
1119 983 1188 1048 τῷ
1231 978 1446 1045 βασιλέϊ
1487 979 1648 1032 αὐτῶν
1685 979 1863 1047 ἔλεγον

195 1061 330 1116 τάδε·
377 1061 628 1116 Βασιλεὺς
669 1063 696 1113 ὁ
736 1060 979 1129 Περσέων
1024 1062 1319 1128 Καμβύσης,
1360 1064 1673 1130 βουλόμενος
1713 1066 1864 1131 φίλος

198 1147 277 1200 καὶ
308 1146 469 1213 ξεῖνός
499 1167 577 1199 τοι
612 1145 866 1214 γενέσθαι,
898 1145 1053 1212 ἡμέας
1089 1168 1146 1199 τε
1176 1145 1447 1214 ἀπέπεμψε
1478 1149 1529 1201 ἐς
1566 1148 1751 1215 λόγους
1786 1169 1864 1199 τοι

197 1234 366 1286 ἐλθεῖν
406 1231 621 1285 κελεύων
662 1231 743 1284 καὶ
782 1233 916 1299 δῶρα
954 1230 1109 1283 ταῦτά
1148 1252 1225 1283 τοι
1264 1234 1396 1293 διδοῖ
1430 1235 1564 1284 τοῖσι
1602 1232 1680 1284 καὶ
1720 1231 1865 1286 αὐτὸς

197 1315 422 1383 μάλιστα
438 1315 608 1382 ἥδεται
630 1316 929 1385 χρεώμενος.
1001 1317 1028 1366 ὁ
1051 1318 1104 1367 δὲ
1130 1316 1319 1383 Αἰθίοψ
1336 1316 1508 1382 μαθὼν
1529 1316 1605 1368 ὅτι
1626 1316 1864 1369 κατόπται

128 1422 171 1462 ι5
197 1400 379 1467 ἥκοιεν)
403 1399 544 1469 λέγει
575 1400 697 1468 πρὸς
720 1398 895 1453 αὐτοὺς
917 1398 1098 1452 τοιάδε*
1144 1400 1277 1452 Οὔτε
1299 1401 1326 1451 ὁ
1351 1399 1594 1467 Περσέων
1615 1400 1865 1466 βασιλεὺς

198 1490 330 1553 δῶρα
359 1484 510 1552 ὑμέας
541 1485 739 1553 ἔπεμψε
769 1483 1016 1553 φέροντας
1051 1489 1302 1552 προτιμῶν
1338 1489 1532 1537 πολλοῦ
1563 1485 1671 1551 ἐμοὶ
1702 1483 1865 1550 ξεῖνος

198 1569 451 1638 γενέσθαι,
494 1569 607 1622 οὔτε
649 1571 787 1636 ὑμεῖς
827 1568 1003 1637 λέγετε
1047 1568 1239 1635 ἀληθέα
1280 1568 1440 1635 (ἥκετε
1483 1571 1579 1637 γὰρ
1625 1570 1864 1622 κατόπται

197 1658 286 1720 τῆς
315 1656 436 1721 ε’μῆς
466 1650 644 1723 ἀρχῆς)
673 1655 785 1707 οὔτε
825 1656 1011 1709 ἐκεῖνος
1045 1652 1170 1722 ἀνήρ
1206 1656 1319 1706 ἐστι
1353 1654 1555 1707 δίκαιος·
1602 1656 1646 1707 εἰ
1675 1655 1772 1722 γὰρ
1803 1653 1864 1719 ἢν

198 1741 399 1801 δίκαιος,
439 1738 539 1791 οὔτ’
570 1738 631 1792 ἂν
662 1739 945 1805 ἐπεθύμησε
974 1739 1141 1809 χώρης
1170 1738 1330 1804 ἄλλης
1360 1734 1390 1804 ἢ
1420 1742 1508 1804 τῆς
1539 1742 1735 1798 ἑωυτοῦ,
1762 1738 1863 1790 οὔτ’

126 1844 176 1874 20
197 1822 260 1876 ἂν
299 1826 350 1879 ἐς
389 1824 699 1890 δουλοσύνην
740 1823 1028 1891 ἀνθρώπους
1067 1822 1159 1892 ἦγε
1198 1822 1279 1875 ὑπ’
1319 1824 1388 1875 ὧν
1427 1825 1580 1889 μηδὲν
1619 1823 1860 1888 ἠδίκηται.

198 1912 285 1962 νῦν
314 1910 369 1962 δὲ
391 1908 520 1980 αὐτῷ
543 1907 692 1974 τόξον
714 1909 828 1961 τόδε
850 1908 1068 1963 διδόντες
1098 1906 1216 1960 τάδε
1235 1907 1357 1960 ἔπεα
1374 1902 1571 1975 λέγετε·
1616 1907 1864 1974 βασιλεὺς

199 1993 226 2043 ὁ
255 1993 510 2045 Αἰθιόπων
542 1993 878 2059 συμβουλεύει
907 1998 975 2063 τῷ
1006 1991 1248 2059 Περσέων
1267 1991 1506 2059 βασιλέϊ,
1534 1994 1687 2046 ἐπεὰν
1709 1992 1864 2047 οὕτως

200 2075 440 2132 εὐπετέως
470 2077 658 2130 ἕλκωσι
686 2073 783 2144 [τὰ]
812 2076 934 2142 τόξα
970 2076 1169 2145 Πέρσαι
1206 2077 1352 2129 ἐόντα
1389 2076 1598 2144 μεγάθεϊ
1625 2081 1861 2136 τοσαῦτα,

197 2161 311 2213 τότε
342 2160 420 2214 ἐπ’
452 2162 694 2215 Αἰθίοπας
723 2161 837 2215 τοὺς
865 2162 1168 2228 μακροβίους
1198 2160 1381 2227 πλήθεϊ
1415 2162 1865 2228 ὑπερβαλλόμενον

127 2270 174 2314 25
200 2246 576 2314 στρατεύεσθαι,
607 2245 758 2315 μέχρι
789 2248 842 2298 δὲ
870 2246 1047 2298 τούτου
1082 2249 1245 2298 θεοῖσι
1282 2245 1462 2298 εἰδέναι
1496 2244 1662 2314 χάριν,
1694 2246 1740 2300 οἳ
1777 2246 1863 2298 οὐκ

201 2329 280 2383 ἐπὶ
310 2331 427 2382 νόον
456 2329 695 2398 τρέπουσι
725 2331 979 2383 Αἰθιόπων
1010 2330 1156 2383 παισὶ
1190 2333 1285 2397 γῆν
1315 2329 1477 2395 ἄλλην
1515 2333 1863 2398 προσκτᾶσθαι

198 2421 260 2488 τῇ
290 2417 500 2475 ἑωυτῶν.
587 2420 739 2468 ταῦτα
775 2417 828 2468 δὲ
865 2416 1006 2469 εἴπας
1043 2415 1121 2467 καὶ
1157 2414 1289 2468 ἀνεὶς
1331 2414 1388 2465 τὸ
1423 2413 1570 2480 τόξον
1611 2414 1864 2481 παρέδωκε

255 2565 281 2603 5
310 2552 497 2596 ἁπάντων
514 2553 554 2592 R
667 2554 810 2595 ἄλλοις
833 2552 924 2593 RV
1034 2552 1156 2605 φασι]
1179 2554 1244 2594 καὶ
1264 2551 1305 2590 Α
1320 2552 1354 2591 Β
1370 2552 1403 2591 C
1423 2566 1432 2591 :
1463 2565 1543 2590 om.
1565 2552 1598 2590 P
1743 2554 1770 2591 6
1799 2552 1864 2592 καὶ

201 2624 300 2662 χωρ.
327 2608 392 2649 R:
423 2624 565 2663 κεχαρ.
590 2607 634 2650 δὲ
655 2608 689 2648 C
883 2607 954 2647 alt.
976 2608 1042 2648 καὶ
1063 2620 1144 2647 om.
1171 2606 1210 2645 R
1227 2607 1308 2646 SV
1532 2619 1553 2657 7
1584 2606 1746 2659 κρίνωσι
1767 2611 1865 2656 post

202 2661 327 2715 ἰσχύν
347 2662 388 2701 R
403 2662 484 2703 SV
703 2662 729 2701 8
758 2664 806 2703 τὸ
827 2675 907 2703 om.
930 2661 969 2701 A
985 2661 1019 2700 Β
1034 2661 1068 2701 C
1194 2661 1364 2714 μέγεθος
1386 2661 1425 2699 R
1439 2661 1477 2699 V
1605 2662 1757 2712 ἀξιοῦσι
1778 2673 1859 2700 om.

203 2716 340 2757 RSV
450 2717 801 2768 9&50m.RSV
885 2716 1082 2758 ἀπίκονΚ
1199 2730 1249 2755 10
1268 2714 1617 2768 v&]6÷†&RSV
1731 2727 1777 2753 11
1801 2732 1865 2756 τοι

201 2777 440 2821 εηῑεβουλ.
473 2771 512 2810 R
527 2772 610 2811 SV
806 2785 854 2811 12
885 2769 1095 2822 ἀπέπεμπε
1115 2771 1148 2810 C
1166 2771 1199 2809 Ρ
1397 2772 1444 2808 18
1476 2773 1591 2812 ἐστιν
1611 2771 1708 2822 ἀνὴρ
1730 2769 1767 2807 R
1784 2769 1866 2808 SV

206 2838 253 2876 19
296 2825 487 2878 ἐπεθύμεε
528 2826 665 2867 RSV
910 2838 963 2865 22
1006 2830 1027 2866 ὃ
1062 2839 1142 2866 om.
1182 2825 1367 2864 ERSV
1589 2825 1752 2865 ἐπειδὰν
1783 2823 1867 2863 CP

202 2881 500 2976 23b⁶rc⁸zRongR
517 2881 547 2922 S
559 2881 597 2921 V
706 2881 862 2936 μεγᾶθη
884 2880 923 2919 R
941 2881 970 2920 S
984 2882 1021 2920 V
1149 2893 1199 2929 25
1229 2880 1370 2934 μέχρις
1390 2879 1429 2919 Α
1443 2880 1475 2918 C
1613 2881 1665 2919 26
1694 2882 1864 2922 κτᾶσθαι

202 2952 254 2989 πρ
279 2952 297 2976 ς

1905 579 1930 610 2

1904 1929 1929 1974 (a.)

1900 2431 1966 2468 22
