2098 3320
58 98 145 146 IV.
173 99 242 148 62

899 96 1329 145 ΗΡΟΔΟΤΟΎ

281 226 568 294 ἀνθρώπους
609 227 660 281 ἐς
695 224 850 294 ἄγγος
889 226 970 278 καὶ
1013 227 1182 279 ἔπειτα
1218 227 1555 282 ἀνενείκαντες
1595 227 1695 281 ἄνω
1738 227 1818 281 ἐπὶ
1855 227 1956 303 τὸν,

280 313 431 378 ὄγκον
476 316 575 364 τῶν
617 310 886 378 φρυγάνων
933 310 1234 379 καταχέουσι
1277 311 1335 363 τὸ
1380 314 1500 378 αῗμα
1539 317 1625 364 τοῦ
1667 312 1941 368 ἀκινάκεω.

215 417 244 460 4
281 395 383 448 ἄνω
414 398 506 461 μὲν
537 395 594 460 δὴ
627 393 871 462 φορέουσι
902 400 1064 454 τοῦτο,
1101 395 1229 447 κάτω
1266 399 1320 448 δὲ
1349 399 1481 463 παρὰ
1516 397 1573 448 τὸ
1610 396 1715 464 ἱρὸν
1750 401 1947 450 ποιεῦσι
2003 400 2010 408 ’

279 479 414 532 τάδε·
457 485 555 532 τῶν
579 478 984 547 ἀποσφαγέντων
1008 481 1198 546 ἀνδρῶν
1221 480 1334 535 τοὺς
1365 479 1552 545 δεξιοὺς
1577 481 1736 547 ὤμους
1759 481 1946 536 πάντας

281 565 621 630 ἀποταμόντες
658 565 752 616 σὺν
788 566 904 636 τῇσι
947 565 1094 633 χερσὶ
1132 566 1182 618 ἐς
1221 564 1308 617 τὸν
1339 563 1460 631 ἠέρα
1500 567 1618 617 ἱεῖσι
1660 566 1738 617 καὶ
1775 565 1947 618 ἔπειτα
1970 588 1992 629 5

0 664 244 734 Quo.
282 649 362 701 καὶ
392 651 454 700 τὰ
488 648 623 701 ἄλλα
660 646 961 717 ἀπέρξαντες
1001 647 1132 715 ἱρήια
1168 649 1604 702 ἀπαλλάσσονται·
1650 650 1762 718 χεὶρ
1797 652 1851 703 δὲ
1884 658 1946 723 τῇ

0 724 251 786 WWQ'·
280 732 341 785 ἂν
372 732 506 806 πέσῃ
539 738 692 785 κεῖται
725 734 803 785 καὶ
833 734 987 802 χωρὶς
1018 735 1044 784 ὁ
1077 735 1260 800 νεκρός.

40 1587 129 1636 ‹zkr

173 815 242 874 63

171 988 243 1050 64

366 819 555 870 Θυσίαι
585 817 677 883 μέν
701 839 788 870 νυν
812 818 958 870 αὗταί
988 825 1087 886 σφι
1118 817 1435 880 κατεστέασι,
1461 819 1547 871 ὑσὶ
1571 822 1623 872 δὲ
1647 819 1780 872 οὗτοι
1803 819 1945 872 οὐδὲν

281 903 537 967 νομίζουσι
577 902 687 955 οὐδὲ
727 902 931 970 τρέφειν
973 905 1026 955 ἐν
1067 904 1125 975 τῇ
1168 903 1306 975 χώρῃ
1349 903 1406 955 τὸ
1447 903 1681 971 παράπαν
1722 902 1944 971 θέλουσι.

281 989 342 1038 τὰ
387 986 428 1038 δ’
474 988 524 1041 ἐς
567 988 790 1052 πόλεμον
838 986 1021 1056 ἔχοντα
1068 987 1163 1039 ῶδέ
1217 994 1312 1055 σφι
1358 987 1610 1040 διάκειται·
1664 990 1817 1041 ἐπεὰν
1859 992 1946 1041 τὸν
1977 1009 2023 1039 xo

282 1075 478 1138 πρῶτον
509 1070 663 1137 ἄνδρα
695 1070 957 1144 καταβάλῃ
991 1071 1114 1138 ἀνὴρ
1149 1072 1354 1137 Σκύθης,
1379 1078 1466 1124 τοῦ
1497 1074 1703 1139 αἵματος
1735 1073 1943 1138 ἐμπίνει·

281 1156 431 1210 ὅσους
462 1155 503 1208 δ’
533 1155 594 1208 ἂν
619 1156 845 1227 φονεύσῃ
879 1158 930 1208 ἐν
961 1163 1020 1228 τῇ
1050 1154 1203 1228 μάχῃ,
1232 1157 1417 1208 τούτων
1447 1159 1535 1211 τὰς
1565 1158 1791 1224 κεφαλὰς
1821 1157 1942 1208 ἀπο-

284 1238 430 1308 φέρει
459 1241 526 1310 τῷ
563 1240 788 1305 βασιλέϊ·
837 1241 1098 1295 ἀπενείκας
1139 1243 1229 1305 μὲν
1271 1243 1367 1308 γὰρ
1407 1241 1634 1309 κεφαλὴν
1673 1244 1760 1306 τῆς
1803 1242 1946 1306 ληίης

282 1324 660 1391 μεταλαμβάνει
685 1325 773 1388 τὴν
805 1324 866 1376 ἂν
896 1324 1118 1390 λάβωσι,
1151 1325 1217 1391 μὴ
1245 1327 1435 1379 ἐνείκας
1467 1328 1519 1377 δὲ
1551 1326 1622 1377 οὔ.
1697 1326 1948 1392 ἀποδείρει

283 1411 337 1461 δὲ
368 1408 520 1474 αὐτὴν
550 1410 715 1479 τρόπῳ
747 1413 936 1479 τοιῷδε·
983 1410 1266 1476 περιταμὼν
1306 1410 1466 1479 κύκλῳ
1504 1411 1615 1476 περὶ
1645 1411 1706 1461 τὰ
1736 1407 1837 1461 ῶτα
1867 1409 1946 1461 καὶ
1975 1430 1986 1457 ι
1997 1429 2020 1470 5
2051 1463 2063 1473 ‚

282 1494 542 1559 λαβόμενο
613 1497 700 1558 τῆς
745 1498 969 1561 κεφαλῆς
1015 1494 1214 1552 ἐκσείει,
1264 1496 1387 1559 μετὰ
1431 1496 1485 1546 δὲ
1530 1495 1775 1562 σαρκ-ίσας
1821 1469 2098 1562 βοὸςω

284 1579 470 1652 πλε-υρῇ
533 1583 650 1647 efflet,
673 1579 789 1650 τῇσι
819 1579 982 1646 χερσί,
1009 1578 1230 1652 ὀργάσας
1257 1581 1309 1630 δὲ
1335 1579 1453 1630 αὐτὸ
1477 1577 1563 1631 ἅτε
1591 1545 2098 1667 χειρόμακτρόνόῗέ

214 1699 217 1703 ⁴
284 1661 497 1727 ἔκτηται,
534 1664 585 1713 ἐκ
625 1665 678 1714 δὲ
713 1667 811 1714 τῶν
851 1668 1074 1731 χαλινῶν
1110 1667 1197 1713 τοῦ
1239 1663 1390 1715 ἵππου
1423 1662 1510 1714 τὸν
1548 1662 1692 1716 αὐτὸς
1729 1663 1943 1722 ἐλαύνει,

285 1748 340 1798 ἐκ
370 1748 543 1798 τούτου
574 1745 773 1811 ἐξάπτει
806 1747 886 1798 καὶ
917 1746 1206 1814 ἀγάλλεται·
1255 1746 1308 1800 ὃς
1346 1749 1440 1815 γὰρ
1471 1746 1531 1799 ἂν
1569 1752 1787 1799 πλεῖστα
1816 1743 1943 1815 [δέρ-

283 1830 430 1898 ματα]
452 1832 784 1899 χειρόμακτρα
804 1831 912 1902 ἔχῃ,
939 1830 1060 1898 ἀνὴρ
1082 1830 1282 1897 ἄριστος
1302 1831 1444 1884 οὗτος
1468 1830 1695 1898 κέκριται.
1763 1831 1945 1883 πολλοὶ
1973 1849 2021 1879 20

285 1917 338 1966 δὲ
385 1915 546 1967 αὐτῶν
595 1918 649 1966 ἐκ
700 1920 797 1966 τῶν
849 1914 1209 1981 ἀποδαρμάτων
1263 1916 1342 1966 καὶ
1393 1917 1606 1984 χλαίνας
1656 1916 1945 1968 ἐπείνυσθαι

286 2005 496 2058 ποιεῦσι,
533 1998 897 2067 συρράπτοντες
930 1999 1052 2051 κατά
1084 2022 1173 2067 περ
1204 2001 1399 2067 βαίτας·
1447 2001 1632 2052 πολλοὶ
1668 2002 1721 2052 δὲ
1752 2001 2098 2094 ἀνδρῶνραῖὕ

286 2085 478 2151 ἐχθρῶν
497 2086 583 2137 τὰς
603 2083 765 2149 δεξιὰς
788 2090 958 2151 χεῖρας
979 2090 1162 2151 νεκρῶν
1184 2085 1366 2136 ἐόντων
1387 2085 1731 2152 ἀποδείραντες
1751 2083 1945 2135 αὐτοῖσι
2012 2146 2017 2149 ¹

286 2167 422 2232 ὄνυξι
464 2168 745 2235 καλύπτρας
787 2173 883 2220 τῶν
926 2167 1213 2236 φαρετρέων
1254 2173 1521 2221 ποιεῦνται·
1576 2168 1728 2236 δέρμα
1768 2170 1820 2219 δὲ
1857 2169 1941 2219 ἀν-

287 2252 482 2318 θρώπου
522 2252 602 2303 καὶ
642 2252 777 2320 παχὺ
819 2253 897 2304 καὶ
941 2252 1172 2319 λαμπρὸν
1201 2251 1272 2316 -ἤν
1313 2252 1420 2321 ἄρα,
1466 2252 1652 2320 σχεδὸν
1693 2250 1946 2319 δερμάτων
1971 2270 2019 2311 25

288 2335 488 2388 πάντων
507 2337 858 2403 λαμπρότατον
877 2337 1155 2401 λευκότητι.
1225 2338 1408 2388 πολλοὶ
1429 2339 1482 2388 δὲ
1504 2336 1580 2388 καὶ
1599 2338 1746 2390 ὅλους
1765 2335 1946 2403 ἄνδρας

344 2487 368 2512 2
399 2473 579 2515 κινάκεος
603 2474 641 2512 R
781 2486 806 2522 3
837 2476 884 2522 δὴ
907 2473 1149 2528 ἀναφέρουσι
1171 2478 1300 2515 ταῦτα
1322 2474 1360 2512 R
1376 2473 1455 2512 SV
1592 2485 1617 2524 5
1648 2472 1947 2524 ἀποτάμνοντες

288 2529 322 2568 Ρ
338 2529 375 2567 R
391 2529 421 2567 S
435 2529 473 2567 V
621 2531 659 2570 ἐς
680 2530 753 2569 τὸν
772 2542 852 2568 om.
881 2529 920 2567 R
1139 2532 1166 2567 6
1198 2528 1436 2582 ἐπάρξαντες
1458 2529 1495 2568 R
1512 2528 1616 2568 SV:
1649 2525 1891 2585 ἀπάρξαντες
1913 2528 1946 2567 Ρ

290 2597 312 2634 7
343 2583 478 2625 κέεται
501 2584 533 2621 C
550 2584 603 2623 P:
636 2582 776 2624 κέαται
797 2584 834 2621 Α
850 2584 884 2621 Β
1040 2596 1088 2621 10
1118 2583 1318 2624 διακέεται
1342 2584 1374 2622 Ρ
1388 2584 1427 2622 R
1442 2583 1471 2622 S
1484 2584 1522 2622 V
1541 2598 1549 2623 :
1579 2581 1786 2624 διακέαται
1806 2582 1847 2621 Α
1861 2582 1896 2620 Β
1912 2583 1946 2621 C

291 2651 338 2687 13
366 2639 445 2691 γὰρ
465 2652 545 2677 om.
571 2639 653 2676 SV
792 2639 906 2687 λείης
930 2638 968 2676 R
984 2638 1014 2677 S
1031 2638 1066 2676 V
1272 2651 1319 2687 14
1350 2638 1531 2692 ἀποδέρει
1554 2639 1593 2676 R
1612 2651 1621 2676 τ
1651 2636 1843 2691 ἀποφέρει
1865 2637 1948 2676 SV

291 2705 340 2742 15
370 2692 419 2733 τὲ
450 2693 585 2732 RSV
809 2692 1165 2744 16.ε’ξίειΑΒΡῖ
1200 2692 1318 2743 ἐξήιει
1340 2693 1373 2731 C
1560 2723 1566 2728 .
1598 2705 1644 2742 17
1675 2691 1946 2744 δεψεῖΑΒΟ

288 2747 466 2800 ὀργάσας
486 2746 544 2786 Α2
559 2745 615 2785 B*2
631 2762 638 2786 :
673 2748 850 2800 ὄργήσας
880 2748 919 2785 R
935 2748 964 2786 S
980 2748 1016 2784 V
1036 2762 1044 2785 :
1074 2747 1241 2800 ὄργίσας
1267 2747 1305 2784 Α
1321 2747 1355 2785 Β
1373 2747 1406 2785 C
1421 2747 1454 2784 P
1618 2748 1783 2801 χειρῶμ.
1808 2746 1848 2785 Α
1862 2747 1896 2785 Β
1912 2747 1944 2784 C

291 2803 354 2852 (it.
379 2804 449 2853 20)
576 2803 623 2840 18
653 2806 735 2842 τῶν
755 2815 835 2840 om.
859 2801 898 2839 A
914 2803 947 2839 B
962 2803 994 2840 C
1107 2804 1178 2842 τὸν
1198 2803 1245 2842 ἂν
1267 2802 1299 2840 C
1316 2802 1347 2839 Ρ
1365 2817 1373 2841 :
1403 2803 1452 2842 ἂν
1473 2802 1551 2840 del.
1579 2802 1628 2839 (ἶι
1741 2801 1890 2849 ἐλαύνη
1914 2801 1946 2838 P

294 2868 343 2910 19
372 2856 547 2910 δέρματα
567 2870 649 2895 om.
676 2858 713 2896 R
730 2858 759 2895 S
776 2857 812 2895 V
924 2870 971 2894 ΩΙ
1007 2856 1288 2909 ἀποδερμάτων
1311 2857 1343 2894 C
1359 2857 1391 2894 P
1503 2855 1738 2897 ἐπέννυσθαι
1761 2856 1794 2894 Ρ
1810 2856 1846 2893 R
1863 2857 1893 2894 S
1907 2855 1946 2893 V

289 2924 341 2949 22
372 2911 549 2952 ποιέουσι
574 2912 612 2949 R
627 2912 708 2951 SV
845 2911 989 2958 βάιτας
1013 2911 1051 2949 R
1255 2923 1306 2958 23
1338 2911 1512 2964 ἀποδείρ.
1536 2912 1600 2952 καὶ
1621 2910 1890 2951 διατείναντες
1912 2910 1943 2949 S

291 2979 342 3014 24
371 2969 595 3007 ποιεῦνταις
620 2967 657 3004 R
824 2968 877 3005 26
905 2965 1066 3007 πάντων
1087 2967 1149 3006 καὶ
1173 2965 1210 3004 R
1226 2965 1255 3004 S
1270 2966 1306 3004 V
