2098 3320
87 122 150 170 11.
178 135 266 171 122
927 117 1358 166 ΗΡΟΔΟΤΟΎ

306 248 377 300 ἔτι
420 248 496 300 καὶ
539 250 590 302 ἐς
630 250 716 319 ε’μὲ
761 247 1110 302 ἐπιτελέοντας
1157 247 1348 302 αὐτούς·
1402 249 1459 300 οὐ
1499 246 1668 314 μέντοι
1714 250 1761 301 εἴ
1797 271 1856 317 γε
1895 252 1975 303 διὰ

0 357 59 387 οι-
243 356 268 398 3
306 337 457 384 ταῦτα
503 332 765 399 ὁρτάζουσι
811 332 912 401 ἔχω
957 333 1146 400 λέγειν.
1239 335 1399 400 φᾶρος
1448 335 1501 385 δὲ
1547 333 1822 401 αὐτημςρόν
1852 334 1973 406 ἐξυ-

69 360 234 459 η’
306 416 555 485 φήναντες
594 419 641 469 οἱ
683 417 809 484 ἱρέες
852 417 955 478 κατ’
998 416 1066 469 ὧν
1112 418 1299 482 ἔδησαν
1339 417 1450 471 ἑνὸς
1489 417 1649 470 αὐτῶν
1686 419 1834 491 μίτρῃ
1864 419 1977 474 τοὺς

305 501 612 570 ὀφθαλμούς,
664 503 938 572 ἀγαγόντες
984 501 1039 554 δέ
1089 523 1175 567 μιν
1222 501 1407 570 ἔχοντα
1453 501 1512 554 τὸ
1558 505 1718 569 φᾶρος
1763 505 1815 557 ἐς
1862 503 1977 556 ὁδὸν

306 586 564 654 φέρουσαν
598 588 647 639 ἐς
677 582 821 654 [ἱρὸν]
855 585 1117 653 Δήμητρος
1159 585 1298 638 αὐτοὶ
1337 585 1760 639 ἀπαλλάσσονται
1794 588 1975 640 ὀπίσω·
2001 611 2024 651 5

305 670 393 722 τὸν
424 673 477 722 δὲ
508 669 614 737 ἱρέα
651 675 825 722 τοῦτον
864 669 1258 736 καταδεδεμένον
1295 670 1409 725 τοὺς
1446 671 1738 738 ὀφθαλμοὺς
1765 670 1977 739 λέγουσι

304 755 401 807 ὑπὸ
431 754 517 806 δύο
552 755 718 806 λύκων
759 754 973 822 ἄγεσθαι
1014 757 1065 809 ἐς
1104 759 1159 806 τὸ
1209 753 1314 822 ἱρὸν
1353 757 1439 820 τῆς
1482 753 1744 823 Δήμητρος
1784 755 1977 825 ἀπέχον

304 843 390 904 τῆς
431 839 608 893 πόλιος
649 841 810 891 εἴκοσι
851 840 1098 898 σταδίους,
1134 839 1211 890 καὶ
1261 839 1400 892 αὖτις
1442 840 1604 892 ὀπίσω
1646 841 1701 891 ἐκ
1744 844 1830 892 τοῦ
1871 843 1975 908 ἱροῦ

305 923 517 991 ἀπάγειν
546 944 631 989 μιν
661 923 775 977 τοὺς
806 923 985 976 λύκους
1019 925 1068 976 ἐς
1098 923 1256 975 τώυτὸ
1292 925 1493 992 χωρίον.

179 1019 267 1067 123
387 1012 538 1059 Τοῖσι
566 1006 657 1073 μέν
698 1028 786 1059 νυν
816 1007 896 1060 ὑπ’
930 1008 1213 1074 Αἰγυπτίων
1256 1007 1578 1074 λεγομένοισι
1609 1007 1816 1076 χράσθω
1853 1009 1976 1079 ὅτεῳ
2005 1030 2055 1058 10

305 1095 367 1144 τὰ
405 1097 606 1143 τοιαῦτα
646 1091 830 1144 πιθανά
869 1093 996 1144 ἐστι·
1043 1093 1151 1157 ἐμοὶ
1189 1094 1242 1143 δὲ
1288 1093 1420 1157 παρὰ
1461 1091 1623 1144 πάντα
1663 1089 1785 1159 [τὸν]
1818 1093 1976 1160 λόγον

305 1177 558 1230 ὑπόκειται
608 1177 683 1228 ὅτι
742 1178 802 1227 τὰ
859 1177 1109 1243 λεγόμενα
1165 1176 1247 1228 ὑπ’
1311 1174 1537 1228 ἑκάστων
1598 1177 1721 1248 ἀκοῇ
1779 1176 1974 1245 γράφω.

307 1260 658 1329 ἀρχηγετεύειν
689 1263 741 1313 δὲ
772 1266 870 1312 τῶν
901 1260 1032 1312 κάτω
1074 1260 1336 1327 Αἰγύπτιοι
1374 1259 1582 1327 λέγουσι
1620 1259 1860 1328 Δήμητρα
1897 1262 1975 1314 καὶ

245 1366 270 1398 2
310 1347 577 1398 Διόνυσον.
663 1349 848 1412 πρῶτοι
885 1348 938 1397 δὲ
969 1345 1047 1396 καὶ
1084 1345 1227 1396 τόνδε
1265 1344 1363 1396 τὸν·
1381 1346 1537 1412 λόγον
1575 1345 1843 1412 Αἰγύπτιοί
1875 1347 1975 1398 εἰσι

307 1433 354 1482 οἱ
385 1430 623 1489 εἰπόντες,
653 1430 716 1484 ὡς
747 1430 1008 1497 ἀνθρώπου
1029 1429 1172 1497 ψυχὴ
1204 1427 1449 1483 ἀθάνατός
1471 1430 1598 1488 ε’στι,
1630 1433 1717 1481 τοῦ
1745 1429 1976 1495 σώματος
2005 1449 2051 1490 15

309 1517 362 1566 δὲ
408 1515 799 1582 καταφθίνοντος
843 1516 894 1567 ἐς
938 1513 1069 1565 ἄλλο
1115 1514 1236 1584 ζῷον
1280 1513 1375 1566 αἰεὶ
1418 1514 1680 1580 γινόμενον
1727 1514 1991 1567 ἐσδύεται·-

283 1600 462 1651 -ἐπεὰν
492 1601 545 1651 δὲ
574 1597 736 1650 πάντα
767 1597 1003 1670 περιέλθῃ
1038 1600 1099 1649 τὰ
1135 1602 1350 1666 χερσαῖα
1387 1598 1466 1649 καὶ
1501 1599 1562 1649 τὰ
1601 1596 1860 1650 θαλάσσια
1896 1599 1974 1651 καὶ

309 1685 370 1735 τὰ
409 1681 626 1742 πετεινά,
659 1683 794 1736 αὖτις
835 1684 886 1736 ἐς
930 1682 1190 1749 ἀνθρώπου
1234 1687 1380 1747 σῶμα
1424 1682 1684 1749 γινόμενον
1730 1683 1972 1742 ἐσδύνειν,

308 1767 399 1832 τὴν
443 1765 737 1834 περιήλυσιν
787 1769 841 1819 δὲ
890 1766 1013 1839 αὐτῇ
1056 1768 1286 1834 γίνεσθαι
1339 1768 1392 1818 ἐν
1441 1768 1771 1835 τρισχιλίοισι
1821 1767 1973 1819 ἔτεσι.

247 1876 272 1919 3
311 1851 465 1921 τούτῳ
488 1856 555 1922 τῷ
579 1852 714 1922 λόγῳ
740 1851 838 1904 εἰσὶ
861 1851 907 1903 οἲ
926 1849 1189 1916 Ἑλλήνων
1208 1849 1505 1918 ἐχρήσαντο,
1532 1853 1579 1903 οἱ
1602 1854 1692 1917 μὲν
1716 1852 1974 1920 πρότερον,
2003 1870 2054 1899 20

311 1938 358 1987 οἱ
393 1938 446 1988 δὲ
488 1935 819 2003 ὕστερον,,ὡς
864 1936 968 2005 ἰδίῳ
1015 1937 1209 1987 ἑωυτῶν
1253 1935 1401 1987 ἐόντι·
1449 1939 1548 1988 τῶν
1592 1936 1691 2002 ἐγὼ
1736 1937 1875 1990 εἰδὼς
1916 1938 1977 1987 τὰ

312 2019 561 2086 σῦνόματα
583 2020 640 2071 οὐ
670 2019 866 2087 γράφω.

185 2125 277 2175 124
398 2103 567 2173 Μέχρι
601 2103 693 2170 μέν
729 2125 815 2157 νυν
844 2103 1170 2171 Ῥαμψινίτου
1208 2103 1455 2170 βασιλέος
1490 2103 1615 2156 εἶναι
1652 2105 1705 2156 ἐν
1742 2104 1975 2174 Αἰγύπτῳ

314 2192 482 2241 πᾶσαν
533 2188 764 2254 εὐνομίην
807 2187 985 2256 ἔλεγον
1016 2188 1095 2240 καὶ
1142 2187 1384 2241 εὐθενέειν
1431 2189 1683 2255 Αἴγυπτον
1725 2187 1973 2256 μεγάλως,

314 2275 439 2338 μετὰ
491 2275 545 2326 δὲ
596 2277 770 2325 τοῦτον
821 2272 1206 2338 βασιλεύσαντά
1258 2279 1434 2340 σφεων
1484 2271 1658 2324 Χέοπα
1707 2274 1758 2326 ἐς
1808 2275 1977 2325 πᾶσαν
2003 2289 2052 2331 25

317 2358 559 2422 κακότητα
603 2356 801 2409 ἐλάσαι·
870 2357 1272 2421 κατακληίσαντα
1314 2356 1408 2424 γάρ
1458 2377 1544 2422 μιν
1586 2355 1749 2409 πάντα
1790 2358 1852 2408 τὰ
1897 2358 1978 2423 ἱρὰ

316 2446 486 2508 πρῶτα
535 2440 626 2506 μέν
677 2448 841 2509 σφεας
893 2439 1104 2493 θυσιέων
1148 2439 1370 2508 ἀπέρξαι,
1416 2441 1540 2506 μετὰ
1585 2443 1638 2492 δὲ
1683 2439 1977 2508 ἐργάζεσθαι

376 2591 393 2616 1
426 2577 502 2630 μὲν
523 2578 563 2617 R
577 2578 607 2616 S
621 2578 659 2616 V
783 2581 864 2619 εἴτε
885 2577 935 2619 δι’
957 2579 1062 2618 ἄλλο
1082 2595 1122 2618 τι
1143 2580 1226 2619 εἴτε
1249 2578 1281 2616 C
1297 2578 1330 2616 P
1499 2590 1524 2615 2
1555 2579 1658 2630 ἑορτ.
1685 2577 1715 2616 S
1729 2577 1765 2615 V
1788 2569 1892 2630 (non
1915 2578 1974 2629 R)

320 2632 588 2686 ἐξυφάναντες
621 2632 754 2672 RSV
973 2645 1000 2682 3
1030 2634 1188 2673 ἑωυτῶν
1218 2633 1340 2672 Stein
1562 2646 1586 2681 4
1625 2649 1694 2683 μιν
1723 2646 1805 2672 om.
1843 2632 1976 2671 RSV

319 2701 344 2738 5
376 2689 459 2742 ἱρὸν
477 2700 558 2727 om.
585 2686 718 2727 RSV
899 2699 926 2737 9
956 2686 1104 2740 ἀπάγει
1126 2685 1243 2726 RV:
1273 2686 1500 2739 ἆπαγάγειν
1521 2687 1551 2726 S
1722 2699 1766 2725 11
1798 2689 1872 2728 τὸν
1890 2700 1974 2728 om.

319 2742 375 2780 At
545 2755 593 2782 12
623 2743 686 2784 ὅτι
707 2756 789 2782 om.
815 2742 854 2781 R
871 2740 952 2780 SV
1079 2740 1176 2795 ὑπὲρ
1202 2741 1336 2781 RSV
1503 2753 1551 2790 13
1581 2740 1847 2794 ἀρχηγετέειν
1867 2741 1976 2783 Lud.

323 2797 509 2836 Dindorf
669 2809 716 2847 15
746 2795 944 2838 ἀθάνατόν
973 2795 1093 2836 Stob.
1127 2796 1205 2835 ecl.
1237 2796 1265 2836 i.
1297 2809 1352 2846 49
1382 2796 1467 2844 (ed.
1497 2795 1975 2846 Wachsmuth·Hense)

325 2853 374 2890 16
401 2852 721 2905 καταφθίναντος
744 2852 774 2891 S
790 2850 828 2890 V
1015 2852 1063 2890 18
1106 2853 1262 2900 πετηνὰ
1301 2850 1382 2889 Ccz
1428 2851 1564 2899 πτηνὰ
1586 2849 1619 2889 Ρ
1794 2850 1977 2892 ἐσδύνειν

303 2905 363 2945 'R
377 2905 456 2945 SV
478 2906 595 2946 Stob.
618 2921 628 2946 :
659 2906 817 2948 ἐσδύνει
838 2904 929 2945 rell.
1070 2917 1119 2944 21
1151 2905 1340 2959 δεύτερον
1362 2903 1403 2944 R
1417 2904 1499 2944 SV
1641 2917 1694 2956 23
1723 2907 1768 2947 ἐν
1787 2917 1869 2946 om.
1893 2903 1976 2945 SV

319 2972 374 3011 24
404 2959 606 3009 εὐθηνέειν
628 2960 661 2999 L
682 2963 828 3005 (εὐθυν.
855 2960 907 3008 S)
1065 2971 1118 3009 25
1147 2959 1424 3007 βασιλεύοντα
1442 2958 1578 3002 RSV
1727 2972 1779 3011 27
1808 2958 1977 3003 θυσιέων

320 3014 497 3071 τουτέων
517 3014 556 3054 Α
569 3015 604 3056 Β
618 3015 653 3056 C
667 3015 701 3055 P
839 3014 1006 3069 ἀπέρξαι
1029 3015 1070 3056 R
1082 3015 1114 3056 S
1126 3014 1165 3055 V
