2098 3320
799 83 1178 135 ΙΣΤΟΡΙΩΝ
1244 85 1280 132 Β
1913 82 1978 133 ῙῙ.
2004 93 2098 144 149

205 213 319 280 ἔξω,
353 214 383 281 ἡ
414 216 468 267 δὲ
496 213 611 266 τότε
641 212 754 268 τοὺς
786 212 844 279 ἓξ
878 217 1037 280 μῆνας
1070 217 1120 269 ἐς
1149 213 1206 290 ζὸ
1246 212 1522 280 βασιλήιον
1560 212 1875 279 καταβάλλει

205 298 285 352 ἐπ’
332 297 520 366 ἡμέρην
569 297 785 363 ἑκάστην
835 297 1084 350 τάλαντον
1136 299 1368 367 ἀργυρίου
1420 301 1475 351 ἐκ
1521 302 1619 350 τῶν
1668 297 1872 366 ἰχθύων,
2025 361 2029 363 4

208 385 362 436 ἐπεὰν
404 385 458 436 δὲ
503 384 619 455 ἐσίῃ
659 381 717 434 τὸ
755 383 885 450 ὕδωρ
926 385 977 437 ἐς
1019 382 1186 448 αὐτήν,
1232 385 1392 435 εἴκοσι
1436 382 1604 449 μνέας.
1694 381 1875 450 ἔλεγον
1912 390 2006 443 150

207 470 261 520 δὲ
292 470 339 520 οἱ
371 467 629 535 ἐπιχώριοι
660 467 740 519 καὶ
772 467 837 521 ὡς
868 469 918 521 ἐς
948 467 1040 532 τὴν
1069 468 1248 535 Σύρτιν
1279 467 1371 532 τὴν
1404 469 1458 519 ἐν
1488 466 1655 539 Λιβύῃ
1693 468 1879 518 ἐκδιδοῖ
1922 508 1977 530 ,Ι
2003 513 2012 525 ,

158 575 181 617 5
206 552 236 617 ἡ
266 551 417 617 λίμνη
450 552 571 616 αὕτη
602 550 698 604 ὑπὸ
727 554 838 618 γῆν,
873 551 1148 618 τετραμμέν
1212 550 1268 603 τὸ
1300 573 1337 603 π
1370 551 1422 605 ὸς
1455 549 1581 604 ἑσπέ
1646 572 1672 603 ν
1703 553 1755 605 ἐς
1785 550 1835 601 ’rwx
1849 526 2098 625 vm

206 636 488 708 ffiwdyatav
518 637 650 703 παρὰ
679 635 736 687 τὸ
767 637 880 702 ὅρος
910 635 966 687 τὸ
996 638 1118 703 ὑπὲρ
1151 635 1405 707 Μέμφιος.
1495 637 1658 688 ἐπείτε
1700 638 1753 687 δὲ
1790 639 1876 686 τοῦ
1909 655 1934 686 2
1974 619 2098 654 ’μὴν

207 721 483 788 ὀρύγματος
513 719 688 772 τούτου
725 719 811 771 οὐκ
849 721 990 786 ὥρων
1027 720 1110 771 τὸν
1151 725 1276 788 χοῦν
1314 721 1529 787 οὐδαμοῦ
1569 721 1732 779 ε’όντα,
1767 721 1872 772 ἐπι-

206 807 358 871 μελὲς
396 806 492 871 γὰρ
532 802 590 868 δή
630 825 715 870 μοι
744 802 821 868 ἤν,
857 805 1058 871 εἰρόμην
1092 804 1205 857 τοὺς
1241 804 1464 872 ἄγχιστα
1503 803 1758 858 οἰκέοντας
1788 807 1876 869 τῆς

208 889 388 954 λίμνης
417 890 534 940 ὅκου
565 889 638 953 εἵη
676 889 703 938 ὁ
739 893 859 956 χοῦς
891 889 917 939 ὁ
949 886 1250 957 ἐξορυχθείς.
1338 891 1384 941 οἱ
1425 891 1477 941 δὲ
1519 888 1751 956 ἔφρασάν
1791 909 1877 954 μοι

135 992 186 1023 10
209 973 290 1025 ἵνα
329 969 610 1040 ἐξεφορήθη
654 972 733 1024 καὶ
774 971 1018 1026 εὐπετέως
1058 973 1274 1025 ἔπειθον·
1319 971 1443 1044 ᾔδεα
1481 975 1577 1041 γὰρ
1616 973 1754 1042 λόγῳ
1797 974 1876 1025 καὶ

209 1058 262 1109 ἐν
287 1058 426 1127 Νίνῳ
457 1057 516 1129 τῇ
541 1055 828 1124 Ἀσσυρίων
857 1057 976 1110 πόλι
1008 1058 1279 1125 γενόμενον
1309 1058 1478 1124 ἕτερον
1501 1061 1741 1109 τοιοῦτον.
1815 1059 1876 1108 τὰ
1910 1079 1934 1122 3

209 1143 306 1209 γὰρ
353 1140 782 1208 Σαρδαναπάλλου
833 1146 920 1193 τοῦ
971 1142 1131 1194 Νίνου
1181 1140 1431 1207 βασιλέος
1483 1142 1629 1193 ἐόντα
1678 1139 1878 1208 μεγάλα

208 1223 441 1293 χρήματα
472 1225 551 1277 καὶ
582 1226 953 1292 φυλασσόμενα
985 1227 1039 1278 ἐν
1070 1228 1368 1292 θησαυροῖσι
1405 1215 1724 1293 καταγαίοισι
1760 1227 1872 1278 ἐπε-

208 1310 397 1374 νόησαν
430 1313 623 1363 κλῶπες
653 1311 951 1377 ἐκφορῆσαι.
1026 1312 1079 1362 ἐκ
1110 1309 1169 1374 δὴ
1201 1308 1271 1362 ὧν
1293 1314 1391 1362 τῶν
1416 1308 1679 1378 σφετέρων
1711 1310 1878 1362 οἰκίων

137 1414 184 1456 15
209 1390 475 1461 ἀρξάμενοι
505 1395 551 1446 οἱ
583 1399 778 1448 κλῶπες
806 1394 902 1446 ὑπὸ
939 1397 1034 1461 γῆν
1065 1395 1430 1461 σταθμεόμενοι
1459 1396 1510 1448 ἐς
1538 1396 1601 1446 τὰ
1629 1392 1880 1460 βασιλήια

209 1478 340 1530 οἰκία
375 1477 623 1544 ὤρυσσον,
655 1477 742 1530 τὸν
779 1480 834 1530 δὲ
869 1483 992 1546 χοῦν
1027 1482 1114 1530 τὸν
1151 1479 1516 1546 ἐκφορεόμενον
1554 1480 1607 1529 ἐκ
1647 1482 1734 1529 τοῦ
1769 1478 1879 1544 ὀρύ·

208 1582 410 1630 γματος,
427 1563 554 1616 ὅκως
573 1560 770 1627 γένοιτο
791 1559 896 1626 νύξ,
913 1564 965 1616 ἐς
981 1562 1067 1615 τὸν
1083 1564 1275 1631 Τίγρην
1294 1562 1518 1629 ποταμὸν
1537 1561 1879 1630 παραρρέοντα

207 1645 298 1710 τὴν
335 1646 493 1698 Νίνον
530 1645 817 1715 ἐξεφόρεον,
859 1649 910 1701 ἐς
946 1646 973 1698 ὃ
1011 1646 1386 1715 κατεργάσαντο
1427 1648 1456 1698 ὅ
1493 1668 1541 1698 τι
1583 1647 1876 1712 ἐβούλοντο.

208 1735 432 1782 τοιοῦτον
455 1731 624 1798 ἕτερον
647 1730 839 1795 ἤκουσα
866 1731 944 1783 καὶ
966 1727 1138 1798 <xm-bt>
1160 1731 1217 1783 τὸ
1240 1735 1327 1796 τῆς
1358 1734 1413 1784 ἐν
1436 1731 1669 1800 Αἰγύπτῳ
1699 1732 1880 1796 λίμνης
1909 1753 1938 1795 4

136 1835 187 1865 20
210 1816 401 1883 ὄρυγμα
431 1814 686 1882 γενέσθαι,
722 1815 855 1880 πλὴν
888 1815 943 1867 οὗ
974 1815 1148 1870 νυκτὸς
1179 1817 1315 1868 ἀλλὰ
1344 1815 1451 1882 μετ’
1483 1814 1672 1882 ἡμέρην
1709 1815 1875 1867 ποιεύ-

207 1919 377 1965 μενον·
425 1899 740 1966 ὀρύσσοντας
780 1902 877 1967 γᾶρ
915 1899 1002 1952 τὸν
1044 1905 1170 1968 χοῦν
1206 1900 1320 1953 τοὺς
1362 1901 1661 1967 Αἰγυπτίους
1702 1901 1752 1953 ἐς
1791 1898 1879 1951 τὸν

208 1987 402 2035 Νεῖλον
448 1982 668 2051 φορέειν,
711 1985 737 2034 ὁ
780 1986 835 2036 δὲ
877 1983 1255 2050 ὑπολαμβάνων
1299 1985 1483 2050 ἔμελλε
1524 1982 1759 2051 διαχέειν.
1846 1984 1876 2048 ἡ

206 2067 300 2133 μέν
330 2088 417 2120 νυν
446 2069 596 2133 λίμνη
629 2069 748 2133 αὕτη
781 2069 907 2120 οὕτω
936 2067 1141 2136 λέγεται
1171 2069 1455 2136 ὀρυχθῆναι.

290 2155 406 2204 Τῶν
446 2155 500 2204 δὲ
536 2152 754 2204 δυώδεκα
790 2152 1056 2218 βασιλέων
1097 2153 1385 2225 δικαιοσύνῃ
1428 2151 1740 2221 χρεωμένων,
1784 2153 1878 2204 ἆνᾶ
1914 2163 1993 2214 151

133 2260 181 2301 ²5
207 2237 391 2305 χρόνον
436 2236 502 2291 ὣς
545 2236 734 2289 ἔθυσαν
779 2238 833 2289 ἐν
873 2242 940 2308 τῷ
979 2240 1064 2307 ἱρῷ
1110 2242 1198 2289 τοῦ
1238 2237 1545 2304 ἹΙφαίστου,
1585 2245 1646 2310 τῇ
1685 2235 1877 2308 ὑστάτῃ

208 2323 297 2385 τῆς
341 2321 486 2388 ὁρτῆς
528 2321 821 2387 μελλόντων
870 2323 1228 2374 κατασπείσειν
1281 2323 1308 2372 ὁ
1355 2321 1610 2390 ἀρχιερεὺς
1658 2320 1878 2387 ἐξήνεικέ

207 2411 308 2472 σφι
338 2404 527 2473 φιάλας
555 2405 792 2474 χρυσέας,
825 2406 943 2478 τῇσί
969 2428 1060 2472 περ
1094 2406 1319 2458 ἐώθεσαν
1356 2406 1607 2465 σπένδειν,
1645 2406 1876 2472 ἁμαρτὼν

261 2553 287 2588 4
318 2543 359 2582 ἐς
376 2526 531 2590 Λιβύην
549 2541 638 2580 ΑΒ
653 2542 687 2580 C
867 2543 894 2580 6
921 2542 1129 2595 μεσόγεαν
1150 2541 1285 2594 R⁰(1)
1302 2542 1332 2581 S
1347 2542 1384 2581 V
1564 2556 1585 2592 7
1619 2542 1719 2596 όρων
1740 2542 1780 2581 R
1796 2541 1877 2582 SV

205 2594 232 2633 8
261 2595 426 2649 εἶρήμην
447 2595 528 2636 SV
546 2610 555 2635 :
584 2596 740 2651 ἠρόμην
758 2596 798 2635 Α
812 2596 847 2636 Β
862 2597 896 2636 C
911 2597 945 2636 P
1123 2610 1173 2637 10
1201 2600 1273 2646 ἥδε
1296 2597 1335 2636 R
1355 2612 1364 2637 :
1394 2597 1480 2645 ἥιδε
1503 2597 1536 2635 C
1649 2596 1789 2649 λόγων
1810 2596 1845 2636 Β
1863 2616 1872 2638 z

206 2649 333 2702 λόγον
352 2649 439 2689 AC
635 2663 680 2690 11
713 2651 833 2692 πόλει
852 2651 941 2690 ΑΒ
956 2651 989 2690 C
1004 2651 1080 2704 [V]
1231 2655 1392 2693 τοιοῦτο
1417 2652 1450 2690 Ρ
1646 2664 1695 2690 12
1726 2651 1874 2692 -πάλου

210 2703 249 2742 R
262 2703 346 2743 SV
480 2706 672 2757 χρήματα
693 2706 813 2747 ἐόντα
831 2706 995 2759 μεγάλα
1014 2707 1152 2746 Aldus
1378 2719 1426 2756 13
1457 2705 1718 2759 καταγέοισιν
1741 2706 1780 2745 R
1795 2706 1876 2746 SV

211 2759 262 2797 16
291 2757 465 2812 ὄρυσσον
487 2759 546 2798 R⁰
559 2761 620 2811 (Ι)
636 2760 668 2800 S
779 2760 823 2801 δὲ
843 2774 925 2801 om.
945 2761 979 2799 C
1091 2760 1361 2815 ἐκφερόμενον
1384 2761 1417 2799 Ρ
1430 2760 1468 2798 R
1483 2761 1565 2800 SV
1655 2760 1720 2812 ἐκ]
1739 2762 1813 2802 τὸν
1830 2763 1876 2802 ἐκ

209 2813 301 2852 RV
498 2827 546 2864 17
574 2815 732 2867 γίνοιτο
755 2815 838 2854 RS
853 2816 891 2854 V
1028 2816 1169 2870 Τίγριν
1191 2815 1223 2854 Ρ
1238 2815 1278 2854 R
1293 2815 1374 2854 SV
1571 2829 1621 2867 19
1650 2816 1755 2857 κατὰ
1774 2815 1873 2856 add.

199 2867 407 2918 =Krueger
625 2882 678 2919 23
707 2872 808 2920 αὐτὴ
841 2870 932 2911 RV
1152 2872 1206 2910 26
1236 2873 1375 2926 εορτῆς
1404 2870 1492 2909 ΑΒ
1634 2872 1763 2925 ἆρχιρ.
1795 2869 1875 2912 Ρ5

209 2921 404 2979 ἑξήνεικαί
425 2923 464 2965 R
