2098 3320
34 90 124 136 ΙΙΙ.
155 104 224 149 39
878 86 1305 135 ΗΡΟΔΟΤΟΎ

159 234 229 282 40
268 215 518 282 δεδεμένοι
547 214 750 283 ὤρυξαν.
841 218 923 269 καί
950 238 1044 271 κως
1066 215 1153 270 τὸν
1175 215 1397 282 Ἄμασιν
1423 214 1666 285 εὐτυχέων
1695 213 1925 283 μεγάλως

268 302 294 351 ὁ
339 299 666 367 Πολυκράτης
709 301 795 352 οὐκ
841 300 1100 361 ἐλάνθανε,
1134 300 1269 354 ἀλλά
1313 304 1359 354 οἱ
1402 299 1533 353 τοῦτ’
1569 299 1629 364 ἣν
1673 297 1924 365 ἐπιμελές.

266 389 441 454 πολλῷ
486 387 540 437 δὲ
583 384 657 443 ἔπι
700 384 912 439 πλεῦνός
955 388 1002 438 οἱ
1048 386 1273 455 εὐτυχίης
1320 384 1583 453 γινομένης
1626 382 1828 452 γράψας
1874 384 1926 437 ἐς

265 470 492 534 βυβλίον
538 468 655 522 τάδε
698 468 962 523 ἐπέστειλε
1006 472 1057 525 ἐς
1104 469 1286 536 Σάμον·
1340 469 1561 536 ’Ἄμασις
1611 466 1926 534 Πολυκράτεϊ

207 575 231 605 2
265 555 361 606 ὧδε
390 552 545 620 λέγει.
633 553 725 620 ἡδὺ
757 557 847 620 μὲν
884 553 1223 609 πυνθάνεσθαι
1257 554 1410 622 ἄνδρα
1446 555 1602 621 φίλον
1641 552 1719 605 καὶ
1759 551 1924 618 ξεῖνον
1948 572 1971 614 5

267 638 321 690 εὖ
361 636 672 705 πρήσσοντα,
714 639 822 704 ἐμοὶ
863 642 915 691 δὲ
952 642 1002 691 αἱ
1039 639 1125 692 σαὶ
1160 638 1378 707 μεγάλαι
1418 639 1638 707 εὐτυχίαι
1679 637 1766 690 οὐκ
1810 634 1922 704 ἀρέ-

268 743 464 782 σκουσι,
507 727 562 774 τὸ
604 725 738 776 θεῖον
777 723 1090 794 ἐπισταμένῳ
1128 724 1191 778 ὡς
1223 724 1332 776 ἔστι
1361 723 1621 792 φθονερόν.
1715 721 1799 774 καί
1832 720 1952 775 κως

269 807 519 873 βούλομαι
550 807 628 860 καὶ
658 807 803 862 αὐτὸς
834 809 913 861 καὶ
935 813 1034 861 τῶν
1056 808 1118 861 ἂν
1149 807 1368 874 κήδωμαι
1389 808 1447 860 τὸ
1475 806 1574 882 μέν.
1597 828 1644 859 τι
1675 804 1926 874 εὐτυχέειν

266 897 365 944 τῶν
409 891 727 959 πρηγμάτων,
775 892 832 944 τὸ
877 896 929 946 δὲ
974 894 1318 960 προσπταίειν,
1366 894 1446 946 καὶ
1495 893 1624 944 οὕτω
1669 888 1925 958 διαφέρειν

265 975 353 1029 τὸν
382 978 538 1030 αἰῶνα
566 976 791 1043 ἐναλλὰξ
809 976 1056 1045 πρήσσων
1085 973 1115 1042 ἢ
1141 978 1391 1048 εὐτυχέειν
1412 979 1476 1029 τὰ
1504 975 1681 1030 πάντα.
1747 973 1925 1027 οὐδένα
1951 991 1998 1021 10

264 1060 359 1129 γάρ
394 1083 460 1113 κω
500 1062 636 1132 λόγῳ
678 1061 787 1113 οἶδα
826 1063 1042 1117 ἀκούσας
1076 1064 1217 1117 ὅστις
1257 1065 1307 1117 ἐς
1345 1061 1490 1116 τέλος
1529 1060 1587 1113 οὐ
1626 1064 1785 1114 κακῶς
1815 1060 1918 1111 ἐτε-

263 1146 479 1211 λεύτησε
515 1147 788 1213 πρόρριζος,
827 1146 1075 1216 εὐτυχέων
1109 1150 1172 1199 τὰ
1205 1146 1380 1200 πάντα.
1469 1145 1536 1198 σὺ
1575 1142 1644 1198 ὧν
1685 1148 1769 1196 νῦν
1813 1142 1922 1208 ἐμοὶ

201 1252 228 1294 4
264 1231 556 1296 πειθόμενος
600 1233 814 1296 ποίησον
855 1231 977 1299 πρὸς
1014 1234 1103 1286 τὰς
1147 1233 1374 1300 εὐτυχίας
1409 1229 1590 1282 τοιάδε·
1645 1229 1920 1296 φροντίσας
1974 1242 1977 1243 ’

263 1314 320 1367 τὸ
349 1313 412 1368 ἂν
451 1318 593 1388 εὕρῃς
635 1316 717 1368 ἐόν
756 1337 833 1368 τοι
872 1316 1117 1369 πλείστου
1159 1316 1299 1381 ἄξιον
1336 1316 1414 1368 καὶ
1450 1314 1526 1368 ἐπ’
1561 1312 1598 1385 ᾧ
1636 1312 1699 1365 σὺ
1729 1313 1917 1365 ἀπολο-
1950 1336 1952 1338 ·

263 1398 395 1469 μένῳ
435 1399 661 1465 μάλιστα
692 1399 783 1465 τὴν
816 1400 991 1469 ψυχὴν
1030 1398 1286 1467 ἀλγήσεις,
1326 1405 1470 1452 τοῦτο
1513 1398 1748 1464 ἀπόβαλε
1791 1397 1919 1448 οὕτω
1947 1418 1994 1459 15

264 1485 391 1538 ὅκως
426 1482 601 1550 μηκέτι
638 1484 748 1550 ἥξει
784 1486 834 1539 ἐς
875 1486 1175 1552 ἀνθρώπους.
1266 1482 1326 1550 ἤν
1366 1506 1420 1537 τε
1458 1482 1524 1549 μὴ
1567 1479 1793 1547 ἐναλλὰξ
1827 1480 1918 1545 ἤδη

264 1567 400 1621 τώπὸ
444 1569 620 1621 τούτου
664 1571 714 1622 αἱ
759 1570 978 1638 εὐτυχίαι
1021 1591 1099 1621 τοι
1140 1570 1257 1641 τῇσι
1303 1567 1496 1642 πάθῃσι
1545 1565 1925 1634 προσπίπτωσι,

166 1650 224 1717 41
263 1653 429 1722 τρόπῳ
467 1658 534 1723 τῷ
571 1653 632 1718 ἐξ
663 1655 779 1719 ἐμεῦ
813 1652 1118 1723 ὑποκειμένῳ
1159 1652 1290 1706 ἀκέο.
1376 1656 1531 1705 ταῦτα
1568 1647 1920 1716 ἐπιλεξάμενος

265 1738 291 1787 ὁ
321 1737 647 1803 Πολυκράτης
672 1738 751 1789 καὶ
779 1738 877 1808 νόῳ
900 1739 1077 1803 λαβὼν
1106 1738 1171 1791 ὥς
1194 1740 1240 1790 οἱ
1270 1736 1324 1790 εὖ
1344 1738 1603 1790 ὑπετίθετο
1632 1736 1659 1786 ὁ
1679 1733 1917 1799 Ἀμασις,

0 1824 228 1871 Μίκων
265 1822 454 1886 ἐδίζητο
485 1821 563 1873 ἐπ’
603 1821 640 1892 ᾧ
674 1821 734 1874 ἂν
774 1822 997 1887 μάλιστα
1034 1822 1123 1887 τὴν
1162 1821 1337 1892 ψυχὴν
1376 1821 1585 1890 ἀσηθείη
1621 1816 1919 1887 ἀπολομένῳ
1945 1835 1995 1863 20

264 1910 361 1957 τῶν
399 1908 680 1972 κειμηλίων,
720 1905 973 1972 διζήμενος
1010 1906 1053 1958 δ’
1089 1908 1286 1973 εὕρισκε
1321 1907 1449 1958 τόδε·
1502 1904 1563 1969 ἦν
1606 1906 1653 1958 οἱ
1698 1901 1919 1971 σφρηγὶς

264 1989 354 2054 τὴν
388 1991 567 2057 ἐφόρεε
596 1992 912 2058 χρυσόδετος,
945 1990 1233 2058 σμαράγδου
1264 1994 1356 2056 μὲν
1389 1991 1534 2042 λίθου
1567 1991 1737 2048 ἐοῦσα,
1771 1987 1918 2054 ἔργον

201 2095 225 2126 2
263 2076 317 2126 δὲ
354 2073 413 2137 ἦν
455 2075 718 2141 Θεοδώρου
753 2080 838 2126 τοῦ
874 2074 1160 2140 Τηλεκλέος
1189 2076 1391 2141 Σαμίου.
1480 2075 1589 2126 ἐπεὶ
1629 2071 1698 2125 ὧν
1736 2071 1918 2135 ταύτην

263 2159 310 2209 οἱ
355 2159 520 2210 ἐδόκεε
565 2160 862 2224 ἀποβαλεῖν,
911 2159 1075 2212 ἐποίεε
1116 2158 1298 2212 τοιάδε·
1354 2158 1743 2224 πεντηκόντερον
1785 2162 1912 2220 πλη-

261 2241 427 2307 ρώσας
457 2243 646 2310 ἀνδρῶν
680 2242 838 2309 ἐσέβη
880 2245 931 2298 ἐς
967 2242 1133 2307 αὐτήν,
1164 2246 1289 2308 μετὰ
1328 2246 1382 2296 δὲ
1420 2245 1689 2310 ἀναγαγεῖν
1720 2239 1918 2293 ἐκέλευε
1942 2255 1989 2296 25

204 998 228 1041 Ω.)

316 2393 341 2417 2
372 2395 464 2427 -της
485 2381 556 2419 οὐκ
577 2409 585 2416 .
612 2408 620 2417 .
642 2408 651 2418 .
675 2382 797 2419 πλεῦ-
820 2392 902 2418 om.
925 2379 959 2418 C
1099 2393 1124 2430 3
1152 2380 1363 2432 γινόμενος
1386 2379 1466 2420 SV
1595 2393 1621 2428 4
1651 2378 1826 2427 βυβλίον
1847 2377 1887 2417 R
1907 2392 1917 2417 :

262 2434 429 2481 βιβλίον
449 2433 538 2472 rell.
653 2445 678 2483 5
708 2434 772 2475 καὶ
793 2433 941 2487 ξεῖνον]
964 2435 1149 2476 κάκεῖνον
1170 2435 1260 2473 RV
1382 2448 1403 2484 7
1436 2437 1568 2476 ἐπιστ.
1586 2435 1635 2475 τὸ
1655 2437 1761 2475 θεῖον
1782 2434 1821 2472 R
1836 2432 1918 2472 SV

263 2488 380 2528 Stob.
412 2488 505 2527 flor.
539 2501 628 2535 112,
665 2500 712 2538 15
876 2490 902 2526 8
930 2488 1007 2540 μέν
1025 2506 1088 2530 τοι
1110 2489 1222 2528 CR:
1254 2485 1329 2540 μεῖι
1348 2490 1386 2528 V
1562 2502 1590 2539 9
1618 2488 1665 2529 δέ
1681 2487 1758 2541 (τι)
1778 2487 1916 2526 Cobet

265 2555 317 2581 10
345 2542 460 2584 οὐδὲν
499 2543 538 2581 R
556 2542 637 2580 SV
880 2556 924 2583 11
969 2547 1008 2585 ἐς
1037 2543 1159 2586 τέλος
1195 2544 1228 2582 Ρ
1243 2545 1280 2583 R
1298 2544 1379 2583 SV
1409 2544 1524 2583 Stob.
1546 2557 1554 2582 :
1613 2542 1746 2596 ἕτερος
1775 2541 1864 2582 ΑΒ
1879 2543 1913 2581 C

267 2610 313 2635 12
343 2598 398 2638 ὧν
419 2610 500 2636 om.
518 2597 557 2635 A
573 2597 608 2636 B
623 2597 657 2636 C
744 2599 829 2649 ἐμοὶ
850 2611 931 2637 om.
960 2598 999 2636 R
1115 2611 1164 2649 13
1191 2597 1408 2648 πυθόμενος
1431 2600 1460 2638 S
1475 2599 1511 2637 V
1628 2610 1674 2645 14
1704 2596 1790 2648 τοι]
1811 2613 1852 2637 τι
1873 2596 1913 2635 R

264 2664 311 2701 15
341 2652 473 2693 τούτω
495 2651 534 2690 R
705 2655 754 2692 16
781 2654 862 2704 μὴν
883 2653 923 2691 R
1093 2666 1140 2703 17
1170 2670 1232 2694 τοι
1251 2657 1346 2705 τῇσι
1366 2653 1515 2706 πάθῃσι
1538 2654 1587 2692 G.
1615 2651 1821 2691 Dindorf:
1849 2668 1914 2692 τοι

260 2710 346 2748 ταῖς
366 2706 506 2748 πάθαις
529 2707 567 2746 R
581 2708 611 2747 S
625 2707 663 2746 V
680 2723 688 2747 τ
718 2723 941 2749 τοιαυταισι
963 2707 1107 2750 πάθεσι
1129 2707 1249 2757 (·αισι
1270 2707 1304 2746 Β
1322 2708 1373 2757 Ρ)
1395 2707 1434 2746 A
1449 2708 1483 2746 B
1498 2708 1532 2747 C
1549 2707 1583 2745 P
1741 2707 1790 2745 18
1819 2705 1914 2747 ἅκεο

260 2760 300 2798 Α
314 2761 349 2800 Β
368 2775 377 2800 :
407 2760 501 2802 ἅκέο
523 2762 562 2799 R
583 2776 591 2800 :
621 2763 724 2804 ἄκεω
744 2763 779 2801 C
965 2776 1016 2813 19
1047 2766 1091 2804 ἐν
1114 2762 1190 2804 νόω
1213 2762 1252 2800 R
1267 2762 1297 2801 S
1312 2762 1350 2800 V
1477 2764 1704 2802 ὑποτιθεΐτο
1726 2761 1760 2800 Ρ
1776 2760 1815 2798 R
1830 2760 1860 2799 S
1875 2759 1915 2797 V

260 2819 281 2855 ὁ
300 2829 382 2856 om.
405 2815 446 2854 A
459 2816 493 2854 B
509 2817 542 2855 C
559 2816 592 2854 P
743 2831 798 2856 20
828 2818 968 2866 ασθείη
987 2817 1027 2856 Α
1042 2818 1076 2856 Β
1091 2818 1124 2856 C
1141 2818 1174 2856 Ρ
1317 2829 1365 2854 21
1399 2815 1443 2857 δὲ
1462 2816 1556 2857 τόδε
1578 2817 1758 2868 εὕρισκεν
1778 2814 1818 2853 R
1832 2813 1914 2853 SV

260 2869 315 2921 Οἵ]
337 2871 362 2918 ἦ
384 2870 423 2908 R
438 2870 521 2910 SV
657 2884 708 2922 23
738 2871 969 2924 Τημεκλέος
994 2872 1034 2911 R
1049 2871 1131 2912 SV
1269 2884 1321 2921 24
1354 2870 1513 2912 ἐδόκεεν
1533 2872 1571 2911 οἱ
1590 2869 1630 2908 R
1653 2870 1807 2921 (ἐδῶκ.)
1830 2866 1913 2907 SV

260 2925 501 2972 ἀποβαλέειν
523 2926 556 2963 L
