<?xml version="1.0" encoding="UTF-8"?>
<!DOCTYPE html PUBLIC "-//W3C//DTD XHTML 1.0 Transitional//EN"
    "http://www.w3.org/TR/xhtml1/DTD/xhtml1-transitional.dtd">
<html xmlns="http://www.w3.org/1999/xhtml" xml:lang="en" lang="en">
 <head>
  <title>
</title>
<meta http-equiv="Content-Type" content="text/html;charset=utf-8" />
  <meta name='ocr-system' content='tesseract 3.04.00' />
  <meta name='ocr-capabilities' content='ocr_page ocr_carea ocr_par ocr_line ocrx_word'/>
</head>
<body>
  <div class='ocr_page' id='page_1' title='image "./herodotihistoria01herouoft_0149.png"; bbox 0 0 2098 3320; ppageno 0'>
   <div class='ocr_carea' id='block_1_1' title="bbox 0 690 108 755">
    <p class='ocr_par' dir='ltr' id='par_1_1' title="bbox 0 690 108 755">
     <span class='ocr_line' id='line_1_1' title="bbox 0 690 108 755; baseline 0 -26"><span class='ocrx_word' id='word_1_1' title='bbox 0 690 108 755; x_wconf 57' lang='lat'>6⁶3</span> 
     </span>
    </p>
   </div>
   <div class='ocr_carea' id='block_1_2' title="bbox 823 114 2092 183">
    <p class='ocr_par' dir='ltr' id='par_1_2' title="bbox 823 114 2092 183">
     <span class='ocr_line' id='line_1_2' title="bbox 823 114 2092 183; baseline -0.003 -20"><span class='ocrx_word' id='word_1_2' title='bbox 823 114 1202 163; x_wconf 78' lang='grc' dir='ltr'>ΙΣΤΟΡΙΩΝ</span> <span class='ocrx_word' id='word_1_3' title='bbox 1278 115 1317 162; x_wconf 85' lang='grc' dir='ltr'><strong>Β</strong></span> <span class='ocrx_word' id='word_1_4' title='bbox 1948 121 2092 183; x_wconf 57' lang='lat'>1124</span> 
     </span>
    </p>
   </div>
   <div class='ocr_carea' id='block_1_3' title="bbox 171 242 2098 2424">
    <p class='ocr_par' dir='ltr' id='par_1_3' title="bbox 171 242 2098 2424">
     <span class='ocr_line' id='line_1_3' title="bbox 236 242 1910 317; baseline -0.001 -17"><span class='ocrx_word' id='word_1_5' title='bbox 236 245 367 300; x_wconf 84' lang='grc' dir='ltr'>τάτω</span> <span class='ocrx_word' id='word_1_6' title='bbox 411 266 466 299; x_wconf 92' lang='grc' dir='ltr'>τε</span> <span class='ocrx_word' id='word_1_7' title='bbox 505 243 537 317; x_wconf 86' lang='grc' dir='ltr'><em>ᾗ</em></span> <span class='ocrx_word' id='word_1_8' title='bbox 580 245 746 315; x_wconf 80' lang='grc' dir='ltr'>χώρης</span> <span class='ocrx_word' id='word_1_9' title='bbox 776 243 927 299; x_wconf 70' lang='grc' dir='ltr'>οὗτος</span> <span class='ocrx_word' id='word_1_10' title='bbox 966 245 993 295; x_wconf 99' lang='lat'><em>6</em></span> <span class='ocrx_word' id='word_1_11' title='bbox 1034 242 1146 299; x_wconf 86' lang='grc' dir='ltr'>θεὸς</span> <span class='ocrx_word' id='word_1_12' title='bbox 1194 243 1289 296; x_wconf 62' lang='grc' dir='ltr'>καὶ»</span> <span class='ocrx_word' id='word_1_13' title='bbox 1322 246 1446 296; x_wconf 81' lang='grc' dir='ltr'>κατὰ</span> <span class='ocrx_word' id='word_1_14' title='bbox 1491 245 1680 309; x_wconf 82' lang='grc' dir='ltr'>ἥντινα,</span> <span class='ocrx_word' id='word_1_15' title='bbox 1726 246 1910 310; x_wconf 92' lang='grc' dir='ltr'>ταύτην</span> 
     </span>
     <span class='ocr_line' id='line_1_4' title="bbox 237 327 1910 398; baseline -0.001 -15"><span class='ocrx_word' id='word_1_16' title='bbox 237 330 371 385; x_wconf 81' lang='grc' dir='ltr'>οἰκὸς</span> <span class='ocrx_word' id='word_1_17' title='bbox 410 332 567 397; x_wconf 81' lang='grc' dir='ltr'>διψῆν</span> <span class='ocrx_word' id='word_1_18' title='bbox 606 350 662 382; x_wconf 91' lang='grc' dir='ltr'>τε</span> <span class='ocrx_word' id='word_1_19' title='bbox 701 327 894 381; x_wconf 79' lang='grc' dir='ltr'>ὑδάτων</span> <span class='ocrx_word' id='word_1_20' title='bbox 931 327 1158 394; x_wconf 90' lang='grc' dir='ltr'>μάλιστα</span> <span class='ocrx_word' id='word_1_21' title='bbox 1204 328 1285 381; x_wconf 89' lang='grc' dir='ltr'>καὶ</span> <span class='ocrx_word' id='word_1_22' title='bbox 1328 330 1390 380; x_wconf 82' lang='grc' dir='ltr'>τὰ</span> <span class='ocrx_word' id='word_1_23' title='bbox 1431 329 1651 398; x_wconf 78' lang='grc' dir='ltr'>ἐγχώρια</span> <span class='ocrx_word' id='word_1_24' title='bbox 1692 329 1910 396; x_wconf 82' lang='grc' dir='ltr'>ῥεύματα</span> 
     </span>
     <span class='ocr_line' id='line_1_5' title="bbox 237 412 2011 485; baseline -0.001 -17"><span class='ocrx_word' id='word_1_25' title='bbox 237 416 566 482; x_wconf 84' lang='grc' dir='ltr'>μαραίνεσθαι</span> <span class='ocrx_word' id='word_1_26' title='bbox 594 419 693 466; x_wconf 92' lang='grc' dir='ltr'>τῶν</span> <span class='ocrx_word' id='word_1_27' title='bbox 717 417 968 479; x_wconf 80' lang='grc' dir='ltr'>ποταμῶν.</span> <span class='ocrx_word' id='word_1_28' title='bbox 1042 413 1107 467; x_wconf 82' lang='grc' dir='ltr'>ὡς</span> <span class='ocrx_word' id='word_1_29' title='bbox 1132 415 1186 465; x_wconf 79' lang='grc' dir='ltr'>δὲ</span> <span class='ocrx_word' id='word_1_30' title='bbox 1217 414 1272 466; x_wconf 90' lang='grc' dir='ltr'>ἐν</span> <span class='ocrx_word' id='word_1_31' title='bbox 1297 412 1477 465; x_wconf 89' lang='grc' dir='ltr'>πλέονι</span> <span class='ocrx_word' id='word_1_32' title='bbox 1500 414 1638 483; x_wconf 81' lang='grc' dir='ltr'>λόγῳ</span> <span class='ocrx_word' id='word_1_33' title='bbox 1665 416 1907 478; x_wconf 90' lang='grc' dir='ltr'>δηλῶσαι,</span> <span class='ocrx_word' id='word_1_34' title='bbox 1948 439 1973 471; x_wconf 82' lang='lat'><em>2</em></span> <span class='ocrx_word' id='word_1_35' title='bbox 1981 437 2011 485; x_wconf 86' lang='lat'>5</span> 
     </span>
     <span class='ocr_line' id='line_1_6' title="bbox 237 490 2065 567; baseline -0.001 -15"><span class='ocrx_word' id='word_1_36' title='bbox 237 500 334 552; x_wconf 82' lang='grc' dir='ltr'>ὧδε</span> <span class='ocrx_word' id='word_1_37' title='bbox 363 498 486 567; x_wconf 85' lang='grc' dir='ltr'>ἔχει·</span> <span class='ocrx_word' id='word_1_38' title='bbox 532 496 727 563; x_wconf 77' lang='grc' dir='ltr'>διεξιὼν</span> <span class='ocrx_word' id='word_1_39' title='bbox 758 500 846 562; x_wconf 88' lang='grc' dir='ltr'>τῆς</span> <span class='ocrx_word' id='word_1_40' title='bbox 882 498 1077 563; x_wconf 89' lang='grc' dir='ltr'>Λιβύης</span> <span class='ocrx_word' id='word_1_41' title='bbox 1117 499 1180 548; x_wconf 79' lang='grc' dir='ltr'>τὰ</span> <span class='ocrx_word' id='word_1_42' title='bbox 1218 496 1318 549; x_wconf 86' lang='grc' dir='ltr'>ἄνω</span> <span class='ocrx_word' id='word_1_43' title='bbox 1352 499 1378 548; x_wconf 92' lang='lat'><em>6</em></span> <span class='ocrx_word' id='word_1_44' title='bbox 1409 498 1554 562; x_wconf 88' lang='grc' dir='ltr'>ἥλιος</span> <span class='ocrx_word' id='word_1_45' title='bbox 1585 497 1703 550; x_wconf 91' lang='grc' dir='ltr'>τάδε</span> <span class='ocrx_word' id='word_1_46' title='bbox 1733 496 1908 550; x_wconf 86' lang='grc' dir='ltr'>ποιέει·</span> <span class='ocrx_word' id='word_1_47' title='bbox 2060 490 2065 494; x_wconf 54' lang='grc'><strong>’</strong></span> 
     </span>
     <span class='ocr_line' id='line_1_7' title="bbox 191 581 2098 654; baseline 0.001 -19"><span class='ocrx_word' id='word_1_48' title='bbox 191 607 214 647; x_wconf 84' lang='lat'>5</span> <span class='ocrx_word' id='word_1_49' title='bbox 239 582 326 636; x_wconf 82' lang='grc' dir='ltr'>ἅτε</span> <span class='ocrx_word' id='word_1_50' title='bbox 357 585 438 635; x_wconf 84' lang='grc' dir='ltr'>διὰ</span> <span class='ocrx_word' id='word_1_51' title='bbox 467 582 653 636; x_wconf 89' lang='grc' dir='ltr'>παντὸς</span> <span class='ocrx_word' id='word_1_52' title='bbox 682 587 769 634; x_wconf 90' lang='grc' dir='ltr'>τοῦ</span> <span class='ocrx_word' id='word_1_53' title='bbox 796 583 983 650; x_wconf 91' lang='grc' dir='ltr'>χρόνου</span> <span class='ocrx_word' id='word_1_54' title='bbox 1013 582 1204 654; x_wconf 53' lang='grc' dir='ltr'>αἰθρίου</span> <span class='ocrx_word' id='word_1_55' title='bbox 1236 603 1290 634; x_wconf 91' lang='grc' dir='ltr'>τε</span> <span class='ocrx_word' id='word_1_56' title='bbox 1328 583 1498 636; x_wconf 82' lang='grc' dir='ltr'>ἐόντος</span> <span class='ocrx_word' id='word_1_57' title='bbox 1529 587 1617 634; x_wconf 91' lang='grc' dir='ltr'>τοῦ</span> <span class='ocrx_word' id='word_1_58' title='bbox 1650 581 1795 649; x_wconf 82' lang='grc' dir='ltr'>ἠέρος</span> <span class='ocrx_word' id='word_1_59' title='bbox 1826 587 1912 635; x_wconf 87' lang='grc' dir='ltr'>τοῦ</span> <span class='ocrx_word' id='word_1_60' title='bbox 1924 593 2098 640; x_wconf 57' lang='grc' dir='ltr'>σιω-,α</span> 
     </span>
     <span class='ocr_line' id='line_1_8' title="bbox 241 667 2085 741; baseline -0.001 -22"><span class='ocrx_word' id='word_1_61' title='bbox 241 669 363 719; x_wconf 81' lang='grc' dir='ltr'>κατὰ</span> <span class='ocrx_word' id='word_1_62' title='bbox 391 671 546 719; x_wconf 91' lang='grc' dir='ltr'>ταῦτα</span> <span class='ocrx_word' id='word_1_63' title='bbox 579 669 640 719; x_wconf 80' lang='grc' dir='ltr'>τὰ</span> <span class='ocrx_word' id='word_1_64' title='bbox 680 668 841 735; x_wconf 87' lang='grc' dir='ltr'>χωρία</span> <span class='ocrx_word' id='word_1_65' title='bbox 880 667 958 719; x_wconf 88' lang='grc' dir='ltr'>καὶ</span> <span class='ocrx_word' id='word_1_66' title='bbox 1000 667 1230 741; x_wconf 63' lang='grc' dir='ltr'>ἇλε-εινῆς</span> <span class='ocrx_word' id='word_1_67' title='bbox 1271 670 1360 732; x_wconf 87' lang='grc' dir='ltr'>τῆς</span> <span class='ocrx_word' id='word_1_68' title='bbox 1400 667 1566 737; x_wconf 70' lang='grc' dir='ltr'>χώρης</span> <span class='ocrx_word' id='word_1_69' title='bbox 1610 667 1791 731; x_wconf 88' lang='grc' dir='ltr'>ἐούσης</span> <span class='ocrx_word' id='word_1_70' title='bbox 1832 667 1912 718; x_wconf 88' lang='grc' dir='ltr'>καὶ</span> <span class='ocrx_word' id='word_1_71' title='bbox 1938 670 2030 719; x_wconf 69' lang='grc' dir='ltr'>ςι-ἱλ</span> <span class='ocrx_word' id='word_1_72' title='bbox 2078 699 2085 705; x_wconf 87' lang='lat'><strong>·</strong></span> 
     </span>
     <span class='ocr_line' id='line_1_9' title="bbox 240 748 1912 819; baseline -0.001 -14"><span class='ocrx_word' id='word_1_73' title='bbox 240 748 400 819; x_wconf 81' lang='grc' dir='ltr'>(ἄνευ)</span> <span class='ocrx_word' id='word_1_74' title='bbox 450 750 646 817; x_wconf 88' lang='grc' dir='ltr'>ἀνέμων</span> <span class='ocrx_word' id='word_1_75' title='bbox 692 756 921 819; x_wconf 82' lang='grc' dir='ltr'>ψυχρῶν,</span> <span class='ocrx_word' id='word_1_76' title='bbox 970 750 1166 817; x_wconf 82' lang='grc' dir='ltr'>διεξιὼν</span> <span class='ocrx_word' id='word_1_77' title='bbox 1203 750 1373 804; x_wconf 88' lang='grc' dir='ltr'>,ποιέει</span> <span class='ocrx_word' id='word_1_78' title='bbox 1425 752 1532 803; x_wconf 77' lang='grc' dir='ltr'>οἶόν</span> <span class='ocrx_word' id='word_1_79' title='bbox 1583 773 1675 818; x_wconf 91' lang='grc' dir='ltr'>περ</span> <span class='ocrx_word' id='word_1_80' title='bbox 1729 751 1808 803; x_wconf 87' lang='grc' dir='ltr'>καὶ</span> <span class='ocrx_word' id='word_1_81' title='bbox 1854 751 1912 804; x_wconf 86' lang='grc' dir='ltr'>τὸ</span> 
     </span>
     <span class='ocr_line' id='line_1_10' title="bbox 241 834 1972 904; baseline 0.001 -16"><span class='ocrx_word' id='word_1_82' title='bbox 241 835 383 904; x_wconf 89' lang='grc' dir='ltr'>θέρος</span> <span class='ocrx_word' id='word_1_83' title='bbox 412 835 536 889; x_wconf 81' lang='grc' dir='ltr'>ἔωθε</span> <span class='ocrx_word' id='word_1_84' title='bbox 565 835 753 889; x_wconf 88' lang='grc' dir='ltr'>ποιέειν</span> <span class='ocrx_word' id='word_1_85' title='bbox 791 837 878 889; x_wconf 86' lang='grc' dir='ltr'>ἰὼν</span> <span class='ocrx_word' id='word_1_86' title='bbox 914 836 972 889; x_wconf 88' lang='grc' dir='ltr'>τὸ</span> <span class='ocrx_word' id='word_1_87' title='bbox 1010 834 1169 902; x_wconf 85' lang='grc' dir='ltr'>μέσον</span> <span class='ocrx_word' id='word_1_88' title='bbox 1207 840 1294 887; x_wconf 91' lang='grc' dir='ltr'>τοῦ</span> <span class='ocrx_word' id='word_1_89' title='bbox 1331 836 1556 904; x_wconf 82' lang='grc' dir='ltr'>οὐρανοῦ.</span> <span class='ocrx_word' id='word_1_90' title='bbox 1649 835 1787 889; x_wconf 80' lang='grc' dir='ltr'>ἕλκει</span> <span class='ocrx_word' id='word_1_91' title='bbox 1816 837 1912 903; x_wconf 78' lang='grc' dir='ltr'>γὰρ</span> <span class='ocrx_word' id='word_1_92' title='bbox 1948 857 1972 889; x_wconf 86' lang='lat'><strong>2</strong></span> 
     </span>
     <span class='ocr_line' id='line_1_11' title="bbox 241 919 1909 989; baseline -0.001 -15"><span class='ocrx_word' id='word_1_93' title='bbox 241 920 318 974; x_wconf 91' lang='grc' dir='ltr'>ἐπ’</span> <span class='ocrx_word' id='word_1_94' title='bbox 349 921 532 974; x_wconf 89' lang='grc' dir='ltr'>ἑωυτὸν</span> <span class='ocrx_word' id='word_1_95' title='bbox 562 921 619 973; x_wconf 89' lang='grc' dir='ltr'>τὸ</span> <span class='ocrx_word' id='word_1_96' title='bbox 649 921 794 989; x_wconf 81' lang='grc' dir='ltr'>ὕδωρ,</span> <span class='ocrx_word' id='word_1_97' title='bbox 828 920 1047 976; x_wconf 77' lang='grc' dir='ltr'>ἑλκύσας</span> <span class='ocrx_word' id='word_1_98' title='bbox 1085 923 1140 974; x_wconf 80' lang='grc' dir='ltr'>δὲ</span> <span class='ocrx_word' id='word_1_99' title='bbox 1175 919 1392 974; x_wconf 85' lang='grc' dir='ltr'>ἀπωθέει</span> <span class='ocrx_word' id='word_1_100' title='bbox 1426 922 1477 975; x_wconf 87' lang='grc' dir='ltr'>ἐς</span> <span class='ocrx_word' id='word_1_101' title='bbox 1507 922 1568 973; x_wconf 79' lang='grc' dir='ltr'>τὰ</span> <span class='ocrx_word' id='word_1_102' title='bbox 1599 919 1700 973; x_wconf 82' lang='grc' dir='ltr'>ἄνω</span> <span class='ocrx_word' id='word_1_103' title='bbox 1733 922 1909 989; x_wconf 90' lang='grc' dir='ltr'>χωρία,</span> 
     </span>
     <span class='ocr_line' id='line_1_12' title="bbox 171 1004 1910 1072; baseline 0.001 -17"><span class='ocrx_word' id='word_1_104' title='bbox 171 1027 219 1055; x_wconf 85' lang='grc' dir='ltr'>ιο</span> <span class='ocrx_word' id='word_1_105' title='bbox 240 1004 686 1072; x_wconf 83' lang='grc' dir='ltr'>ὑπολαμβάνοντες</span> <span class='ocrx_word' id='word_1_106' title='bbox 733 1008 786 1058; x_wconf 82' lang='grc' dir='ltr'>δὲ</span> <span class='ocrx_word' id='word_1_107' title='bbox 833 1008 879 1058; x_wconf 81' lang='grc' dir='ltr'>οἱ</span> <span class='ocrx_word' id='word_1_108' title='bbox 922 1004 1096 1071; x_wconf 85' lang='grc' dir='ltr'>ἄνεμοι</span> <span class='ocrx_word' id='word_1_109' title='bbox 1142 1005 1222 1058; x_wconf 86' lang='grc' dir='ltr'>καὶ</span> <span class='ocrx_word' id='word_1_110' title='bbox 1268 1005 1643 1058; x_wconf 87' lang='grc' dir='ltr'>διασκιδνάντες</span> <span class='ocrx_word' id='word_1_111' title='bbox 1686 1004 1910 1070; x_wconf 87' lang='grc' dir='ltr'>τήκουσι·</span> 
     </span>
     <span class='ocr_line' id='line_1_13' title="bbox 213 1089 1912 1159; baseline 0.001 -19"><span class='ocrx_word' id='word_1_112' title='bbox 213 1091 322 1143; x_wconf 89' lang='grc' dir='ltr'>,καὶ</span> <span class='ocrx_word' id='word_1_113' title='bbox 357 1091 456 1143; x_wconf 86' lang='grc' dir='ltr'>εἰσὶ</span> <span class='ocrx_word' id='word_1_114' title='bbox 491 1091 695 1145; x_wconf 86' lang='grc' dir='ltr'>οἰκότως</span> <span class='ocrx_word' id='word_1_115' title='bbox 732 1093 779 1143; x_wconf 83' lang='grc' dir='ltr'>οἱ</span> <span class='ocrx_word' id='word_1_116' title='bbox 819 1090 919 1143; x_wconf 84' lang='grc' dir='ltr'>ἀπὸ</span> <span class='ocrx_word' id='word_1_117' title='bbox 955 1090 1134 1155; x_wconf 81' lang='grc' dir='ltr'>ταύτης</span> <span class='ocrx_word' id='word_1_118' title='bbox 1175 1093 1263 1155; x_wconf 85' lang='grc' dir='ltr'>τῆς</span> <span class='ocrx_word' id='word_1_119' title='bbox 1299 1090 1466 1159; x_wconf 84' lang='grc' dir='ltr'>χώρης</span> <span class='ocrx_word' id='word_1_120' title='bbox 1506 1089 1758 1149; x_wconf 90' lang='grc' dir='ltr'>πνέοντες,</span> <span class='ocrx_word' id='word_1_121' title='bbox 1791 1090 1820 1141; x_wconf 85' lang='grc' dir='ltr'>ὅ</span> <span class='ocrx_word' id='word_1_122' title='bbox 1858 1111 1912 1142; x_wconf 92' lang='grc' dir='ltr'>τε</span> 
     </span>
     <span class='ocr_line' id='line_1_14' title="bbox 242 1173 2098 1242; baseline -0.002 -15"><span class='ocrx_word' id='word_1_123' title='bbox 242 1175 383 1229; x_wconf 87' lang='grc' dir='ltr'>νότος</span> <span class='ocrx_word' id='word_1_124' title='bbox 426 1175 504 1227; x_wconf 90' lang='grc' dir='ltr'>καὶ</span> <span class='ocrx_word' id='word_1_125' title='bbox 542 1176 568 1225; x_wconf 91' lang='lat'><em>6</em></span> <span class='ocrx_word' id='word_1_126' title='bbox 607 1175 723 1242; x_wconf 61' lang='grc' dir='ltr'>λίψ,</span> <span class='ocrx_word' id='word_1_127' title='bbox 757 1174 954 1240; x_wconf 84' lang='grc' dir='ltr'>ἀνέμων</span> <span class='ocrx_word' id='word_1_128' title='bbox 989 1173 1185 1227; x_wconf 85' lang='grc' dir='ltr'>πολλὸν</span> <span class='ocrx_word' id='word_1_129' title='bbox 1224 1180 1323 1227; x_wconf 89' lang='grc' dir='ltr'>τῶν</span> <span class='ocrx_word' id='word_1_130' title='bbox 1366 1173 1568 1227; x_wconf 91' lang='grc' dir='ltr'>πάντων</span> <span class='ocrx_word' id='word_1_131' title='bbox 1607 1174 1910 1239; x_wconf 85' lang='grc' dir='ltr'>ὑετιώτατοι.</span> <span class='ocrx_word' id='word_1_132' title='bbox 1932 1181 2098 1229; x_wconf 53' lang='lat' dir='ltr'>&gt;sae-⁸2</span> 
     </span>
     <span class='ocr_line' id='line_1_15' title="bbox 241 1257 2098 1338; baseline 0.001 -28"><span class='ocrx_word' id='word_1_133' title='bbox 241 1258 403 1312; x_wconf 88' lang='grc' dir='ltr'>δοκέει</span> <span class='ocrx_word' id='word_1_134' title='bbox 431 1257 487 1311; x_wconf 88' lang='grc' dir='ltr'>δέ</span> <span class='ocrx_word' id='word_1_135' title='bbox 513 1280 599 1325; x_wconf 94' lang='grc' dir='ltr'>μοι</span> <span class='ocrx_word' id='word_1_136' title='bbox 629 1259 742 1311; x_wconf 81' lang='grc' dir='ltr'>οὐδὲ</span> <span class='ocrx_word' id='word_1_137' title='bbox 772 1263 872 1311; x_wconf 81' lang='grc' dir='ltr'>πᾶν</span> <span class='ocrx_word' id='word_1_138' title='bbox 901 1258 959 1311; x_wconf 88' lang='grc' dir='ltr'>τὸ</span> <span class='ocrx_word' id='word_1_139' title='bbox 988 1260 1117 1326; x_wconf 85' lang='grc' dir='ltr'>ὕδωρ</span> <span class='ocrx_word' id='word_1_140' title='bbox 1154 1263 1211 1311; x_wconf 85' lang='grc' dir='ltr'>τὸ</span> <span class='ocrx_word' id='word_1_141' title='bbox 1250 1257 1477 1329; x_wconf 55' lang='grc' dir='ltr'>ἐπέ-τ’,ειον</span> <span class='ocrx_word' id='word_1_142' title='bbox 1508 1257 1751 1311; x_wconf 89' lang='grc' dir='ltr'>ἑκάστοτε</span> <span class='ocrx_word' id='word_1_143' title='bbox 1787 1260 1908 1312; x_wconf 78' lang='grc' dir='ltr'>ἀπο·</span> <span class='ocrx_word' id='word_1_144' title='bbox 1945 1282 1969 1325; x_wconf 86' lang='lat'>3</span> <span class='ocrx_word' id='word_1_145' title='bbox 1991 1282 2098 1338; x_wconf 49' lang='grc' dir='ltr'>Ῥω</span> 
     </span>
     <span class='ocr_line' id='line_1_16' title="bbox 242 1341 2098 1413; baseline -0.001 -17"><span class='ocrx_word' id='word_1_146' title='bbox 242 1341 527 1409; x_wconf 88' lang='grc' dir='ltr'>πέμπεσθαι</span> <span class='ocrx_word' id='word_1_147' title='bbox 578 1347 666 1395; x_wconf 91' lang='grc' dir='ltr'>τοῦ</span> <span class='ocrx_word' id='word_1_148' title='bbox 712 1345 903 1396; x_wconf 85' lang='grc' dir='ltr'>Νείλου</span> <span class='ocrx_word' id='word_1_149' title='bbox 950 1345 976 1394; x_wconf 93' lang='grc' dir='ltr'>ὁ</span> <span class='ocrx_word' id='word_1_150' title='bbox 1021 1344 1181 1409; x_wconf 85' lang='grc' dir='ltr'>ἥλιος,</span> <span class='ocrx_word' id='word_1_151' title='bbox 1234 1344 1368 1395; x_wconf 82' lang='grc' dir='ltr'>ἀλλὰ</span> <span class='ocrx_word' id='word_1_152' title='bbox 1419 1344 1500 1396; x_wconf 90' lang='grc' dir='ltr'>καὶ</span> <span class='ocrx_word' id='word_1_153' title='bbox 1547 1343 2098 1413; x_wconf 56' lang='grc' dir='ltr'>ὑπολε-ίπεσθαιωμι</span> 
     </span>
     <span class='ocr_line' id='line_1_17' title="bbox 175 1426 1914 1496; baseline 0.002 -20"><span class='ocrx_word' id='word_1_154' title='bbox 175 1447 217 1488; x_wconf 84' lang='lat'>¹5</span> <span class='ocrx_word' id='word_1_155' title='bbox 242 1428 355 1495; x_wconf 91' lang='grc' dir='ltr'>περὶ</span> <span class='ocrx_word' id='word_1_156' title='bbox 405 1428 606 1481; x_wconf 89' lang='grc' dir='ltr'>ἑωυτόν.</span> <span class='ocrx_word' id='word_1_157' title='bbox 703 1427 1043 1495; x_wconf 81' lang='grc' dir='ltr'>πρηϋνομένου</span> <span class='ocrx_word' id='word_1_158' title='bbox 1096 1430 1150 1480; x_wconf 81' lang='grc' dir='ltr'>δὲ</span> <span class='ocrx_word' id='word_1_159' title='bbox 1201 1432 1289 1479; x_wconf 86' lang='grc' dir='ltr'>τοῦ</span> <span class='ocrx_word' id='word_1_160' title='bbox 1341 1432 1589 1496; x_wconf 90' lang='grc' dir='ltr'>χειμῶνος</span> <span class='ocrx_word' id='word_1_161' title='bbox 1641 1426 1914 1496; x_wconf 84' lang='grc' dir='ltr'>ἀπέρχεται</span> 
     </span>
     <span class='ocr_line' id='line_1_18' title="bbox 244 1508 1911 1580; baseline 0.001 -18"><span class='ocrx_word' id='word_1_162' title='bbox 244 1512 271 1562; x_wconf 92' lang='lat'><em>6</em></span> <span class='ocrx_word' id='word_1_163' title='bbox 299 1512 441 1576; x_wconf 87' lang='grc' dir='ltr'>ἥλιος</span> <span class='ocrx_word' id='word_1_164' title='bbox 477 1514 528 1567; x_wconf 90' lang='grc' dir='ltr'>ἐς</span> <span class='ocrx_word' id='word_1_165' title='bbox 567 1508 724 1578; x_wconf 85' lang='grc' dir='ltr'>μέσον</span> <span class='ocrx_word' id='word_1_166' title='bbox 760 1511 848 1565; x_wconf 89' lang='grc' dir='ltr'>τὸν</span> <span class='ocrx_word' id='word_1_167' title='bbox 884 1511 1094 1580; x_wconf 83' lang='grc' dir='ltr'>οὐρανὸν</span> <span class='ocrx_word' id='word_1_168' title='bbox 1136 1512 1316 1572; x_wconf 88' lang='grc' dir='ltr'>ὀπίσω,</span> <span class='ocrx_word' id='word_1_169' title='bbox 1354 1513 1431 1564; x_wconf 90' lang='grc' dir='ltr'>καὶ</span> <span class='ocrx_word' id='word_1_170' title='bbox 1468 1517 1523 1563; x_wconf 88' lang='grc' dir='ltr'>τὸ</span> <span class='ocrx_word' id='word_1_171' title='bbox 1562 1514 1790 1565; x_wconf 87' lang='grc' dir='ltr'>ἐνθεῦτεν</span> <span class='ocrx_word' id='word_1_172' title='bbox 1820 1512 1911 1578; x_wconf 86' lang='grc' dir='ltr'>ἤδη</span> 
     </span>
     <span class='ocr_line' id='line_1_19' title="bbox 244 1595 1974 1662; baseline 0.001 -15"><span class='ocrx_word' id='word_1_173' title='bbox 244 1597 425 1662; x_wconf 88' lang='grc' dir='ltr'>ὁμοίως</span> <span class='ocrx_word' id='word_1_174' title='bbox 459 1596 558 1649; x_wconf 86' lang='grc' dir='ltr'>ἀπὸ</span> <span class='ocrx_word' id='word_1_175' title='bbox 597 1595 798 1650; x_wconf 85' lang='grc' dir='ltr'>πάντων</span> <span class='ocrx_word' id='word_1_176' title='bbox 840 1597 975 1649; x_wconf 80' lang='grc' dir='ltr'>ἕλκει</span> <span class='ocrx_word' id='word_1_177' title='bbox 1016 1601 1114 1649; x_wconf 91' lang='grc' dir='ltr'>τῶν</span> <span class='ocrx_word' id='word_1_178' title='bbox 1152 1601 1408 1662; x_wconf 82' lang='grc' dir='ltr'>ποταμῶν.</span> <span class='ocrx_word' id='word_1_179' title='bbox 1495 1595 1618 1650; x_wconf 91' lang='grc' dir='ltr'>τέως</span> <span class='ocrx_word' id='word_1_180' title='bbox 1654 1599 1707 1648; x_wconf 80' lang='grc' dir='ltr'>δὲ</span> <span class='ocrx_word' id='word_1_181' title='bbox 1745 1599 1792 1649; x_wconf 84' lang='grc' dir='ltr'>οἱ</span> <span class='ocrx_word' id='word_1_182' title='bbox 1821 1598 1914 1662; x_wconf 76' lang='grc' dir='ltr'>μὲν</span> <span class='ocrx_word' id='word_1_183' title='bbox 1948 1618 1974 1660; x_wconf 85' lang='grc'>4</span> 
     </span>
     <span class='ocr_line' id='line_1_20' title="bbox 243 1680 1915 1749; baseline 0.002 -17"><span class='ocrx_word' id='word_1_184' title='bbox 243 1681 457 1748; x_wconf 82' lang='grc' dir='ltr'>ὀμβρίου</span> <span class='ocrx_word' id='word_1_185' title='bbox 485 1682 663 1735; x_wconf 82' lang='grc' dir='ltr'>ὕδατος</span> <span class='ocrx_word' id='word_1_186' title='bbox 687 1680 1098 1749; x_wconf 87' lang='grc' dir='ltr'>συμμισγομένου</span> <span class='ocrx_word' id='word_1_187' title='bbox 1122 1687 1315 1734; x_wconf 89' lang='grc' dir='ltr'>πολλοῦ</span> <span class='ocrx_word' id='word_1_188' title='bbox 1346 1680 1558 1741; x_wconf 84' lang='grc' dir='ltr'>αὑτοῖσι,</span> <span class='ocrx_word' id='word_1_189' title='bbox 1587 1680 1674 1733; x_wconf 83' lang='grc' dir='ltr'>ἅτε</span> <span class='ocrx_word' id='word_1_190' title='bbox 1703 1680 1915 1747; x_wconf 87' lang='grc' dir='ltr'>ὑομένης</span> 
     </span>
     <span class='ocr_line' id='line_1_21' title="bbox 244 1764 1915 1835; baseline 0.001 -19"><span class='ocrx_word' id='word_1_191' title='bbox 244 1785 298 1817; x_wconf 91' lang='grc' dir='ltr'>τε</span> <span class='ocrx_word' id='word_1_192' title='bbox 342 1768 429 1830; x_wconf 86' lang='grc' dir='ltr'>τῆς</span> <span class='ocrx_word' id='word_1_193' title='bbox 474 1766 639 1834; x_wconf 89' lang='grc' dir='ltr'>χώρης</span> <span class='ocrx_word' id='word_1_194' title='bbox 689 1767 769 1819; x_wconf 88' lang='grc' dir='ltr'>καὶ</span> <span class='ocrx_word' id='word_1_195' title='bbox 821 1765 1281 1835; x_wconf 88' lang='grc' dir='ltr'>κεχαραδρωμένης,</span> <span class='ocrx_word' id='word_1_196' title='bbox 1329 1764 1503 1833; x_wconf 89' lang='grc' dir='ltr'>ῥέουσι</span> <span class='ocrx_word' id='word_1_197' title='bbox 1551 1764 1782 1833; x_wconf 85' lang='grc' dir='ltr'>μεγάλοι,</span> <span class='ocrx_word' id='word_1_198' title='bbox 1829 1769 1915 1817; x_wconf 91' lang='grc' dir='ltr'>τοῦ</span> 
     </span>
     <span class='ocr_line' id='line_1_22' title="bbox 173 1848 1916 1918; baseline -0.001 -16"><span class='ocrx_word' id='word_1_199' title='bbox 173 1867 222 1897; x_wconf 83' lang='lat'>20</span> <span class='ocrx_word' id='word_1_200' title='bbox 244 1851 299 1902; x_wconf 80' lang='grc' dir='ltr'>δὲ</span> <span class='ocrx_word' id='word_1_201' title='bbox 327 1848 498 1918; x_wconf 90' lang='grc' dir='ltr'>θέρεος</span> <span class='ocrx_word' id='word_1_202' title='bbox 527 1855 627 1903; x_wconf 90' lang='grc' dir='ltr'>τῶν</span> <span class='ocrx_word' id='word_1_203' title='bbox 655 1872 711 1903; x_wconf 92' lang='grc' dir='ltr'>τε</span> <span class='ocrx_word' id='word_1_204' title='bbox 740 1851 946 1918; x_wconf 84' lang='grc' dir='ltr'>ὄμβρων</span> <span class='ocrx_word' id='word_1_205' title='bbox 985 1851 1346 1903; x_wconf 84' lang='grc' dir='ltr'>ἐπιλειπόντων</span> <span class='ocrx_word' id='word_1_206' title='bbox 1384 1849 1558 1903; x_wconf 83' lang='grc' dir='ltr'>αὐτοὺς</span> <span class='ocrx_word' id='word_1_207' title='bbox 1593 1849 1673 1902; x_wconf 88' lang='grc' dir='ltr'>καὶ</span> <span class='ocrx_word' id='word_1_208' title='bbox 1703 1849 1798 1902; x_wconf 85' lang='grc' dir='ltr'>ὑπὸ</span> <span class='ocrx_word' id='word_1_209' title='bbox 1828 1853 1916 1901; x_wconf 84' lang='grc' dir='ltr'>τοῦ</span> 
     </span>
     <span class='ocr_line' id='line_1_23' title="bbox 244 1933 1973 2001; baseline 0.001 -15"><span class='ocrx_word' id='word_1_210' title='bbox 244 1933 389 1999; x_wconf 86' lang='grc' dir='ltr'>ἡλίου</span> <span class='ocrx_word' id='word_1_211' title='bbox 411 1935 672 2001; x_wconf 83' lang='grc' dir='ltr'>ἑλκόμενοι</span> <span class='ocrx_word' id='word_1_212' title='bbox 697 1934 935 1989; x_wconf 85' lang='grc' dir='ltr'>ἀσθενέες</span> <span class='ocrx_word' id='word_1_213' title='bbox 961 1937 1076 1988; x_wconf 85' lang='grc' dir='ltr'>εἰσί.</span> <span class='ocrx_word' id='word_1_214' title='bbox 1149 1935 1176 1985; x_wconf 95' lang='lat'><em>6</em></span> <span class='ocrx_word' id='word_1_215' title='bbox 1207 1937 1260 1987; x_wconf 80' lang='grc' dir='ltr'>δὲ</span> <span class='ocrx_word' id='word_1_216' title='bbox 1285 1939 1488 1993; x_wconf 84' lang='grc' dir='ltr'>Νεῖλος,</span> <span class='ocrx_word' id='word_1_217' title='bbox 1516 1934 1611 1986; x_wconf 85' lang='grc' dir='ltr'>ἐὼν</span> <span class='ocrx_word' id='word_1_218' title='bbox 1640 1933 1911 2001; x_wconf 85' lang='grc' dir='ltr'>ἄνομβρος,</span> <span class='ocrx_word' id='word_1_219' title='bbox 1953 1955 1973 1999; x_wconf 88' lang='grc'><strong><em>5</em></strong></span> 
     </span>
     <span class='ocr_line' id='line_1_24' title="bbox 245 2017 1916 2086; baseline 0.001 -17"><span class='ocrx_word' id='word_1_220' title='bbox 245 2019 511 2086; x_wconf 88' lang='grc' dir='ltr'>ἑλκόμενος</span> <span class='ocrx_word' id='word_1_221' title='bbox 553 2022 608 2072; x_wconf 79' lang='grc' dir='ltr'>δὲ</span> <span class='ocrx_word' id='word_1_222' title='bbox 646 2018 743 2072; x_wconf 85' lang='grc' dir='ltr'>ὑπὸ</span> <span class='ocrx_word' id='word_1_223' title='bbox 783 2024 870 2071; x_wconf 91' lang='grc' dir='ltr'>τοῦ</span> <span class='ocrx_word' id='word_1_224' title='bbox 910 2019 1069 2084; x_wconf 83' lang='grc' dir='ltr'>ἡλίου,</span> <span class='ocrx_word' id='word_1_225' title='bbox 1113 2023 1295 2085; x_wconf 83' lang='grc' dir='ltr'>μοῦνος</span> <span class='ocrx_word' id='word_1_226' title='bbox 1336 2023 1574 2084; x_wconf 90' lang='grc' dir='ltr'>ποταμῶν</span> <span class='ocrx_word' id='word_1_227' title='bbox 1613 2024 1788 2071; x_wconf 89' lang='grc' dir='ltr'>τοῦτον</span> <span class='ocrx_word' id='word_1_228' title='bbox 1828 2017 1916 2071; x_wconf 86' lang='grc' dir='ltr'>τὸν</span> 
     </span>
     <span class='ocr_line' id='line_1_25' title="bbox 245 2099 1912 2173; baseline -0.001 -18"><span class='ocrx_word' id='word_1_229' title='bbox 245 2103 428 2172; x_wconf 87' lang='grc' dir='ltr'>χρόνον</span> <span class='ocrx_word' id='word_1_230' title='bbox 467 2105 674 2159; x_wconf 81' lang='grc' dir='ltr'>οἰκότως</span> <span class='ocrx_word' id='word_1_231' title='bbox 714 2103 860 2158; x_wconf 81' lang='grc' dir='ltr'>αὐτὸς</span> <span class='ocrx_word' id='word_1_232' title='bbox 900 2107 1084 2157; x_wconf 80' lang='grc' dir='ltr'>ἑωυτοῦ</span> <span class='ocrx_word' id='word_1_233' title='bbox 1124 2102 1226 2171; x_wconf 88' lang='grc' dir='ltr'>ῥέει</span> <span class='ocrx_word' id='word_1_234' title='bbox 1269 2108 1443 2173; x_wconf 82' lang='grc' dir='ltr'>πολλῷ</span> <span class='ocrx_word' id='word_1_235' title='bbox 1484 2102 1844 2170; x_wconf 85' lang='grc' dir='ltr'>ὑποδεέστερος</span> <span class='ocrx_word' id='word_1_236' title='bbox 1883 2099 1912 2166; x_wconf 79' lang='grc' dir='ltr'>ἦ</span> 
     </span>
     <span class='ocr_line' id='line_1_26' title="bbox 245 2186 1915 2256; baseline 0 -17"><span class='ocrx_word' id='word_1_237' title='bbox 245 2192 333 2239; x_wconf 90' lang='grc' dir='ltr'>τοῦ</span> <span class='ocrx_word' id='word_1_238' title='bbox 373 2187 558 2256; x_wconf 90' lang='grc' dir='ltr'>θέρεος·</span> <span class='ocrx_word' id='word_1_239' title='bbox 605 2189 718 2242; x_wconf 90' lang='grc' dir='ltr'>τότε</span> <span class='ocrx_word' id='word_1_240' title='bbox 756 2191 848 2254; x_wconf 81' lang='grc' dir='ltr'>μὲν</span> <span class='ocrx_word' id='word_1_241' title='bbox 889 2189 984 2256; x_wconf 81' lang='grc' dir='ltr'>γὰρ</span> <span class='ocrx_word' id='word_1_242' title='bbox 1024 2190 1148 2254; x_wconf 79' lang='grc' dir='ltr'>μετὰ</span> <span class='ocrx_word' id='word_1_243' title='bbox 1191 2187 1389 2241; x_wconf 89' lang='grc' dir='ltr'>πάντων</span> <span class='ocrx_word' id='word_1_244' title='bbox 1429 2192 1528 2240; x_wconf 90' lang='grc' dir='ltr'>τῶν</span> <span class='ocrx_word' id='word_1_245' title='bbox 1568 2186 1761 2240; x_wconf 86' lang='grc' dir='ltr'>ὑδάτων</span> <span class='ocrx_word' id='word_1_246' title='bbox 1801 2189 1915 2239; x_wconf 81' lang='grc' dir='ltr'>ἴσον</span> 
     </span>
     <span class='ocr_line' id='line_1_27' title="bbox 173 2271 1915 2341; baseline -0.001 -17"><span class='ocrx_word' id='word_1_247' title='bbox 173 2286 221 2328; x_wconf 83' lang='lat'>25</span> <span class='ocrx_word' id='word_1_248' title='bbox 246 2272 460 2332; x_wconf 82' lang='grc' dir='ltr'>ἕλκεται,</span> <span class='ocrx_word' id='word_1_249' title='bbox 493 2273 581 2326; x_wconf 89' lang='grc' dir='ltr'>τὸν</span> <span class='ocrx_word' id='word_1_250' title='bbox 611 2276 664 2325; x_wconf 84' lang='grc' dir='ltr'>δὲ</span> <span class='ocrx_word' id='word_1_251' title='bbox 694 2279 916 2341; x_wconf 89' lang='grc' dir='ltr'>χειμῶνα</span> <span class='ocrx_word' id='word_1_252' title='bbox 952 2278 1133 2340; x_wconf 87' lang='grc' dir='ltr'>μοῦνος</span> <span class='ocrx_word' id='word_1_253' title='bbox 1171 2272 1404 2337; x_wconf 79' lang='grc' dir='ltr'>πιέζεται.</span> <span class='ocrx_word' id='word_1_254' title='bbox 1495 2273 1621 2324; x_wconf 83' lang='grc' dir='ltr'>οὕτω</span> <span class='ocrx_word' id='word_1_255' title='bbox 1653 2271 1739 2324; x_wconf 89' lang='grc' dir='ltr'>τὸν</span> <span class='ocrx_word' id='word_1_256' title='bbox 1769 2272 1915 2336; x_wconf 83' lang='grc' dir='ltr'>ἥλιον</span> 
     </span>
     <span class='ocr_line' id='line_1_28' title="bbox 246 2355 2022 2424; baseline -0.005 -15"><span class='ocrx_word' id='word_1_257' title='bbox 246 2357 480 2424; x_wconf 86' lang='grc' dir='ltr'>νενόμικα</span> <span class='ocrx_word' id='word_1_258' title='bbox 526 2358 712 2411; x_wconf 91' lang='grc' dir='ltr'>τούτων</span> <span class='ocrx_word' id='word_1_259' title='bbox 759 2359 918 2410; x_wconf 85' lang='grc' dir='ltr'>αἴτιον</span> <span class='ocrx_word' id='word_1_260' title='bbox 965 2357 1108 2411; x_wconf 82' lang='grc' dir='ltr'>εἶναι.</span> <span class='ocrx_word' id='word_1_261' title='bbox 1197 2359 1351 2411; x_wconf 84' lang='grc' dir='ltr'>αἴτιος</span> <span class='ocrx_word' id='word_1_262' title='bbox 1401 2359 1454 2409; x_wconf 83' lang='grc' dir='ltr'>δὲ</span> <span class='ocrx_word' id='word_1_263' title='bbox 1503 2358 1529 2407; x_wconf 93' lang='lat'><em>6</em></span> <span class='ocrx_word' id='word_1_264' title='bbox 1579 2355 1725 2410; x_wconf 85' lang='grc' dir='ltr'>αὑτὸς</span> <span class='ocrx_word' id='word_1_265' title='bbox 1774 2356 1915 2410; x_wconf 75' lang='grc' dir='ltr'>οὗτος</span> <span class='ocrx_word' id='word_1_266' title='bbox 1953 2355 2022 2402; x_wconf 79' lang='lat'>26</span> 
     </span>
    </p>
   </div>
   <div class='ocr_carea' id='block_1_4' title="bbox 242 2493 1917 2985">
    <p class='ocr_par' dir='ltr' id='par_1_4' title="bbox 242 2493 1917 2985">
     <span class='ocr_line' id='line_1_29' title="bbox 303 2493 1914 2549; baseline 0 -14"><span class='ocrx_word' id='word_1_267' title='bbox 303 2493 1334 2549; x_wconf 67' lang='grc' dir='ltr'>ΙτεῇὃίῖείιὶεγεῇΡεγεηΗΞνεῆιΑΒΟ</span> <span class='ocrx_word' id='word_1_268' title='bbox 1419 2493 1652 2535; x_wconf 62' lang='lat' dir='ltr'><strong>xalom.R</strong></span> <span class='ocrx_word' id='word_1_269' title='bbox 1766 2494 1914 2535; x_wconf 65' lang='grc' dir='ltr'>Ωείκὺς</span> 
     </span>
     <span class='ocr_line' id='line_1_30' title="bbox 244 2547 1914 2601; baseline -0.002 -10"><span class='ocrx_word' id='word_1_270' title='bbox 244 2551 284 2591; x_wconf 88' lang='grc' dir='ltr'>Α</span> <span class='ocrx_word' id='word_1_271' title='bbox 298 2551 332 2591; x_wconf 88' lang='grc' dir='ltr'><em>Β</em></span> <span class='ocrx_word' id='word_1_272' title='bbox 346 2552 380 2589; x_wconf 90' lang='lat' dir='ltr'>C</span> <span class='ocrx_word' id='word_1_273' title='bbox 394 2551 424 2590; x_wconf 92' lang='lat' dir='ltr'>S</span> <span class='ocrx_word' id='word_1_274' title='bbox 436 2550 475 2589; x_wconf 91' lang='lat' dir='ltr'>V</span> <span class='ocrx_word' id='word_1_275' title='bbox 584 2564 611 2601; x_wconf 84' lang='lat'>3</span> <span class='ocrx_word' id='word_1_276' title='bbox 639 2551 797 2592; x_wconf 80' lang='grc' dir='ltr'>πλείονι</span> <span class='ocrx_word' id='word_1_277' title='bbox 820 2550 859 2588; x_wconf 92' lang='lat' dir='ltr'>R</span> <span class='ocrx_word' id='word_1_278' title='bbox 874 2551 904 2590; x_wconf 89' lang='lat' dir='ltr'>S</span> <span class='ocrx_word' id='word_1_279' title='bbox 918 2550 956 2588; x_wconf 96' lang='lat' dir='ltr'>V</span> <span class='ocrx_word' id='word_1_280' title='bbox 1067 2562 1098 2600; x_wconf 89' lang='grc'>5-</span> <span class='ocrx_word' id='word_1_281' title='bbox 1125 2549 1262 2590; x_wconf 84' lang='grc' dir='ltr'>ἐόντος</span> <span class='ocrx_word' id='word_1_282' title='bbox 1284 2561 1365 2588; x_wconf 83' lang='grc' dir='ltr'>οῐη.</span> <span class='ocrx_word' id='word_1_283' title='bbox 1392 2547 1430 2587; x_wconf 88' lang='lat' dir='ltr'><strong>A</strong></span> <span class='ocrx_word' id='word_1_284' title='bbox 1445 2548 1479 2586; x_wconf 92' lang='lat' dir='ltr'><strong>B</strong></span> <span class='ocrx_word' id='word_1_285' title='bbox 1495 2548 1528 2585; x_wconf 91' lang='lat' dir='ltr'>C</span> <span class='ocrx_word' id='word_1_286' title='bbox 1642 2552 1736 2586; x_wconf 85' lang='lat' dir='ltr'><strong>tert.</strong></span> <span class='ocrx_word' id='word_1_287' title='bbox 1755 2547 1847 2599; x_wconf 81' lang='grc' dir='ltr'>τοῦ]</span> <span class='ocrx_word' id='word_1_288' title='bbox 1866 2550 1914 2588; x_wconf 78' lang='grc' dir='ltr'>τὸ</span> 
     </span>
     <span class='ocr_line' id='line_1_31' title="bbox 246 2602 1914 2657; baseline -0.004 -10"><span class='ocrx_word' id='word_1_289' title='bbox 246 2605 388 2647; x_wconf 87' lang='lat' dir='ltr'>RSV</span> <span class='ocrx_word' id='word_1_290' title='bbox 605 2607 634 2644; x_wconf 89' lang='lat'><em>6</em></span> <span class='ocrx_word' id='word_1_291' title='bbox 670 2605 742 2646; x_wconf 81' lang='lat' dir='ltr'><strong>alt.</strong></span> <span class='ocrx_word' id='word_1_292' title='bbox 775 2604 860 2657; x_wconf 80' lang='grc' dir='ltr'>καὶ]</span> <span class='ocrx_word' id='word_1_293' title='bbox 897 2607 968 2646; x_wconf 77' lang='grc' dir='ltr'>οὐκ</span> <span class='ocrx_word' id='word_1_294' title='bbox 1001 2604 1129 2646; x_wconf 77' lang='grc' dir='ltr'>ὄντων</span> <span class='ocrx_word' id='word_1_295' title='bbox 1161 2605 1190 2643; x_wconf 86' lang='lat' dir='ltr'>S</span> <span class='ocrx_word' id='word_1_296' title='bbox 1425 2615 1447 2653; x_wconf 94' lang='lat'><strong>7</strong></span> <span class='ocrx_word' id='word_1_297' title='bbox 1487 2604 1581 2644; x_wconf 77' lang='grc' dir='ltr'>ἄνευ</span> <span class='ocrx_word' id='word_1_298' title='bbox 1610 2603 1705 2642; x_wconf 89' lang='lat' dir='ltr'>add.</span> <span class='ocrx_word' id='word_1_299' title='bbox 1742 2602 1914 2652; x_wconf 85' lang='lat' dir='ltr'>Madvig</span> 
     </span>
     <span class='ocr_line' id='line_1_32' title="bbox 243 2657 1917 2710; baseline -0.002 -9"><span class='ocrx_word' id='word_1_300' title='bbox 243 2663 271 2701; x_wconf 90' lang='lat'>8</span> <span class='ocrx_word' id='word_1_301' title='bbox 310 2663 424 2703; x_wconf 77' lang='grc' dir='ltr'>ἐώθεε</span> <span class='ocrx_word' id='word_1_302' title='bbox 457 2662 570 2701; x_wconf 84' lang='lat' dir='ltr'>PR:</span> <span class='ocrx_word' id='word_1_303' title='bbox 610 2663 720 2702; x_wconf 73' lang='grc' dir='ltr'>εἴωθε</span> <span class='ocrx_word' id='word_1_304' title='bbox 752 2660 783 2700; x_wconf 86' lang='lat' dir='ltr'>S</span> <span class='ocrx_word' id='word_1_305' title='bbox 976 2673 1004 2710; x_wconf 91' lang='lat'><strong>9</strong></span> <span class='ocrx_word' id='word_1_306' title='bbox 1043 2661 1164 2700; x_wconf 82' lang='grc' dir='ltr'>αὐτὸν</span> <span class='ocrx_word' id='word_1_307' title='bbox 1195 2659 1228 2697; x_wconf 74' lang='lat' dir='ltr'>C</span> <span class='ocrx_word' id='word_1_308' title='bbox 1359 2659 1510 2699; x_wconf 81' lang='grc' dir='ltr'>ἀπωθεῖ</span> <span class='ocrx_word' id='word_1_309' title='bbox 1538 2657 1723 2697; x_wconf 88' lang='lat' dir='ltr'>CRSV</span> <span class='ocrx_word' id='word_1_310' title='bbox 1754 2658 1917 2708; x_wconf 70' lang='grc' dir='ltr'>(ἁποθ.)</span> 
     </span>
     <span class='ocr_line' id='line_1_33' title="bbox 249 2712 1910 2761; baseline -0.004 -3"><span class='ocrx_word' id='word_1_311' title='bbox 249 2729 293 2755; x_wconf 90' lang='lat'>11</span> <span class='ocrx_word' id='word_1_312' title='bbox 328 2716 490 2758; x_wconf 78' lang='grc' dir='ltr'>εἰκότως</span> <span class='ocrx_word' id='word_1_313' title='bbox 512 2715 593 2755; x_wconf 90' lang='lat' dir='ltr'>SV</span> <span class='ocrx_word' id='word_1_314' title='bbox 711 2712 783 2755; x_wconf 52' lang='lat'>”12</span> <span class='ocrx_word' id='word_1_315' title='bbox 814 2716 1047 2756; x_wconf 82' lang='grc' dir='ltr'>ὑετιώτατοι</span> <span class='ocrx_word' id='word_1_316' title='bbox 1068 2712 1149 2753; x_wconf 72' lang='lat' dir='ltr'>A2:</span> <span class='ocrx_word' id='word_1_317' title='bbox 1182 2715 1402 2755; x_wconf 80' lang='grc' dir='ltr'>ὑετώτατοι</span> <span class='ocrx_word' id='word_1_318' title='bbox 1429 2713 1461 2751; x_wconf 91' lang='lat' dir='ltr'>L</span> <span class='ocrx_word' id='word_1_319' title='bbox 1594 2725 1641 2761; x_wconf 88' lang='lat'>14</span> <span class='ocrx_word' id='word_1_320' title='bbox 1672 2712 1737 2753; x_wconf 79' lang='grc' dir='ltr'>καὶ</span> <span class='ocrx_word' id='word_1_321' title='bbox 1763 2724 1844 2752; x_wconf 91' lang='lat' dir='ltr'>om.</span> <span class='ocrx_word' id='word_1_322' title='bbox 1872 2712 1910 2751; x_wconf 91' lang='lat' dir='ltr'>R</span> 
     </span>
     <span class='ocr_line' id='line_1_34' title="bbox 249 2765 1912 2825; baseline -0.002 -15"><span class='ocrx_word' id='word_1_323' title='bbox 249 2774 298 2810; x_wconf 89' lang='lat'>16</span> <span class='ocrx_word' id='word_1_324' title='bbox 326 2775 398 2812; x_wconf 86' lang='grc' dir='ltr'>τοῦ</span> <span class='ocrx_word' id='word_1_325' title='bbox 418 2774 583 2825; x_wconf 80' lang='grc' dir='ltr'>οὐρανοῦ</span> <span class='ocrx_word' id='word_1_326' title='bbox 606 2771 658 2821; x_wconf 86' lang='lat' dir='ltr'>R,</span> <span class='ocrx_word' id='word_1_327' title='bbox 684 2783 791 2811; x_wconf 82' lang='lat' dir='ltr'>corr.</span> <span class='ocrx_word' id='word_1_328' title='bbox 820 2783 836 2809; x_wconf 92' lang='lat'>1</span> <span class='ocrx_word' id='word_1_329' title='bbox 1003 2782 1049 2818; x_wconf 89' lang='lat'>17</span> <span class='ocrx_word' id='word_1_330' title='bbox 1080 2773 1159 2809; x_wconf 84' lang='grc' dir='ltr'>τῶν</span> <span class='ocrx_word' id='word_1_331' title='bbox 1179 2767 1388 2819; x_wconf 71' lang='grc' dir='ltr'>ποταμῶνἹ</span> <span class='ocrx_word' id='word_1_332' title='bbox 1410 2769 1484 2808; x_wconf 76' lang='grc' dir='ltr'>τὸν</span> <span class='ocrx_word' id='word_1_333' title='bbox 1504 2769 1669 2819; x_wconf 80' lang='grc' dir='ltr'>οὐρανὸν</span> <span class='ocrx_word' id='word_1_334' title='bbox 1691 2766 1730 2805; x_wconf 86' lang='lat' dir='ltr'>R</span> <span class='ocrx_word' id='word_1_335' title='bbox 1843 2765 1912 2807; x_wconf 81' lang='grc' dir='ltr'>δὲν</span> 
     </span>
     <span class='ocr_line' id='line_1_35' title="bbox 243 2821 1905 2876; baseline -0.005 -9"><span class='ocrx_word' id='word_1_336' title='bbox 243 2828 279 2867; x_wconf 82' lang='grc' dir='ltr'>οἱ</span> <span class='ocrx_word' id='word_1_337' title='bbox 301 2826 366 2865; x_wconf 85' lang='lat' dir='ltr'>R:</span> <span class='ocrx_word' id='word_1_338' title='bbox 394 2825 439 2867; x_wconf 82' lang='grc' dir='ltr'>δὲ</span> <span class='ocrx_word' id='word_1_339' title='bbox 460 2828 494 2867; x_wconf 81' lang='grc' dir='ltr'>εἰ</span> <span class='ocrx_word' id='word_1_340' title='bbox 513 2826 595 2865; x_wconf 67' lang='lat' dir='ltr'>VC:</span> <span class='ocrx_word' id='word_1_341' title='bbox 625 2839 707 2866; x_wconf 86' lang='lat' dir='ltr'>om.</span> <span class='ocrx_word' id='word_1_342' title='bbox 733 2826 764 2865; x_wconf 93' lang='lat' dir='ltr'>S</span> <span class='ocrx_word' id='word_1_343' title='bbox 938 2827 985 2864; x_wconf 85' lang='lat'>18</span> <span class='ocrx_word' id='word_1_344' title='bbox 1024 2823 1191 2876; x_wconf 83' lang='grc' dir='ltr'>ὀμβρίου</span> <span class='ocrx_word' id='word_1_345' title='bbox 1221 2826 1295 2864; x_wconf 84' lang='grc' dir='ltr'>τοῦ</span> <span class='ocrx_word' id='word_1_346' title='bbox 1329 2821 1509 2862; x_wconf 89' lang='lat' dir='ltr'>PRSV</span> <span class='ocrx_word' id='word_1_347' title='bbox 1680 2834 1730 2872; x_wconf 91' lang='lat'>19</span> <span class='ocrx_word' id='word_1_348' title='bbox 1759 2839 1805 2862; x_wconf 84' lang='grc' dir='ltr'>τε</span> <span class='ocrx_word' id='word_1_349' title='bbox 1826 2835 1905 2860; x_wconf 87' lang='lat' dir='ltr'>om.</span> 
     </span>
     <span class='ocr_line' id='line_1_36' title="bbox 246 2876 1912 2928; baseline -0.001 -9"><span class='ocrx_word' id='word_1_350' title='bbox 246 2880 284 2919; x_wconf 92' lang='lat' dir='ltr'>R</span> <span class='ocrx_word' id='word_1_351' title='bbox 299 2881 330 2921; x_wconf 89' lang='lat' dir='ltr'>S</span> <span class='ocrx_word' id='word_1_352' title='bbox 342 2881 382 2920; x_wconf 93' lang='lat' dir='ltr'>V</span> <span class='ocrx_word' id='word_1_353' title='bbox 545 2893 598 2920; x_wconf 83' lang='lat'>22</span> <span class='ocrx_word' id='word_1_354' title='bbox 629 2880 671 2922; x_wconf 85' lang='grc' dir='ltr'>δὲ</span> <span class='ocrx_word' id='word_1_355' title='bbox 693 2894 775 2921; x_wconf 86' lang='lat' dir='ltr'>om.</span> <span class='ocrx_word' id='word_1_356' title='bbox 800 2880 839 2920; x_wconf 87' lang='lat' dir='ltr'><strong>A</strong></span> <span class='ocrx_word' id='word_1_357' title='bbox 854 2880 887 2919; x_wconf 81' lang='lat' dir='ltr'>B</span> <span class='ocrx_word' id='word_1_358' title='bbox 902 2881 935 2919; x_wconf 92' lang='lat' dir='ltr'>C</span> <span class='ocrx_word' id='word_1_359' title='bbox 1118 2891 1170 2928; x_wconf 87' lang='lat'>23</span> <span class='ocrx_word' id='word_1_360' title='bbox 1201 2876 1363 2919; x_wconf 80' lang='grc' dir='ltr'>εἰκότως</span> <span class='ocrx_word' id='word_1_361' title='bbox 1383 2876 1422 2916; x_wconf 90' lang='grc' dir='ltr'>Α</span> <span class='ocrx_word' id='word_1_362' title='bbox 1437 2877 1470 2916; x_wconf 92' lang='grc' dir='ltr'>Β</span> <span class='ocrx_word' id='word_1_363' title='bbox 1485 2878 1518 2916; x_wconf 91' lang='lat' dir='ltr'>C</span> <span class='ocrx_word' id='word_1_364' title='bbox 1533 2877 1563 2916; x_wconf 89' lang='lat' dir='ltr'>S</span> <span class='ocrx_word' id='word_1_365' title='bbox 1750 2890 1800 2925; x_wconf 79' lang='lat'>24</span> <span class='ocrx_word' id='word_1_366' title='bbox 1831 2881 1912 2917; x_wconf 82' lang='grc' dir='ltr'>τῶν</span> 
     </span>
     <span class='ocr_line' id='line_1_37' title="bbox 242 2931 1911 2985; baseline 0 -12"><span class='ocrx_word' id='word_1_367' title='bbox 242 2948 325 2975; x_wconf 86' lang='lat' dir='ltr'>om.</span> <span class='ocrx_word' id='word_1_368' title='bbox 366 2935 502 2976; x_wconf 88' lang='lat' dir='ltr'>RSV</span> <span class='ocrx_word' id='word_1_369' title='bbox 708 2938 761 2975; x_wconf 88' lang='lat'>26</span> <span class='ocrx_word' id='word_1_370' title='bbox 799 2935 948 2976; x_wconf 84' lang='grc' dir='ltr'>τούτου</span> <span class='ocrx_word' id='word_1_371' title='bbox 984 2934 1023 2973; x_wconf 89' lang='lat' dir='ltr'>R</span> <span class='ocrx_word' id='word_1_372' title='bbox 1038 2934 1119 2974; x_wconf 89' lang='lat' dir='ltr'>SV</span> <span class='ocrx_word' id='word_1_373' title='bbox 1263 2935 1284 2973; x_wconf 81' lang='grc' dir='ltr'><strong><em>ὁ</em></strong></span> <span class='ocrx_word' id='word_1_374' title='bbox 1317 2934 1456 2985; x_wconf 78' lang='grc' dir='ltr'>αὐτὸς]</span> <span class='ocrx_word' id='word_1_375' title='bbox 1492 2933 1614 2974; x_wconf 84' lang='grc' dir='ltr'>ωυτὸς</span> <span class='ocrx_word' id='word_1_376' title='bbox 1652 2931 1716 2971; x_wconf 91' lang='lat' dir='ltr'>R:</span> <span class='ocrx_word' id='word_1_377' title='bbox 1763 2933 1911 2973; x_wconf 82' lang='grc' dir='ltr'>ἑωυτὸς</span> 
     </span>
    </p>
   </div>
  </div>
 </body>
</html>
