2098 3320
32 102 159 149 11.11

102 1093 155 1127 12

0 1196 138 1265 »ὕψει

823 98 869 144 H
885 97 1249 145 POAOTOT

199 228 464 294 θαλάσσης
485 223 711 293 [κόλπον]
735 227 984 297 ἐσέχοντα
1009 228 1086 281 ἐπ’
1107 230 1384 294 Αἰθιοπίης,
1406 227 1503 281 τὸν
1518 232 1570 282 δὲ
1589 225 1865 298 [Ἀράβιον,

197 313 284 366 τὸν
303 313 510 382 ἔρχομαι
540 310 736 379 λέξων,]
757 315 810 364 ἐκ
829 317 917 378 τῆς
941 314 1107 378 νοτίης
1129 313 1349 381 φέροντα
1368 313 1449 365 ἐπὶ
1468 316 1661 381 Συρίης,
1684 315 1868 384 σχεδὸν

197 401 288 462 μὲν
329 396 600 463 ἀλλήλοισι
643 396 1080 464 συντετραίνοντας
1121 398 1234 452 τοὺς
1272 398 1474 466 μυχούς,
1517 400 1691 466 ὀλίγον
1728 399 1783 452 δέ
1819 422 1866 452 τι
1912 418 1913 422 ’

198 482 656 549 παραλλάσσοντας
693 485 780 547 τῆς
817 483 997 550 χώρης.
1088 484 1131 534 εἰ
1166 480 1234 534 ὧν
1271 481 1505 546 ἐθελήσει
1541 482 1778 550 ἐκτρέψαι
1810 484 1866 535 τὸ

196 567 399 633 ῥέεθρον
439 568 466 616 ὁ
508 570 694 619 Νεῖλος
736 568 785 620 ἐς
826 571 999 618 τοῦτον
1038 566 1126 618 τὸν
1164 565 1407 632 Ἀράβιον
1450 568 1653 626 κόλπον,
1697 570 1748 619 τί
1782 590 1867 634 μιν
1891 591 1913 631 5

200 651 377 702 κωλύει
406 650 606 717 ῥέοντος
637 650 812 702 τούτου
843 653 1106 719 χωσθῆναι
1138 652 1277 703 ἐντός
1307 672 1365 717 γε
1397 653 1665 718 δισμυρίων
1690 651 1863 712 ἐτέων;

198 737 295 802 ἐγὼ
318 738 409 801 μὲν
433 738 529 802 γὰρ
553 736 775 800 ἔλπομαί
793 757 851 801 γε
878 736 956 786 καὶ
979 737 1164 802 μυρίων
1186 734 1327 787 ἐντὸς
1350 738 1611 802 χωσθῆναι
1642 735 1717 801 ἄν.
1781 741 1868 788 κοῦ

197 842 254 886 γε
278 820 335 884 δὴ
358 822 410 871 ἐν
429 826 495 890 τῷ
521 818 997 889 προαναισιμωμένῳ
1023 820 1186 889 χρόνῳ
1214 820 1456 886 πρότερον
1475 815 1504 883 ἢ
1525 821 1610 885 ἐμὲ
1628 818 1865 887 γενέσθαι

195 904 280 955 οὐκ
321 904 381 955 ἂν
421 906 644 972 χωσθείη
689 905 873 956 κόλπος
916 905 995 955 καὶ
1037 909 1212 973 πολλῷ
1255 903 1414 969 μέζων
1451 904 1523 955 ἔτι
1559 904 1734 956 τούτου
1770 905 1884 957 ὑπὸ·

196 989 437 1040 τοσούτου
467 1011 521 1040 τε
550 993 774 1053 ποταμοῦ
808 990 887 1040 καὶ
921 988 1074 1042 οὕτως
1106 990 1386 1056 ἐργατικοῦ;
1441 1004 1473 1035 :ss
1666 1015 1668 1018 ·
1723 1009 1727 1014 ·
1763 994 1780 1043 ἒ
1893 1011 1942 1039 ιο

224 1136 225 1139 ¹
279 1075 355 1124 Τὰ
380 1074 490 1139 περὶ
514 1074 768 1140 Αἴγυπτον
793 1070 861 1124 ὧν
887 1074 964 1124 καὶ
988 1077 1119 1124 τοῖσι
1151 1072 1360 1140 λέγουσι
1384 1073 1508 1124 αὐτὰ
1532 1073 1762 1138 πείθομαι
1788 1074 1864 1125 καὶ

197 1157 340 1210 αὐτὸς
364 1160 490 1209 οὕτω
525 1156 678 1224 κάρτα
703 1155 855 1208 δοκέω
882 1156 1022 1215 εἶναι,
1052 1156 1167 1208 ἰδών
1191 1179 1245 1209 τε
1275 1156 1366 1221 τὴν
1390 1159 1644 1223 Αἴγυπτον
1668 1179 1862 1229 προκει-ζ

195 1241 348 1306 μένην
385 1245 471 1306 τῆς
499 1241 750 1309 ,ἐχομένης
787 1244 878 1307 γῆς
917 1241 1161 1310 κογχύλιά
1202 1263 1255 1293 τε
1294 1242 1571 1308 φαινόμενα
1611 1242 1691 1293 ἐπὶ
1732 1247 1865 1294 τοῖσι

0 1324 335 1392 &tm-&pem
384 1327 463 1377 καὶ
517 1325 1089 1391 ἅλμην-ἐπανθέουσαν,
1143 1325 1272 1377 ὥστε
1329 1326 1407 1377 καὶ
1454 1327 1542 1378 τὰς
1590 1327 1864 1392 πυραμίδας

0 1393 113 1421 κω

131 1516 154 1546 2

98 2111 154 2158 13

195 1410 481 1475 δηλέεσθαι,
509 1411 588 1462 καὶ
612 1410 822 1478 ψάμμον
851 1415 1033 1475 μοῦνον
1057 1410 1310 1476 Αἰγύπτου
1342 1412 1453 1477 ὅρος
1483 1415 1626 1461 τοῦτο
1655 1410 1711 1461 τὸ
1741 1411 1863 1477 ὑπὲρ
1894 1435 1947 1475 ¹5,

200 1494 433 1563 Μέμφιος
464 1495 599 1562 ἔχον,
627 1494 748 1562 πρὸς
780 1498 832 1546 δὲ
864 1496 922 1565 τῇ
954 1495 1091 1566 χώρῃ
1123 1495 1235 1546 οὔτε
1267 1495 1326 1565 τῇ
1352 1494 1567 1565 Ἀραβίῃ
1599 1495 1860 1564 προσούρῳ

194 1580 347 1651 ἐούσῃ
370 1579 460 1643 τὴν
488 1582 736 1647 Αἴγυπτον
759 1578 1093 1646 προσεικέλην
1116 1579 1225 1631 οὔτε
1248 1580 1306 1650 τῇ
1339 1579 1521 1650 Λιβύῃ,
1549 1577 1606 1628 οὐ
1635 1581 1726 1643 μὲν
1750 1578 1861 1630 οὐδὲ

194 1671 253 1736 τῇ
278 1666 425 1735 Συρίῃ
448 1662 554 1729 (τῆς
576 1666 673 1731 γὰρ
692 1663 936 1730 Ἀραβίης
958 1665 1019 1714 τὰ
1044 1665 1176 1730 παρὰ
1201 1662 1466 1714 θάλασσαν
1495 1662 1661 1728 Σύριοι
1684 1662 1857 1728 νέμον·
1928 1734 1933 1739 ·

193 1746 305 1812 ται),
333 1749 466 1800 ἀλλὰ
496 1747 803 1816 μελάγγαιόν
826 1770 879 1800 τε
910 1749 988 1800 καὶ
1021 1746 1483 1815 καταρρῃγνυμένην
1516 1747 1648 1799 ὥστε
1679 1749 1861 1799 ἐοῦσαν

195 1833 305 1884 ἰλύν
336 1855 388 1885 τε
420 1834 498 1884 καὶ
528 1834 777 1900 πρόχυσιν
802 1831 861 1897 ἐξ
882 1833 1143 1897 Αἰθιοπίης
1176 1830 1619 1899 κατενηνειγμένην
1650 1830 1746 1883 ὑπὸ
1776 1836 1862 1883 τοῦ
1886 1854 1937 1882 20

195 1922 430 1983 ποταμοῦ.
519 1917 608 1981 τὴν
653 1920 704 1969 δὲ
750 1916 948 1982 Λιβύην
992 1918 1132 1982 ἴδμεν
1177 1915 1499 1983 ἐρυθροτέρην
1543 1938 1596 1968 τε
1640 1918 1735 1983 γῆν
1782 1916 1860 1967 καὶ

193 2001 634 2069 ὑποψαμμοτέρην,
668 2001 757 2065 τὴν
795 2004 847 2052 δὲ
880 2000 1125 2066 Ἀραβίην
1162 2023 1216 2052 τε
1254 2001 1332 2052 καὶ
1370 2002 1549 2068 Συρίην
1588 2001 1854 2074 ἀργιλωδὲ-
1874 2010 2056 2085 ‹lov-9

194 2085 376 2153 στέρην
406 2108 460 2138 τε
499 2086 576 2154 καὶ
611 2087 889 2152 ὑπόπετρον
929 2087 1123 2137 ἐοῦσαν.
1215 2085 1393 2152 ἔλεγον
1429 2087 1482 2137 δὲ
1521 2085 1598 2136 καὶ
1628 2085 1741 2136 τόδε
1776 2105 1858 2149 μοι

192 2169 322 2237 μέγα
363 2168 624 2238 τεκμήριον
669 2171 780 2237 περὶ
824 2172 912 2234 τῆς
955 2169 1120 2238 χώρης
1164 2170 1342 2234 ταύτης
1386 2171 1432 2221 οἱ
1479 2167 1621 2234 ἱρέες,
1667 2168 1733 2222 ὡς
1777 2169 1858 2221 ἐπὶ
1925 2205 1929 2213 1

196 2256 405 2321 Μοίριος
440 2253 702 2320 βασιλέος,
738 2256 863 2307 ὅκως
900 2254 1039 2306 ἔλθοι
1076 2255 1102 2303 ὁ
1140 2257 1358 2318 ποταμὸς
1395 2253 1476 2305 ἐπὶ
1511 2253 1637 2304 ὀκτὼ
1667 2250 1858 2320 πήχεας
1883 2273 1930 2314 25

249 2407 266 2432 1
300 2393 455 2435 κόλπον
475 2407 556 2434 om.
583 2393 622 2430 R
638 2393 717 2432 SV
829 2391 1029 2444 ἐσέχοντα
1051 2391 1218 2440 Remig.
1240 2406 1249 2431 ε
1279 2389 1479 2443 ἐσχέοντα
1499 2390 1585 2429 ΑΒ
1602 2391 1635 2429 C
1659 2390 1853 2443 (εἶσ-ΪΡτ

195 2449 346 2501 ἔχοντα
377 2448 512 2488 RSV
717 2447 903 2501 Ἀράβιον
926 2476 935 2486 .
962 2475 971 2485 .
999 2445 1126 2498 λέξων
1154 2445 1324 2485 seclusa
1354 2445 1435 2484 del.
1468 2446 1856 2495 Schweighaeuser

194 2517 219 2554 3
242 2503 316 2555 μὲν
335 2517 416 2542 om.
441 2503 480 2541 R
495 2503 576 2542 SV
677 2502 908 2556 συμπεραίν.
929 2500 969 2539 R
984 2501 1013 2540 S
1026 2501 1064 2539 V
1185 2513 1210 2549 4
1240 2500 1312 2552 ὧν]
1338 2500 1392 2540 ὧν
1408 2502 1455 2549 δὴ
1475 2500 1514 2538 R
1529 2500 1558 2539 S
1571 2500 1610 2538 V
1732 2501 1759 2538 6
1790 2503 1853 2542 ἐκ·

194 2561 401 2611 χωσθῆναι
423 2559 462 2597 Α
478 2558 512 2596 Β
529 2558 562 2596 C
578 2558 611 2596 P
752 2570 772 2606 7
803 2556 877 2608 μὲν
898 2569 979 2595 om.
1007 2555 1046 2593 R
1062 2555 1142 2594 SV
1251 2572 1302 2607 ’γε
1332 2555 1415 2606 καὶ]
1437 2572 1484 2596 τε
1507 2554 1544 2592 R
1561 2554 1640 2594 SV
1775 2556 1801 2593 8
1829 2557 1856 2603 ἤ

192 2631 243 2664 με
266 2613 357 2652 RV
374 2628 383 2653 :
413 2614 519 2665 οἶμαι
542 2613 571 2652 S
721 2625 748 2661 9
777 2614 848 2652 οὐκ
868 2611 1121 2663 ἆναχωσθείη
1141 2609 1180 2648 Α
1196 2610 1229 2647 Β
1244 2610 1276 2648 C
1292 2609 1326 2648 P
1431 2609 1550 2660 μέζον
1572 2609 1606 2647 Β
1621 2609 1654 2647 C
1673 2624 1682 2648 z
1711 2609 1854 2660 μείζων

195 2668 235 2706 R
250 2667 331 2707 SV
556 2680 603 2706 12
633 2668 751 2708 αὐτὸς
781 2665 896 2717 οὗτος
926 2667 1029 2706 οὕτω
1056 2665 1136 2704 SV
1297 2664 1526 2705 καταδοκέω
1557 2663 1595 2702 R
1611 2664 1691 2703 SV
1715 2664 1851 2716 (-δικ-)

198 2735 245 2772 14
277 2726 417 2773 ε’μπαθ.
444 2723 477 2761 C
605 2728 607 2730 ’
654 2733 701 2771 15
732 2721 892 2772 βάμμον
915 2720 994 2759 SV
1117 2719 1239 2771 μόνον
1259 2718 1298 2757 R
1313 2720 1342 2758 S
1356 2719 1393 2757 V
1594 2721 1642 2757 16
1670 2721 1722 2773 τῇ
1741 2721 1852 2772 χώρῃ

194 2777 275 2818 del.
302 2778 424 2817 Stein
563 2790 607 2826 17
637 2778 717 2828 μὴν
735 2775 775 2814 Α
790 2776 823 2814 B
839 2775 871 2814 C
888 2775 921 2813 P
1035 2788 1083 2824 19
1110 2773 1344 2826 μελάγγεόν
1370 2773 1408 2811 R
1424 2773 1453 2812 S
1466 2774 1504 2812 V
1632 2790 1849 2826 καταρηγν.

195 2833 233 2871 Α
251 2833 285 2870 Β
305 2833 365 2871 C:
404 2849 640 2885 κατερρηγν.
676 2831 789 2871 rell.:
829 2828 1156 2883 κατερρηγμένην
1190 2828 1362 2867 Bekker
1552 2829 1677 2869 οὖσαν
1712 2828 1750 2865 R
1768 2828 1797 2867 S
1813 2827 1853 2866 V

195 2900 248 2926 20
284 2887 459 2939 πρόχυσι
498 2887 537 2925 R
714 2901 978 2936 κατενηνεγμ.
1010 2883 1050 2921 Α
1065 2884 1099 2922 Β
1118 2897 1127 2922 :
1165 2899 1429 2934 κατενενηγμ.
1465 2883 1498 2921 C
1515 2898 1523 2923 :
1570 2899 1847 2934 κατανενειγμ.

196 2942 572 3035 ἓέἓῦκατενεν.)
710 2953 758 2979 21
790 2943 906 2990 ἴσμεν
929 2940 966 2976 Α
982 2938 1016 2976 Β
1029 2939 1061 2977 C
1194 2951 1243 2987 24
1272 2940 1340 2990 ἱερ.
1366 2936 1399 2974 C
1415 2937 1443 2975 S
1462 2937 1495 2975 V
1623 2950 1675 2988 25
1706 2936 1850 2990 Μύριος
