2098 3320
72 88 135 136 ΙΙ.
164 90 262 148 169

169 232 261 281 170

235 489 258 519 U

185 816 263 867 171

171 1830 258 1881 172

229 2256 254 2298 3

924 87 1349 137 ΗΡΟΔΟΤΟΥ

303 216 497 280 ἕστηκε,
533 219 585 267 ἐν
615 219 667 268 δὲ
699 221 832 268 τοῖσι
863 217 1118 283 θυρώμασι
1147 218 1176 282 ἡ
1210 215 1331 281 θήκη
1363 218 1490 268 ἐστί.
1580 217 1764 283 εἰσὶ,δὲ
1802 216 1882 268 καὶ
1910 219 1962 270 αἱ

300 300 456 366 ταφαὶ
486 304 572 351 τοῦ
603 300 690 351 οὐκ
718 301 863 352 ὅσιον
894 305 1124 365 ποιεῦμαι
1154 301 1236 352 ἐπὶ
1266 301 1473 370 τοιούτῳ
1504 298 1754 367 πρήγματι
1783 299 1958 367 ἐξαγο-

299 383 460 448 ρεύειν
499 384 713 449 τοῦνομα
758 387 811 436 ἐν
855 383 963 442 Σάϊ,
1008 386 1062 436 ἐν
1107 386 1173 454 τῷ
1212 385 1296 455 ἱρῷ
1333 388 1421 449 τῆς
1456 384 1736 449 Ἀθηναίης,
1780 385 1962 437 ὄπισθε

300 472 387 518 τοῦ
417 473 553 531 νηοῦ,
587 472 772 521 παντὸς
803 473 889 519 τοῦ
918 471 1004 532 τῆς
1036 467 1304 533 Ἀθηναίης
1339 469 1578 536 ἐχόμεναι
1605 468 1792 536 τοίχου.
1882 469 1962 520 καὶ

301 553 355 603 ἐν
385 553 451 621 τῷ
478 551 667 617 τεμένεϊ
696 553 873 617 ὀβελοὶ
905 555 1087 604 ἑστᾶσι
1115 551 1328 620 μεγάλοι
1356 553 1554 613 λίθινοι,
1585 553 1736 617 λίμνη
1766 550 1822 604 τέ
1851 554 1962 605 ἐστὶ
1984 575 2008 617 5

301 634 513 703 ἐχομένη
571 637 738 708 λιθίνῃ
790 641 984 703 κρηπῖδι
1045 635 1389 702 κεκοσμημένη
1443 637 1521 689 καὶ
1573 635 1858 703 ἐργασμένη
1907 637 1960 688 εὗ

300 720 460 789 κύκλῳ
494 720 574 771 καὶ
616 720 848 788 μέγαθος,
893 721 957 774 ὡς
997 721 1106 786 ἐμοὶ
1147 721 1328 780 ἐδόκεε,
1372 722 1468 786 ὅση
1509 742 1601 787 περ
1637 742 1666 785 η
1707 721 1761 772 ἐν
1803 718 1956 791 Δήλῳ

298 803 327 867 ἡ
358 772 643 871 τροχοειδὴς
676 804 964 870 καλεομένη.
1054 807 1107 857 ἐν
1138 807 1192 857 δὲ
1220 806 1277 877 τῇ
1305 806 1457 877 λίμνῃ
1486 805 1638 875 ταύτῃ
1667 806 1729 855 τὰ
1759 804 1961 869 δείκηλα

298 892 397 939 τῶν
439 887 637 939 παθέων
679 889 826 941 αὐτοῦ
865 887 1037 942 νυκτὸς
1077 894 1292 951 ποιεῦσι,
1334 891 1396 939 τὰ
1437 888 1675 940 καλέουσι
1714 886 1961 955 μυστήρια

299 972 579 1038 Αἰγύπτιοι.
668 973 777 1038 περὶ
812 972 903 1038 μέν
939 994 1023 1025 νυν
1059 973 1247 1025 τούτων
1284 973 1435 1025 εἰδότι
1463 994 1547 1038 μοι
1584 972 1666 1024 ἐπὶ
1703 971 1859 1024 πλέον
1895 972 1960 1025 ὣς
1987 994 2036 1023 ιο

298 1055 487 1107 ἕκαστα
527 1056 688 1108 αὐτῶν
728 1056 850 1124 ἔχει,
895 1057 1114 1122 εὔστομα
1156 1059 1354 1109 κείσθω.
1445 1057 1523 1109 καὶ
1567 1060 1654 1121 τῆς
1699 1054 1960 1124 Δήμητρος

297 1143 501 1205 τελετῆς
543 1140 669 1208 πέρι,
711 1140 802 1205 τὴν
847 1144 893 1193 οἱ
925 1132 1179 1206 “Ελληνες
1224 1143 1536 1209 θεσμοφόρια
1581 1139 1834 1200 καλέουσι,
1879 1139 1959 1192 καὶ

295 1225 475 1290 ταύτης
519 1247 602 1290 μοι
647 1225 760 1292 πέρι
804 1226 1023 1291 εὔστομα
1069 1218 1265 1286 κείσθω,
1303 1225 1437 1290 πλὴν
1481 1226 1606 1277 ὅσον
1649 1224 1797 1289 αὐτῆς
1841 1225 1958 1290 ὁσίη

297 1309 409 1360 ἐστὶ
447 1308 636 1376 λέγειν.
726 1312 774 1361 αἱ
819 1314 1019 1362 Δαναοῦ
1058 1309 1321 1378 θυγατέρες
1363 1309 1494 1374 ἦσαν
1532 1312 1582 1361 αἱ
1622 1307 1712 1378 τὴν
1750 1308 1958 1373 τελετὴν

296 1392 481 1458 ταύτην
513 1392 570 1458 ἐξ
590 1393 842 1460 Αἰγύπτου
866 1392 1200 1461 ἐξαγαγοῦσαι
1231 1394 1309 1445 καὶ
1339 1393 1602 1458 διδάξασαι
1631 1395 1718 1446 τὰς
1748 1397 1954 1456 Πελασῑ
1985 1414 2031 1456 15

297 1477 526 1542 γιώτιδας
557 1483 807 1543 γυναῖκας·
853 1480 977 1543 μετὰ
1011 1481 1065 1529 δὲ
1102 1477 1450 1542 ἐξαναστάσης
1486 1476 1652 1542 πάσης
1690 1481 1952 1529 Πελοπον-

296 1559 452 1625 νήσου
474 1561 570 1613 ὑπὸ
597 1561 830 1629 Δωριέων
855 1560 1140 1626 ἐξαπώλετο
1164 1562 1193 1627 ἡ
1218 1560 1409 1626 τελετή,
1431 1564 1476 1614 οἱ
1496 1564 1550 1613 δὲ
1568 1551 1956 1628 ὑπολειφθέντες

295 1648 725 1710 Πελοποννησίων
773 1646 850 1697 καὶ
902 1647 988 1697 οὐκ
1041 1644 1402 1710 ἐξαναστάντες
1446 1645 1683 1712 Ἀρκάδες
1728 1643 1956 1715 διέσῳζον

293 1728 446 1792 αὐτὴν
475 1734 664 1795 μοῦνοι.

377 1812 588 1880 Ἀπρίεω
633 1817 686 1866 δὲ
731 1811 862 1880 [ὧδε]
906 1813 1324 1882 καταραιρημένου
1368 1815 1676 1880 ἐβασίλευσε
1714 1811 1951 1877 ''Anao-ts,
1980 1833 2032 1862 20

293 1902 446 1962 νομοῦ
474 1900 565 1963 μὲν
597 1898 784 1951 Σαΐτεω
817 1899 930 1958 ἐών,
957 1901 1011 1951 ἐκ
1041 1902 1129 1964 τῆς
1158 1902 1210 1952 δὲ
1242 1898 1302 1963 ἦν
1332 1899 1524 1958 πόλιος,
1551 1896 1736 1963 οὔνομά
1765 1897 1817 1948 οἵ
1842 1897 1955 1947 ἐστι

294 1982 471 2049 Σιούφ.
544 1984 605 2034 τὰ
633 1985 726 2048 μὲν
757 1982 813 2046 δὴ
840 1988 1009 2049 πρῶτα
1033 1984 1311 2035 κατώνοντο
1335 1982 1421 2034 τὸν
1444 1981 1668 2047 ’Άμασιν
1692 1980 1954 2047 Αἰγύπτιοι

295 2066 373 2117 καὶ
404 2068 459 2117 ἐν
490 2066 690 2139 οὐδεμιῇ
719 2067 865 2138 μοίρῃ
894 2067 1092 2139 μεγάλῃ
1122 2066 1262 2134 ἦγον,
1296 2066 1383 2118 ἅτε
1414 2066 1472 2130 δὴ
1505 2066 1719 2131 δημότην
1750 2064 1806 2116 τὸ
1836 2063 1952 2130 πρὶν

1935 2148 1948 2166 ξ

293 2150 440 2201 ἐόντα
479 2151 559 2202 καὶ
597 2153 752 2215 οἰκίης
793 2151 880 2202 οὐκ
918 2150 1203 2219 ἐπιφανέος·
1249 2153 1375 2216 μετὰ
1415 2153 1468 2203 δὲ
1511 2151 1669 2221 σοφίῃ
1708 2147 1882 2201 αὐτοὺς
1924 2169 1951 2198 ο

283 2232 518 2297 ”Αμασις,
566 2235 651 2286 οὐκ
696 2235 1024 2307 ἀγνωμοσύνῃ
1069 2234 1434 2302 προσηγάγετο.
1527 2233 1588 2298 ἦν
1631 2235 1677 2285 οἱ
1721 2233 1855 2284 ἄλλα
1896 2252 1950 2284 τε
1976 2255 2023 2297 25

290 2318 454 2384 ἀγαθὰ
492 2320 654 2385 μυρία,
689 2321 743 2371 ἐν
782 2321 836 2370 δὲ
875 2320 953 2371 καὶ
994 2318 1300 2386 ποδανιπτὴρ
1341 2319 1569 2387 χρύσεος,
1603 2319 1656 2369 ἐν
1696 2322 1762 2386 τῷ
1804 2315 1950 2368 αὐτός

290 2423 343 2453 τε
375 2403 401 2451 ὁ
422 2401 643 2467 ’Άμασις
675 2404 753 2455 καὶ
784 2406 831 2455 οἱ
872 2403 1159 2468 δαιτυμόνες
1196 2405 1242 2455 οἱ
1277 2401 1459 2456 πάντες
1498 2401 1612 2456 τοὺς
1645 2401 1799 2454 πόδας
1835 2398 1945 2451 ἐκά-

343 2553 368 2579 2
398 2540 605 2582 οὐκούσιον
628 2542 667 2580 R
797 2554 822 2591 3
852 2543 901 2583 τὸ
922 2541 1046 2592 ὄνομα
1066 2541 1278 2591 Athenag.
1305 2541 1386 2590 leg.
1411 2542 1464 2579 28
1487 2541 1589 2588 (non
1613 2539 1666 2590 L)
1798 2551 1824 2588 4
1855 2537 1947 2590 ἐχό-

286 2612 402 2647 μεναι
425 2596 482 2635 S:
513 2595 710 2647 ἐχόμενον
730 2597 821 2636 rell.
847 2597 946 2636 Ath.
1137 2608 1161 2646 5
1192 2597 1402 2643 ὀβελοῖσιν
1423 2594 1514 2633 RV
1688 2595 1716 2631 6
1744 2594 1810 2634 καὶ
1832 2594 1946 2646 ἕρμα·

287 2649 416 2700 σμένη
444 2650 561 2690 RV:
596 2651 660 2692 καὶ
690 2650 919 2703 ἆρμοσμένη
951 2651 1007 2690 S:
1045 2664 1126 2690 om.
1161 2651 1263 2690 Ath.
1370 2653 1412 2691 ἐν
1441 2649 1540 2688 Ath.
1711 2660 1733 2697 7
1764 2648 1829 2688 καὶ
1857 2660 1942 2686 om.

286 2704 387 2745 Ath.
503 2706 624 2754 ἡοηι.
637 2705 739 2746 Ath.
850 2707 877 2744 8
900 2706 925 2755 ἡ
940 2719 1021 2744 om,
1039 2706 1077 2744 R
1095 2705 1124 2745 S
1137 2705 1175 2743 V
1287 2716 1335 2743 10
1356 2721 1425 2745 νυν
1437 2716 1517 2743 om.
1536 2704 1576 2742 R
1593 2704 1622 2742 S
1635 2703 1674 2740 V
1787 2714 1836 2740 12
1857 2701 1943 2752 καὶ]

245 2776 248 2778 ’
287 2760 312 2800 ἃ
331 2761 396 2802 καὶ
419 2759 508 2799 RV
690 2773 738 2810 13
768 2760 918 2808 ταύτης
941 2760 1062 2801 εἰδότι
1082 2777 1148 2811 μοι
1170 2759 1201 2798 S
1388 2770 1436 2807 15
1467 2765 1619 2806 Πελωγ.
1647 2755 1726 2797 R¹:
1755 2757 1945 2827 γιῶτιδας

287 2815 371 2853 SV
539 2815 588 2854 16
615 2814 747 2864 πάσης
774 2815 856 2855 del.
882 2815 1004 2854 Stein
1173 2827 1219 2863 17
1252 2812 1551 2865 ὑποληφθέντες
1579 2812 1619 2851 R
1785 2824 1839 2850 20
1867 2808 1944 2850 ωδε

284 2881 368 2908 om.
392 2870 429 2908 R
445 2869 525 2909 SV
690 2882 740 2908 21
773 2870 896 2910 σίτεω
920 2870 957 2908 R
1125 2882 1176 2907 22
1206 2868 1427 2909 κατόνοντο
1455 2867 1494 2906 R
1510 2866 1591 2907 SV
1752 2877 1805 2915 25
1835 2865 1944 2906 ἄλλα

283 2924 332 2964 τέ
352 2926 389 2964 οἱ
410 2923 450 2962 R
466 2924 546 2964 SV
570 2925 634 2976 (τε
653 2937 735 2964 om.
757 2923 810 2973 E)
979 2935 1028 2972 27
1061 2922 1132 2963 alt.
1159 2924 1194 2963 οἵ
1214 2935 1294 2962 om.
1322 2921 1356 2960 E
