1968 3236
738 92 1252 145 PRAEFATIO

227 236 295 290 V.
333 235 778 290 Vindobonensis
807 237 1090 290 LXXXV
1116 233 1331 303 (Graec,
1359 235 1487 288 hist.
1516 232 1726 302 profan.
1760 230 1826 298 1),

155 341 294 376 saec.
341 321 508 387 xivmi,
555 323 894 388 chartaceus,
940 322 1195 377 foliorum
1240 333 1364 389 475.
1458 321 1665 373 Totum
1713 320 1828 386 ipse

155 409 378 464 contuli.

232 497 302 550 U.
345 497 586 551 Urbinas
617 496 698 563 88,
720 499 791 551 de
818 516 928 566 quo
958 515 1098 566 quae
1125 515 1289 566 supra
1316 497 1436 549 dixi
1464 495 1825 548 conferantur.

232 584 447 636 Horum
489 585 739 639 codicum
780 585 836 636 A
877 594 931 638 et
972 585 1033 647 B,
1076 591 1134 637 ut
1173 582 1527 638 vetustissimi
1574 589 1716 643 sunt,
1758 581 1832 633 ita

158 673 480 724 memoriam
499 674 792 725 verborum
811 673 1161 725 sinceriorem
1180 689 1348 739 quarn
1367 669 1533 724 ceteri
1549 668 1831 733 exhibent,

158 767 218 811 ut
263 760 331 811 ad
377 748 755 828 archetypum,
803 761 947 812 unde
999 778 1189 812 omnes
1242 759 1465 810 fluxisse
1517 755 1832 810 communio

158 846 417 899 vitiorum
466 849 724 911 ostendit,
770 845 1024 917 proxime
1075 847 1368 910 accedant;
1433 844 1595 898 valde
1647 853 1831 897 autem

160 935 301 986 inter
341 953 397 986 se
435 935 641 987 similes
679 945 820 997 sunt,
855 937 931 987 ita
970 944 1155 988 tamen
1195 942 1256 986 ut
1294 934 1474 986 codex
1512 932 1565 984 A
1602 932 1831 1000 gradum

159 1022 323 1094 paulo
350 1023 914 1091 superioremteneat.
996 1023 1152 1076 Haec
1187 1021 1450 1074 librorum
1488 1020 1664 1089 stirpS,
1693 1035 1833 1087 quae

161 1111 230 1163 ab
277 1109 335 1161 A
381 1110 568 1163 codice
618 1127 820 1164 nomen
868 1110 1220 1163 Florentinae
1271 1109 1464 1174 traxit,
1508 1126 1637 1161 sane
1687 1105 1833 1158 haud

162 1196 350 1265 paucis
377 1197 523 1249 vitiis
555 1198 879 1266 mendisque
918 1198 1147 1259 laborat,
1176 1198 1273 1249 sed
1309 1196 1375 1248 iis
1412 1195 1661 1248 maxime
1695 1210 1835 1262 quae

163 1284 340 1338 malae
367 1286 675 1338 condicioni
702 1286 818 1339 eius
843 1286 1046 1339 codicis
1078 1285 1222 1337 unde
1255 1285 1521 1353 originem
1557 1284 1836 1335 duxerunt

161 1372 463 1424 incuriaeve
501 1373 856 1426 librariorum
910 1371 1232 1441 imputanda
1284 1372 1391 1423 sint
1415 1389 1427 1436 ;
1489 1369 1658 1422 rarius
1708 1385 1837 1420 vera

162 1459 429 1526 scriptura
468 1459 888 1530 interpolatione
927 1467 1181 1528 corrupta
1220 1467 1318 1523 est,
1353 1458 1501 1511 velut
1537 1457 1591 1511 V
1627 1471 1712 1526 91,
1743 1454 1837 1508 ubi

163 1563 286 1597 cum
314 1546 663 1614 palticipium
692 1566 744 1616 q.
768 1566 811 1599 e.
844 1548 1105 1613 ἇκεόμευοι
1134 1546 1189 1598 in
1217 1546 1513 1612 ἀπικόμενοι
1539 1543 1839 1608 transisset,

165 1631 491 1684 infinitivum
528 1652 580 1701 q.
609 1652 652 1685 e.
684 1635 928 1687 τίσασθαι
963 1634 1214 1686 additum
1254 1651 1372 1686 esse
1411 1639 1656 1701 apparet.
1733 1630 1835 1708 Al-

163 1720 329 1772 terius
363 1720 614 1774 codicum
652 1722 834 1791 stirpis
869 1721 945 1791 (R
968 1721 1007 1774 S
1028 1722 1119 1790 V),
1147 1738 1289 1790 quae
1313 1719 1481 1790 vulgo
1517 1720 1590 1773 ab
1623 1718 1839 1788 optimo
1905 1790 1908 1792 .

167 1807 420 1859 Romana
471 1809 794 1878 appellatur,
845 1810 986 1862 ratio
1037 1827 1166 1863 sane
1212 1807 1509 1877 multiplex
1554 1806 1839 1875 multoque

165 1893 414 1947 incertior
450 1904 547 1949 est.
629 1897 776 1949 Nam
816 1905 872 1949 et
913 1915 985 1948 ex
1023 1896 1340 1949 condicione
1378 1895 1500 1947 libri
1536 1894 1711 1963 primi,
1745 1893 1839 1963 qui

167 1981 352 2034 multis
388 1982 519 2036 locis
555 1986 627 2037 ad
666 2002 823 2037 usum
866 2002 1158 2053 puerorum
1199 1971 1515 2037 decurtatus
1551 1991 1649 2044 est,
1684 1981 1838 2035 facile

167 2068 500 2138 intellegitur
527 2071 724 2124 librum
759 2072 830 2124 ad
869 2090 1031 2140 quem
1069 2071 1125 2123 hi
1161 2072 1378 2125 codices
1412 2070 1676 2124 referendi
1712 2078 1838 2122 sunt

166 2157 534 2210 recensionem
570 2160 796 2225 subisse,
827 2179 936 2228 qua
971 2158 1119 2211 haud
1160 2177 1336 2226 pauca
1374 2156 1604 2210 mutata*
1623 2157 1749 2222 sint,
1785 2164 1840 2209 et

165 2244 267 2311 ipsi
294 2244 427 2297 satis
455 2255 698 2299 recentes
735 2255 879 2307 sunt,
908 2255 969 2299 ut
997 2247 1233 2315 plurima
1259 2246 1393 2298 vitia
1420 2244 1700 2315 irrepsisse
1726 2245 1841 2298 veri

166 2331 340 2384 simile
366 2333 464 2397 sit;
501 2335 596 2386 sed
619 2334 791 2388 nihilo
821 2335 1002 2387 minus
1022 2334 1157 2387 haec
1178 2334 1429 2386 codicum
1451 2333 1615 2402 stirps
1637 2332 1839 2384 multas

167 2419 460 2487 scripturas
480 2421 627 2474 haud
652 2423 819 2475 dubie
835 2412 991 2474 veras
1013 2421 1256 2483 exhibet,
1277 2428 1336 2473 ut
1360 2420 1589 2472 alteram
1612 2419 1838 2488 stirpem

166 2507 414 2560 bonitate
442 2507 549 2560 fere
576 2517 790 2577 aequet,
821 2527 1019 2578 easque
1048 2509 1124 2561 ita
1152 2508 1368 2569 multas,
1390 2516 1449 2560 ut
1477 2507 1696 2575 ingenio
1724 2507 1839 2559 dia-

167 2603 448 2653 sceuastae
475 2597 825 2648 emendantis
845 2596 947 2648 soli
974 2595 1232 2665 imputari
1262 2601 1550 2662 nequeant.
1603 2592 1842 2646 Accedit

167 2682 314 2748 quod
343 2682 642 2750 scripturae
669 2683 851 2752 stirpis
870 2684 1159 2735 Romanae
1191 2682 1339 2733 haud
1368 2689 1490 2733 ra'ro
1511 2680 1839 2732 testimoniis

167 2770 655 2836 grammaticorum
685 2770 987 2823 aliorumve
1013 2770 1339 2837 scriptorum
1361 2768 1564 2820 diserte
1590 2784 1842 2836 compro-

167 2855 383 2922 bantur,
425 2873 590 2923 quem
634 2874 958 2909 consensum
1002 2855 1149 2909 casui
1191 2872 1343 2907 mero
1382 2854 1698 2906 adtribuere
1736 2871 1841 2905 non

170 2942 312 2995 licet.
417 2943 576 3011 Quae
633 2961 757 2997 cum
809 2945 884 2997 ita
935 2944 1058 3010 sint,
1114 2944 1167 2995 in
1226 2942 1542 2995 recensione
1594 2942 1844 2994 facienda

968 3048 1033 3080 vll
