2098 3320
768 84 1152 134 ΙΣΤΟΡΙΩΝ
1212 87 1253 135 Γ

186 214 425 269 ἐκέλευσέ
439 236 524 282 μιν
543 216 570 267 ὃ
590 216 873 283 Καμβύσης
894 220 1215 277 κατακαῦσαι,
1239 218 1599 283 ἐντελλόμενος
1616 216 1702 269 οὐκ
1720 219 1854 270 ὅσια.

187 299 384 367 Πέρσαι
408 302 504 367 γὰρ
526 299 640 353 θεὸν
663 302 923 367 νομίζουσι
953 301 1081 354 εἶναι
1110 300 1167 353 τὸ
1198 306 1309 369 πῦρ.
1385 304 1443 353 τὸ
1472 298 1542 354 ὧν
1571 303 1855 355 κατακαίειν

183 407 244 452 γε
266 383 379 439 τοὺς
410 384 611 452 νεκροὺς
640 384 864 451 οὐδαμῶς
892 388 946 438 ἐν
971 386 1105 456 νόμῳ
1136 384 1444 453 οὐδετέροισί
1469 387 1594 447 ἐστι,
1622 385 1857 460 Πέρσῃσι

184 472 276 536 μὲν
297 469 366 521 ,δι’
398 471 427 520 ὅ
457 490 550 536 περ
581 471 785 537 εἴρηται,
819 473 914 541 θεῷ
946 471 1003 522 οὐ
1033 470 1223 522 δίκαιον
1255 469 1382 522 εἶναι
1414 469 1653 539 λέγοντες
1689 469 1857 538 νέμειν

138 576 161 619 5
185 552 358 621 νεκρὸν
380 553 657 621 ἀνθρώπου·
703 556 1027 622 Αἰγυπτίοισι
1050 556 1104 607 δὲ
1126 555 1418 619 νενόμισται
1442 552 1541 622 (τὸ)
1567 561 1661 624 πῦρ
1685 557 1858 623 θηρίον

185 638 326 698 εἶναι>
347 637 594 707 ἔμψυχον,
627 637 790 691 πάντα
826 642 879 692 δὲ
917 641 1036 692 αὐτὸ
1075 640 1354 692 κατεσθίειν
1382 638 1444 691 τά
1482 661 1572 708 περ
1603 640 1664 692 ἂν
1692 639 1852 713 λάβῃ,

185 725 414 788 πλησθὲν
444 725 496 775 δὲ
529 719 684 790 [αὐτὸ]
713 727 801 788 τῆς
831 727 991 792 βορῆς
1030 721 1462 796 συναποθνῄσκειν
1492 729 1559 792 τῷ
1594 728 1852 777 κατεσθιο-

184 806 330 878 μένῳ.
419 806 505 859 οὐκ
535 805 603 860 ὧν
634 809 852 875 θηρίοισι
888 809 1040 875 νόμος
1071 808 1294 873 οὐδαμῶς
1325 809 1428 877 σφί
1454 810 1565 861 ἐστι
1594 809 1681 861 τὸν
1711 808 1855 862 νέκυν

184 893 386 990 ,διδόναν
435 891 514 944 καὶ
558 894 637 944 διὰ
681 898 837 945 ταῦτα
876 893 1213 962 ταριχεύουσι,
1256 893 1339 945 ἵνα
1380 892 1447 958 μὴ
1494 893 1715 959 κείμενος
1759 895 1854 946 ὑπὸ

134 1003 161 1031 0
184 975 369 1049 εὐλέων
404 981 722 1050 καταβρωθῇ.
811 977 940 1030 οὕτω
976 978 1034 1043 δὴ
1073 976 1380 1055 οὐδετέροισι
1414 978 1711 1043 νομιζόμενα
1747 980 1851 1030 ἐνε-

183 1060 394 1114 τέλλετο
415 1061 603 1115 ποιέειν
628 1063 654 1113 ὁ
679 1061 979 1128 Καμβύσης.
1048 1061 1113 1116 ὡς
1142 1060 1313 1128 μέντοι
1336 1062 1601 1129 Αἰγύπτιοι
1622 1061 1848 1129 λέγουσι,

183 1145 270 1199 οὐκ
282 1144 501 1211 ’Ἄμασις
519 1145 582 1210 ἤν
600 1147 628 1197 ὁ
647 1151 799 1199 ταῦτα
818 1147 1006 1206 παθών,
1031 1147 1166 1198 ἀλλὰ
1183 1145 1341 1199 ἄλλος
1360 1167 1434 1200 τις
1453 1151 1554 1198 τῶν
1571 1148 1853 1213 Αἰγυπτίων

1895 92 1978 142 111
2014 94 2073 142 16

1889 325 1914 368 3

1888 833 1914 874 4

1891 1083 1913 1129 5

0 1231 147 1297 ὡς,
183 1230 316 1300 ἔχων
354 1229 445 1295 τὴν
484 1229 638 1295 αὐτὴν
676 1231 876 1300 ἡλὲίην
912 1230 1117 1297 Ἀμάσι,
1157 1235 1225 1301 τῷ
1264 1231 1618 1297 λυμαινόμενοι
1655 1230 1852 1298 Πέρσαι
1905 1263 1910 1267 -

185 1315 383 1368 ἐδόκεον
419 1314 608 1382 Ἀμάσι
651 1317 1001 1382 λυμαίνεσθαι.
1086 1314 1300 1383 λέγουσι
1341 1317 1439 1383 γὰρ
1475 1315 1540 1369 ὡς
1579 1316 1851 1381 πυθόμενος

111 1424 157 1468 15
182 1401 237 1452 ἐκ
271 1401 511 1466 μαντηίου
549 1401 576 1452 ὁ
598 1399 820 1468 Ἀμασις
857 1403 919 1453 τὰ
955 1402 1066 1468 περὶ
1105 1399 1287 1453 ἑωυτὸν
1324 1400 1639 1453 ἀποθανόντα
1673 1399 1853 1465 μέλλοι

182 1485 427 1554 γίνεσθαι,
467 1486 594 1538 οὕτω
633 1485 692 1551 δὴ
731 1487 998 1553 ἀκεόμενος
1038 1488 1101 1538 τὰ
1141 1485 1479 1554 ἐπιφερόμενα
1517 1484 1605 1537 τὸν
1640 1487 1729 1550 μὲν
1765 1484 1848 1537 ἄν·

183 1573 379 1638 θρωπον
402 1576 577 1625 τοῦτον
599 1571 687 1624 τὸν
709 1570 1092 1638 μαστιγωθέντα
1114 1570 1427 1622 ἀποθανόντα
1449 1569 1612 1637 ἔθαψε
1635 1570 1716 1621 ἐπὶ
1735 1577 1853 1642 τῇσι

184 1655 362 1728 θύρῃσι
404 1657 542 1710 ἐντὸς
580 1659 670 1721 τῆς
710 1660 893 1709 ἑωυτοῦ
934 1654 1102 1722 θήκης,
1145 1654 1330 1707 ἑωυτὸν
1368 1657 1423 1707 δὲ
1463 1655 1743 1707 ἐνετείλατο
1774 1659 1862 1724 7τῷ

182 1741 318 1793 παιδὶ
355 1742 410 1794 ἐν
437 1746 577 1811 μυχῷ
614 1744 702 1807 τῆς
739 1740 890 1807 θήκης
926 1741 991 1795 ὣς
1027 1739 1254 1806 μάλιστα
1293 1742 1467 1792 θεῖναι.
1556 1742 1607 1792 αἱ
1641 1738 1733 1805 μέν
1764 1760 1851 1791 νυν

110 1850 158 1878 20
182 1826 237 1877 ἐκ
272 1830 358 1877 τοῦ
388 1824 631 1892 Ἀμάσιος
666 1827 867 1879 ἐντολαὶ
904 1826 1047 1878 αὗται
1083 1828 1132 1878 αἱ
1170 1827 1221 1878 ἐς
1250 1824 1340 1889 τὴν
1370 1823 1536 1891 ταφήν
1566 1845 1620 1876 τε
1657 1824 1735 1875 καὶ
1765 1823 1851 1875 τὸν

182 1908 442 1977 ἄνθρωπον
467 1910 678 1979 ἔχουσαι
701 1912 758 1964 οὔ
787 1932 872 1977 μοι
897 1910 1129 1963 δοκέουσι
1151 1909 1311 1978 ἀρχὴν
1335 1908 1587 1977 γενέσθαι,
1613 1908 1783 1962 ἄλλως
1806 1908 1847 1959 δ’

183 1993 304 2046 αὐτᾶ
334 1996 594 2062 Αἰγύπτιοι
626 2001 859 2062 σεμνοῦν.

265 2081 411 2133 Μετὰ
457 2083 511 2134 δὲ
563 2085 718 2132 ταῦτα
768 2083 795 2132 ὁ
849 2081 1131 2147 Καμβύσης
1183 2078 1528 2145 ἐβουλεύσατο
1578 2079 1848 2145 τριφασίας

183 2165 467 2231 στρατηίας,
515 2165 602 2218 ἐπί
641 2187 697 2218 τε
745 2166 1119 2234 Καρχηδονίους
1165 2164 1243 2216 καὶ
1287 2164 1369 2216 ἐπὶ
1413 2162 1723 2228 Ἀμμωνίους
1769 2162 1849 2214 καὶ

110 2274 156 2316 25
183 2249 264 2302 ἐπὶ
306 2249 419 2305 τοὺς
462 2251 768 2317 μακροβίους
810 2252 1068 2308 Αἰθίοπας,
1112 2247 1402 2314 οἰκημένους
1440 2249 1492 2331 δὲ
1532 2248 1726 2312 Λιβύης
1766 2247 1848 2299 ἐπὶ

240 2401 255 2426 1
292 2392 454 2431 -καΰσαι
474 2420 485 2431 .
509 2419 520 2431 .
545 2421 554 2431 .
580 2391 679 2432 εἶναι
700 2391 748 2432 rb
770 2403 849 2429 om.
873 2389 908 2429 C
1112 2401 1139 2430 2
1167 2389 1216 2429 rb
1237 2391 1313 2442 πῦρ
1336 2387 1369 2426 Ρ
1390 2386 1507 2427 Stob.
1534 2388 1621 2426 flor.
1652 2401 1742 2437 123,
1770 2400 1817 2437 13
1838 2402 1849 2427 ε

182 2446 257 2496 πῦρ
295 2444 386 2485 rell.
638 2458 665 2496 3
706 2462 757 2498 γε
795 2443 1207 2494 Schweighaeuser:
1252 2460 1298 2483 τε
1337 2442 1377 2481 Α
1393 2442 1427 2481 Β
1444 2442 1477 2481 C
1494 2442 1527 2480 P
1545 2456 1554 2481 τ
1596 2454 1676 2482 om.
1713 2442 1751 2480 R
1767 2443 1797 2482 S
1811 2442 1850 2480 V

181 2511 206 2547 4
236 2498 414 2553 διότιπερ
437 2499 476 2539 R
493 2498 574 2540 SV
711 2512 736 2550 5
766 2501 815 2541 rb
837 2499 957 2539 Stob.
979 2513 989 2538 t
1017 2512 1101 2538 om.
1125 2498 1159 2536 L
1297 2499 1325 2536 6
1354 2498 1476 2538 αὐτὸν
1497 2497 1538 2536 Α
1554 2497 1589 2535 Β
1708 2499 1756 2538 ἄν
1774 2514 1848 2549 περ

184 2552 224 2592 R
239 2553 270 2592 S
283 2554 321 2593 V
432 2567 453 2604 7
486 2556 584 2597 αὐτὸ
605 2554 687 2596 del.
703 2554 858 2594 Abicht
969 2555 995 2592 8
1026 2553 1121 2606 σφί]
1138 2550 1305 2606 φησι(ν)
1321 2552 1360 2590 Α
1375 2552 1410 2590 Β
1425 2552 1458 2590 C
1570 2564 1598 2602 9
1627 2553 1691 2593 καὶ
1711 2564 1791 2592 om.
1811 2552 1847 2592 C

186 2620 235 2647 10
263 2610 310 2658 δὴ
325 2622 405 2650 om.
423 2609 465 2649 A
481 2609 515 2648 B
529 2610 563 2650 C
579 2610 612 2649 P
725 2609 938 2652 ἐνετέλετο
958 2609 997 2646 R
1010 2608 1049 2646 V
1164 2620 1212 2646 12
1233 2611 1315 2648 τῶν
1333 2623 1397 2648 τις
1415 2606 1454 2645 R
1470 2607 1552 2645 S'V
1614 2644 1617 2647 .
1665 2618 1714 2655 13
1740 2606 1850 2659 ἔχων

181 2679 229 2704 τε
269 2660 310 2702 R
324 2663 406 2704 SV
553 2666 632 2715 τὴν
669 2665 833 2714 ἡλικίην
870 2665 1043 2714 Ἀμασιν
1082 2662 1113 2702 S
1127 2662 1164 2701 V
1312 2661 1344 2714 ᾧ
1384 2662 1416 2700 L
1592 2675 1637 2711 14
1671 2661 1848 2712 Ἄμασιν

182 2717 223 2756 Α
241 2718 274 2756 Β
289 2719 323 2758 C
337 2719 442 2772 νβ)
462 2734 472 2760 2
505 2719 658 2771 ’Άμασι
693 2720 732 2758 R
940 2731 989 2769 15
1030 2718 1177 2768 μέλλοι
1212 2718 1284 2762 (-ει
1306 2716 1358 2766 S)
1395 2716 1649 2757 ἀποθανόντα
1684 2716 1721 2754 R
1738 2716 1844 2756 SV:

182 2774 344 2815 ἀποθαν.
368 2773 581 2825 μέλλοντα
597 2775 637 2813 Α
654 2775 688 2814 Β
703 2776 736 2814 C
757 2774 790 2813 P
994 2775 1043 2812 16
1071 2773 1181 2825 γίγν.
1209 2772 1248 2811 R
1264 2771 1293 2810 S
1307 2771 1346 2810 V
1509 2770 1584 2821 μὲν
1604 2784 1684 2811 om.
1711 2771 1751 2809 R
1765 2771 1796 2810 S
1809 2771 1848 2809 V

187 2839 234 2877 17
265 2829 348 2881 ἐπὶ]
369 2831 412 2871 ἐν
430 2829 464 2869 P
578 2831 628 2869 18
658 2831 773 2871 ἐκτὸς
790 2829 830 2868 R
846 2828 876 2868 S
889 2830 928 2868 V
1043 2839 1092 2877 19
1122 2828 1163 2868 αἲ
1180 2825 1218 2864 R
1233 2826 1299 2865 V:
1328 2830 1347 2867 ἐ
1363 2827 1397 2866 C
1509 2839 1564 2865 20
1593 2826 1788 2877 Ἀμάσεος
1806 2826 1846 2865 R

183 2883 223 2923 αἱ
242 2895 323 2922 om.
345 2884 384 2923 R
399 2883 482 2924 SV
665 2898 713 2923 21
747 2885 999 2926 ἀλλ’·ἄλλως
1021 2884 1122 2924 αὐτὰ
1145 2881 1184 2920 R
1200 2881 1230 2921 S
1244 2882 1281 2921 V
1445 2893 1498 2931 23
1529 2880 1805 2929 ἐβουλεύσατο
1825 2885 1848 2923 ὁ

184 2936 404 2988 Καμβύσης
427 2938 467 2978 R
483 2939 513 2979 S
527 2939 565 2977 V

1889 1325 1916 1367 6
1974 1313 1976 1315 ,

1886 1757 1909 1800 7
