2098 3320
92 54 179 107 IV.
210 43 300 119 167

209 770 303 827 168

962 52 1427 102 ΗΡΟΔΟΤΟΎ-

1734 104 1762 126 Χ

343 205 487 237 κοντο
523 183 719 238 πάντες·
767 182 937 236 πολλά
972 206 1025 237 τε
1061 185 1156 253 γὰρ
1195 186 1273 237 καὶ
1314 187 1436 237 κακὰ
1473 183 1691 255 πάσχειν
1728 187 1796 240 ὑπ
1842 186 2004 241 αὐτοῦ.

341 270 614 335 πυθόμενος
659 271 712 320 δὲ
761 273 912 320 ταῦτα
963 269 989 318 ὁ
1035 267 1307 336 Ἀρυάνδης
1354 270 1479 321 οὕτω
1528 269 1586 334 δὴ
1632 269 1723 335 τὴν
1771 271 2007 339 στρατιὴν

341 353 610 406 ἀπέστειλε
642 353 743 418 ἅμα
771 355 831 425 τῇ
855 355 1118 426 Φερετίμῃ.
1189 355 1308 419 αὕτη
1340 355 1432 420 μέν
1463 375 1549 407 νυν
1582 356 1709 420 αἰτίη
1736 356 2008 425 πρόσχημα

340 443 428 490 τοῦ
457 438 612 505 λόγου
642 438 849 505 ἐγίνετο,
884 437 1132 504 ἐπέμπετο
1162 440 1215 490 δὲ
1244 438 1274 503 ἡ
1307 437 1531 506 στρατιή,
1567 439 1631 493 ὡς
1662 439 1770 506 ἐμοὶ
1800 439 2004 500 δοκέειν,

342 522 422 576 ἐπὶ
454 522 657 588 Λιβύων
689 524 1038 595 καταστροφῇ,
1102 523 1308 588 Λιβύων
1337 525 1433 590 γὰρ
1463 523 1520 588 δὴ
1553 523 1699 576 ἔθνεα
1727 526 1897 577 πολλὰ
1927 525 2007 578 καὶ

340 611 550 661 παντοῖα
580 609 706 667 ἐστί,
738 607 818 658 καὶ
849 609 910 658 τὰ
938 609 1030 672 μὲν
1060 606 1222 659 αὐτῶν
1251 609 1401 675 ὀλίγα
1431 607 1678 674 βασιλέος
1707 603 1768 674 ἤῖ)
1796 606 2004 675 ὑπήκοα,

339 694 400 744 τὰ
431 694 484 744 δὲ
515 690 653 744 πλέω
685 692 943 759 ἐφρόντιζε
977 692 1189 759 Δαρείου
1220 691 1376 744 οὐδέν.

424 775 664 828 Οἶκέουσι
695 779 748 829 δὲ
779 778 901 828 κατὰ
929 775 1045 828 τάδε
1081 778 1280 842 Λίβυες.
1346 776 1432 829 ἀπ’
1459 777 1712 845 Αἰγύπτου
1743 775 2008 845 ἀρξάμενοι

341 865 525 928 πρῶτοι
567 860 923 929 Ἀδυρμαχίδαι
962 860 1168 926 Λιβύων
1210 862 1540 926 κατοίκηνται,
1585 862 1631 913 οἲ
1674 861 1873 927 νόμοισι
1916 865 2008 927 μὲν

341 948 403 998 τὰ
442 944 579 999 πλέω
622 947 941 1013 Αἰγυπτίοισι
984 944 1246 1015 χρέωνται,
1288 948 1478 1010 ἐσθῆτα
1521 948 1574 998 δὲ
1616 944 1858 1014 φορέουσι
1899 947 2009 1012 οἵην

343 1113 550 1187 ἑκατέρῃ
589 1119 687 1167 τῶν
729 1113 953 1181 κνημέων
994 1114 1235 1182 φορέουσι
1278 1113 1513 1183 χάλκεον·
1559 1117 1647 1169 τὰς
1690 1117 1915 1183 κεφαλὰς
1955 1118 2010 1168 δὲ

345 1205 582 1265 κομῶσαι,
620 1199 733 1254 τοὺς
769 1203 979 1267 φθεῖρας
1020 1200 1169 1252 ἐπεὰν
1204 1198 1412 1266 λάβωσι
1445 1199 1558 1253 τοὺς
1599 1202 1781 1264 ἑωυτῆς
1823 1197 2008 1265 ἑκάστη

344 1283 623 1336 ἀντιδάκνει
655 1284 733 1336 καὶ
764 1285 890 1336 οὕτω
918 1285 1097 1351 ῥίπτει.
1180 1284 1315 1336 οὗτοι
1344 1287 1397 1336 δὲ
1426 1289 1597 1350 μοῦνοι
1628 1284 1832 1350 Λιβύων
1864 1288 2008 1336 τοῦτο

345 1368 649 1437 ἐργάζονται,
678 1369 756 1421 καὶ
779 1373 845 1439 τῷ
869 1368 1081 1434 βασιλέϊ
1109 1373 1281 1434 μοῦνοι
1303 1371 1393 1423 τὰς
1415 1367 1687 1436 παρθένους
1718 1368 2009 1434 μελλούσας

346 1452 621 1506 συνοικέειν
642 1453 1019 1506 ἐπιδεικνύουσι·
1056 1452 1086 1518 ἣ
1107 1456 1159 1505 δὲ
1180 1454 1242 1506 ἂν
1260 1458 1327 1524 τῷ
1346 1451 1559 1519 βασιλέϊ
1579 1452 1764 1522 ἀρεστὴ
1784 1452 2006 1521 γένηται,

344 1538 441 1591 ὑπὸ
469 1538 645 1590 τούτου
674 1538 1119 1609 διαπαρᾷ-ςνεύεται.
1208 1535 1484 1605 παρήκουσι
1513 1533 1567 1590 δὲ
1597 1538 1730 1589 οὗτοι
1759 1538 1806 1590 οἱ
1835 1537 2007 1606 Ἀδυρ·

343 1625 549 1692 μαχίδαι
574 1623 657 1676 ἀπ’
684 1625 935 1690 Αἷγυπτου
963 1621 1111 1691 μέχρι
1132 1621 1335 1688 λιμένος
1357 1627 1424 1692 τῷ
1448 1623 1633 1688 οὔνομα
1657 1622 1859 1676 Πλυνός
1882 1624 2007 1675 ἐστι.

344 1708 531 1760 τούτων
567 1710 621 1760 δὲ
661 1707 863 1776 ἔχονται
900 1706 1182 1774 Γιλιγάμαι,
1224 1708 1487 1773 νεμόμενοι
1527 1707 1584 1759 τὸ
1625 1706 1747 1775 πρὸς
1791 1705 2011 1774 ἑσπέρην

344 1792 513 1861 χώρην
542 1791 691 1861 μέχρι
713 1791 1099 1860 Ἀφροδισιάδος
1128 1789 1302 1856 νήσου.
1381 1793 1434 1844 ἐν
1465 1794 1517 1843 δὲ
1549 1797 1614 1862 τῷ
1644 1789 1830 1858 μεταξὺ
1861 1791 2009 1862 χώρῳ

344 1876 499 1947 τούτῳ
520 1877 552 1942 ἥ
568 1898 622 1929 τε
642 1875 852 1929 Πλατέα
870 1879 1024 1941 νῆσος
1044 1875 1298 1935 ἐπίκειται,
1322 1876 1411 1941 τὴν
1434 1875 1638 1928 ἔκτισαν
1658 1878 1703 1928 οἱ
1725 1880 2006 1944 Κυρηναῖοι,

2032 546 2055 586 5

2035 970 2086 1000 10

302 1069 312 1077 -
343 1051 436 1098 περ
472 1033 518 1082 οἱ
553 1029 704 1082 ἄλλοι
743 1031 943 1096 Λίβυες.
1033 1032 1083 1083 αἱ
1120 1033 1173 1083 δὲ
1208 1034 1435 1098 γυναῖκες
1475 1031 1636 1083 αὐτῶν
1672 1029 1859 1107 ψεᾈ-ιον
1898 1032 2009 1098 περὶ
2050 1034 2067 1039 “

2037 1390 2083 1431 15

2037 1810 2088 1850 29

348 1961 425 2013 καὶ
464 1963 518 2013 ἐν
553 1969 613 2034 τῇ
648 1961 831 2031 ἠπείρῳ
871 1960 1138 2014 Μενέλαος
1173 1959 1324 2026 λιμήν
1357 1963 1464 2013 ἐστι
1487 1961 1583 2026 καὶ
1605 1960 1811 2028 Ἄζιρις,
1842 1960 1933 2025 τὴν
1962 1962 2009 2012 οἱ
2071 1973 2074 1976 “

349 2049 614 2113 Κυρηναῖοι
666 2048 843 2098 οἴκεον·
913 2045 991 2096 καὶ
1042 2045 1099 2096 τὸ
1154 2047 1364 2113 σίλφιον
1417 2044 1622 2114 ἄρχεται
1674 2044 1772 2098 ἀπὸ
1818 2045 2008 2097 τούτου.

346 2130 555 2197 παρήκει
597 2132 650 2182 δὲ
694 2129 792 2182 ἀπὸ
833 2129 1069 2196 Πλατέης
1112 2128 1269 2194 νήσου
1311 2129 1462 2198 μέχρι
1503 2134 1588 2181 τοῦ
1633 2130 1880 2196 στόματος
1923 2131 2011 2193 τῆς

347 2214 551 2282 Σύρτιος
600 2214 658 2266 τὸ
710 2215 938 2282 σίλφιον.
1025 2215 1223 2280 νόμοισι
1272 2217 1325 2266 δὲ
1373 2213 1619 2283 χρέωνται
1670 2214 1804 2266 οὗτοι
1851 2235 2007 2281 παρα-

400 2365 426 2403 3
456 2351 716 2394 ἀπέστελλεν
736 2352 770 2391 Ρ
784 2352 823 2391 R
839 2352 868 2392 S
881 2351 920 2391 V
1044 2366 1069 2402 4
1100 2352 1360 2404 ἀπεπέμπετο
1381 2350 1420 2390 Α
1434 2351 1468 2391 Β
1483 2351 1566 2416 (ΣῬ
1580 2406 1589 2416 ι
1676 2342 1808 2394 δοκέει
1827 2352 1862 2391 Ρ
1876 2352 1914 2390 R
1929 2352 1960 2393 S
1972 2353 2012 2392 V

347 2462 372 2501 5
405 2451 469 2491 ἐπὶ
488 2449 639 2499 Λιβύης
659 2448 699 2488 Α
713 2449 747 2487 Β
761 2450 796 2489 c
937 2452 985 2500 δὴ
1006 2462 1087 2489 om.
1115 2449 1155 2488 R
1171 2449 1201 2489 s
1214 2450 1252 2489 v
1453 2452 1480 2488 6
1511 2419 1592 2490 Σῗὲἶ
1610 2446 1661 2487 c1
1801 2450 1954 2498 ἐπήκοα
1973 2449 2012 2489 ν

349 2519 371 2556 7
403 2504 597 2553 βασιλέος
618 2504 784 2558 Δαρείου
808 2504 845 2543 Α
859 2504 893 2543 Β
908 2504 942 2543 C
1111 2505 1137 2543 8
1166 2503 1283 2555 τάδε]
1306 2504 1359 2544 τὰ
1381 2503 1411 2543 S
1425 2504 1489 2543 V:
1519 2517 1598 2543 om.
1622 2504 1661 2541 R
1818 2518 1846 2555 9
1873 2505 2010 2558 Ἀδυρ-

346 2560 514 2612 μαγίδαι
549 2559 584 2598 C
627 2559 775 2610 (-χι’δαι
815 2561 971 2608 marg.)
1140 2559 1410 2600 κατοίκεινται
1452 2559 1491 2597 R
1714 2572 1764 2598 10
1802 2558 1867 2611 δὲ]
1897 2577 1946 2600 τε
1975 2558 2010 2598 C

353 2628 401 2654 12
432 2614 620 2667 ἑκάτερον
643 2614 681 2652 R
697 2613 778 2652 SV
919 2616 967 2652 16
997 2614 1118 2667 ἀρετὴ
1143 2613 1260 2652 RV:
1293 2614 1394 2662 ἐστ-ὴ
1417 2613 1451 2652 C
1593 2625 1639 2662 17
1672 2613 1953 2667 Ἀδυρμαγῖδαι
1973 2613 2009 2652 C

353 2670 404 2708 18
432 2668 611 2710 Πλευνός
639 2668 727 2706 ΑΒ
745 2669 778 2707 C
924 2682 973 2718 19
1003 2667 1215 2721 Γιλιγάμαι
1250 2668 1398 2718 Steph.
1425 2668 1528 2717 Byz.
1558 2680 1591 2707 s.
1609 2681 1648 2708 v,
1672 2682 1681 2707 ε
1710 2667 1926 2721 Τιλιγάμαι
1947 2668 2011 2708 C:

348 2723 594 2775 Τιλιγοίμμαι
622 2722 662 2761 Α
679 2723 820 2762 BCm:
862 2724 1031 2776 Γιγάμαι
1062 2722 1172 2764 PR:
1215 2722 1395 2775 Γηγάμαι
1427 2722 1510 2762 SV
1673 2722 1741 2774 τὸ]
1767 2723 1844 2772 τὴν
1870 2721 2011 2762 Aldus

350 2791 406 2817 20
431 2776 648 2830 Ἀφροδησ.
668 2778 708 2817 R
719 2777 798 2817 SV
909 2779 1027 2832 χώρῳ
1039 2777 1189 2829 τούτῳ]
1205 2777 1353 2818 τούτου
1367 2778 1487 2830 χώρῳ
1502 2776 1542 2815 Α
1553 2777 1587 2815 Β
1599 2777 1632 2815 C
1695 2776 1698 2779 ’
1744 2790 1793 2815 21
1823 2777 2011 2818 Πλάταια

351 2832 385 2871 Ρ
399 2832 440 2872 R
454 2832 485 2872 S
501 2832 535 2871 V
649 2832 850 2875 ἐπικέεται
873 2832 906 2871 L
1019 2835 1054 2875 οἵ
1077 2844 1158 2872 om.
1184 2831 1218 2870 P
1231 2831 1271 2869 R
1287 2831 1317 2871 S
1330 2831 1370 2870 V
1565 2844 1618 2871 22
1649 2830 1850 2872 Μενέλεω·
1871 2831 1911 2870 R
1926 2830 1957 2872 S
1970 2830 2010 2870 V

2035 2231 2084 2272 25

352 2888 443 2935 (-λε
459 2899 483 2924 ÷
499 2886 559 2937 ος)
668 2887 839 2942 Ἀζειρις
861 2887 901 2926 R
917 2887 947 2928 S
961 2887 999 2927 V
1154 2898 1206 2939 23
1236 2884 1333 2940 ἀπὸ]
1358 2888 1404 2929 ἐκ
1426 2886 1466 2927 R
1481 2885 1512 2926 S
1524 2886 1563 2927 V
1717 2898 1770 2937 24
1800 2885 2009 2938 Πλαταίης
2055 2880 2067 2886 ”

353 2940 549 2982 PRSV'
