2098 3320
749 82 1126 131 ιΣΤοΡΙΩΝ
1187 83 1226 129 Γ
1865 80 2040 142 111.14

160 214 522 282 ἀπολομένοισι
551 213 645 266 σὺν
674 213 732 285 τῇ
764 214 861 278 νηί·
907 217 1060 265 ταῦτα
1088 215 1183 280 γὰρ
1214 213 1451 264 ἐδίκασαν
1478 213 1525 264 οἱ
1559 209 1826 278 βασιλήιοι

160 299 405 360 δικασταί,
435 299 560 366 ὑπὲρ
583 296 760 365 ἀνδρὸς
791 295 1005 350 ἑκάστου
1034 288 1153 349 δέκα
1175 297 1460 364 Αἰγυπτίων
1489 301 1586 348 τῶν
1616 296 1825 363 πρώτων

87 438 96 449 ,
159 385 585 438 ἀνταπόλλυσθαι.
651 383 678 432 ὁ
701 384 754 434 δὲ
779 382 896 434 ἰδὼν
918 381 1243 449 παρεξιόντας
1268 382 1346 434 καὶ
1367 382 1540 447 μαθὼν
1561 379 1649 433 τὸν
1672 384 1824 433 παῖδα
1862 389 1891 432 6

159 466 405 536 ἀγόμενον
434 467 516 520 ἐπὶ
547 464 775 525 θάνατον,
801 471 899 518 τῶν
922 465 1095 518 ἄλλων
1120 467 1403 533 Αἰγυπτίων
1432 471 1531 517 τῶν
1561 486 1820 532 περικατη-

111 577 136 621 5
155 552 320 620 μένων
350 550 498 604 αὐτὸν
530 550 805 603 κλαιόντων
837 551 917 603 καὶ
946 552 1085 603 δεινὰ
1115 550 1401 609 ποιεύντων,
1427 550 1584 601 τώυτὸ
1615 551 1822 614 ἐποίησε

104 646 116 653 ”
157 636 214 690 τὸ
235 636 312 688 καὶ
333 636 414 689 ἐπὶ
433 636 492 708 τῇ
511 635 734 703 θυγατρί.
800 636 1152 702 παρελθόντων
1171 637 1225 687 δὲ
1249 635 1327 686 καὶ
1350 634 1538 686 τούτων
1563 632 1822 698 συνήνεικε
1848 647 1885 699 “7

157 722 290 774 ὥστε
318 725 417 773 τῶν
447 719 743 786 συμποτέων
771 721 818 771 οἱ
849 718 1001 786 ἄνδρα
1031 718 1442 788 ἀπηλικέστερον,
1476 720 1825 771 ἐκπεπτωκότα
1849 718 2023 767 «ΚΝ

158 807 214 859 ἐκ
259 810 358 858 τῶν
404 805 590 857 ἐόντων
635 802 820 873 ἔχοντά
866 824 921 856 τε
968 804 1110 856 οὐδὲν
1157 805 1200 856 εἰ
1246 803 1311 869 μὴ
1358 804 1458 854 ὅσα
1500 802 1697 871 πτωχὸς
1744 805 1822 856 καὶ

158 888 522 958 προσαιτέοντα
564 887 656 953 τὴν
700 887 955 956 στρατιήν,
1002 887 1231 956 παριέναι
1274 885 1596 953 Ψαμμήνιτόν
1637 908 1690 938 τε
1737 887 1823 940 τὸν

80 999 136 1029 v10
157 972 400 1041 Ἀμάσιος
437 973 517 1025 καὶ
551 972 665 1027 τοὺς
701 974 754 1025 ἐν
790 977 857 1042 τῷ
895 973 1148 1042 προαστίῳ
1185 971 1483 1037 κατημένους
1519 973 1821 1038 Αἰγυπτίων.

158 1059 185 1111 ὁ
227 1061 280 1112 δὲ
319 1056 636 1125 Ψαμμήνιτος
681 1057 746 1111 ὡς
793 1058 907 1116 εἶδε,
951 1057 1270 1110 ἀνακλαύσας
1314 1055 1442 1123 μέγα
1485 1057 1564 1107 καὶ
1605 1056 1822 1111 καλέσας

157 1143 400 1210 ὀνομαστὶ
429 1141 516 1195 τὸν
546 1144 742 1210 ἑταῖρον
771 1139 1024 1206 ἐπλήξατο
1055 1141 1146 1206 τὴν
1176 1139 1418 1208 κεφαλήν.
1498 1139 1628 1205 ἦσαν
1658 1140 1700 1192 δ’
1730 1141 1824 1208 ἄρα
1863 1151 1888 1194 8

157 1227 305 1280 αὐτοῦ
333 1228 567 1296 φύλακοι,
599 1227 646 1279 οἳ
676 1225 732 1278 τὸ
763 1226 1054 1292 ποιεύμενον
1087 1229 1185 1278 πᾶν
1216 1224 1276 1290 ἐξ
1307 1226 1496 1277 ἐκείνου
1525 1223 1604 1277 ἐπ’
1637 1225 1823 1297 ἑκάστῃ

157 1310 311 1382 ἐξόδῳ
365 1311 618 1384 Καμβύσῃ
646 1313 655 1319 ’
680 1309 967 1376 ἐσήμαινον.
1058 1308 1295 1376 θωμάσας
1353 1312 1406 1362 δὲ
1465 1310 1491 1359 ὁ
1542 1310 1823 1376 Καμβύσης

86 1421 99 1450 ι
109 1422 132 1464 5
155 1398 218 1448 τὰ
260 1396 528 1462 ποιεύμενα
572 1395 777 1463 πέμψας
818 1395 1036 1463 ἄγγελον
1078 1395 1254 1462 εἰρώτα
1293 1394 1442 1446 αὐτὸν
1483 1392 1649 1461 λέγων
1689 1394 1821 1446 τάδε·

159 1481 425 1546 Δεσπότης
456 1502 516 1532 σε
540 1480 841 1546 Καμβύσης,
866 1478 1173 1545 Ψαμμήνιτε,
1205 1481 1382 1549 εἰρωτᾷ
1413 1478 1473 1530 δι’
1505 1479 1533 1528 ὅ
1561 1499 1609 1530 τι
1645 1478 1702 1543 δὴ
1733 1478 1823 1543 τὴν
1865 1502 1891 1544 9
1956 1481 1971 1495 ⁰

153 1565 244 1628 μὲν
274 1559 518 1628 θυγατέρα
542 1560 669 1626 ὁρῶν
701 1560 1048 1635 κεκακωμένην
1080 1562 1159 1613 καὶ
1191 1567 1278 1614 τὸν
1311 1567 1463 1614 παῖδα
1495 1564 1576 1615 ἐπὶ
1608 1564 1823 1616 θάνατον

162 1644 404 1712 στίχοντα
438 1643 550 1695 οὔτε
588 1641 856 1709 ἀνέβωσας
893 1643 1005 1714 οὔτε
1046 1642 1374 1702 ἀνέκλαυσας,
1413 1642 1500 1695 τὸν
1536 1645 1590 1695 δὲ
1625 1644 1829 1713 πτωχὸν

163 1725 306 1780 οὐδέν
342 1748 426 1779 σοι
461 1726 794 1795 προσήκοντα,
830 1727 895 1780 ὦς
930 1726 1104 1779 ἄλλων
1141 1728 1453 1786 πυνθάνεται,
1489 1730 1754 1793 ἐτίμησας;
1803 1730 1828 1779 ὁ
1887 1773 1897 1779 .

89 1837 138 1866 20
160 1814 252 1878 μὲν
275 1811 333 1877 δὴ
355 1817 509 1864 ταῦτα
530 1812 788 1879 ἐπειρώτα,
815 1813 842 1863 ὁ
866 1811 908 1863 δ’
932 1812 1170 1877 ἀμείβετο
1193 1813 1409 1864 τοισίδε·’
1437 1810 1511 1863 ⁹ss
1535 1818 1628 1865 παῖ
1647 1813 1824 1879 Κύρου,
1870 1835 1924 1867 10

161 1897 222 1948 τὰ
255 1899 346 1962 μὲν
375 1895 539 1969 οἰκήια
574 1896 634 1962 ἣν
663 1896 792 1963 μέζω
832 1899 955 1948 κακὰ
991 1892 1021 1960 ἢ
1053 1897 1185 1949 ὥστε
1225 1898 1527 1956 ἀνακλαίειν,
1561 1896 1617 1948 τὸ
1654 1900 1706 1950 δὲ
1742 1902 1828 1949 τοῦ

163 1981 357 2050 ἑταίρου
400 1980 580 2036 πένθος
624 1980 763 2046 ἄξιον
808 1980 867 2046 ἧν
913 1980 1149 2047 δακρύων,
1198 1980 1252 2035 ὃς
1297 1983 1350 2032 ἐκ
1395 1987 1601 2034 πολλῶν
1646 2004 1700 2034 τε
1749 1982 1829 2034 καὶ

163 2064 463 2131 εὐδαιμόνων
493 2067 722 2118 ἐκπεσὼν
752 2067 803 2120 ἐς
835 2066 1089 2133 πτωχηίην
1120 2066 1320 2118 ἀπῖκται
1352 2066 1432 2118 ἐπὶ
1463 2065 1646 2133 γήραος
1682 2067 1823 2137 οὐδῷ.

164 2150 242 2202 καὶ
280 2155 432 2202 ταῦτα
469 2150 534 2204 ὡς
574 2149 936 2219 ἀπενειχθέντα
972 2144 1103 2202 Τὑπὸ
1144 2150 1374 2210 τούτουτ,
1408 2151 1460 2202 εὖ
1501 2149 1690 2203 δοκέειν
1731 2157 1828 2218 σφι

88 2259 136 2301 ²5
163 2235 403 2302 εἰρῆσθαι.
493 2235 558 2289 ὦς
610 2238 662 2288 δὲ
715 2234 918 2302 λέγεται
970 2233 1050 2287 ὑπ’
1100 2235 1404 2301 Αἰγυπτίων,
1461 2235 1685 2301 δακρύειν
1736 2238 1828 2300 μὲν
1870 2256 1914 2288 11

164 2321 381 2386 Κροῖσον
418 2319 691 2388 (ἐτετεύχεε
736 2320 832 2386 γὰρ
879 2320 956 2372 καὶ
1001 2319 1143 2373 οὗτος
1189 2320 1527 2385 ἐπισπόμενος
1575 2319 1828 2391 Καμβύσῃ

217 2470 241 2506 4
271 2455 471 2509 ἀγόμενον
493 2456 678 2496 Dindorf
689 2471 697 2495 :
728 2455 953 2508 ἡγεόμενον
970 2456 1004 2495 L
1170 2456 1197 2493 6
1225 2460 1282 2497 τῶ
1303 2456 1338 2495 C
1451 2458 1514 2497 καὶ
1536 2470 1618 2496 orn.
1642 2456 1681 2495 A
1696 2455 1730 2494 B
1745 2456 1778 2495 C
1793 2455 1828 2495 E

160 2513 212 2565 τῇ
249 2523 332 2552 om.
373 2511 511 2551 RSV
707 2524 744 2560 .7
782 2512 889 2551 ὥστε
919 2512 983 2552 καὶ
1013 2515 1097 2552 τῶν
1127 2510 1221 2549 RV
1413 2512 1438 2548 8
1483 2514 1528 2551 ἐκ
1548 2515 1631 2551 τῶν
1669 2524 1750 2550 om.
1787 2512 1826 2550 R

160 2565 228 2617 τε]
255 2565 298 2606 δὲ
320 2566 360 2604 R
377 2566 458 2605 SV
616 2579 666 2605 10
695 2566 922 2620 προαστείῳ
944 2566 977 2604 L
1089 2569 1172 2607 τῶν
1191 2567 1281 2619 Αἰγ.
1309 2566 1343 2605 Ε
1506 2578 1550 2603 11
1583 2569 1670 2607 ἴδεν
1692 2565 1730 2604 R
1746 2565 1828 2606 SV

164 2631 212 2659 12
241 2621 458 2671 οὐνομαστὶ
480 2622 513 2661 C
533 2634 543 2660 2
573 2620 763 2672 οὐνόματι
785 2620 816 2660 S
835 2634 845 2660 x
875 2620 1042 2672 ὀνόματι
1066 2620 1105 2658 R
1119 2621 1159 2660 V
1272 2634 1320 2671 13
1341 2620 1446 2662 ἅπαν
1464 2620 1502 2658 R
1519 2621 1549 2660 S
1564 2621 1601 2658 V
1704 2624 1768 2672 ἐξ.
1786 2650 1795 2659 .
1815 2650 1825 2660 .

161 2673 245 2727 ἐπ’]
264 2676 325 2716 ἐπ’
340 2705 350 2715 .
368 2706 379 2716 .
398 2707 407 2716 .
426 2677 469 2728 ἐξ
486 2676 523 2714 R
540 2676 571 2716 S
583 2675 624 2714 V
783 2689 830 2726 14
862 2675 1065 2727 ἐσήμηνον
1081 2675 1120 2714 R
1133 2675 1172 2713 V
1283 2681 1404 2727 θωυμ.
1426 2676 1459 2714 L
1614 2687 1660 2725 15
1692 2676 1828 2728 ἦρώτα

159 2729 193 2768 C
209 2729 242 2767 P
256 2729 294 2768 V
458 2732 508 2769 16
537 2733 668 2786 ἐρωτᾷ
687 2731 721 2770 C
738 2730 772 2769 P
786 2731 825 2768 R
839 2731 878 2769 V
988 2734 1053 2771 δια
1071 2731 1115 2771 τί
1133 2732 1212 2780 τὴν
1234 2730 1267 2769 Ε
1438 2743 1484 2780 17
1527 2734 1649 2771 παῖδα
1683 2729 1726 2771 δὲ
1763 2732 1825 2771 ἐπὶ

163 2783 201 2821 R
216 2783 247 2823 S
260 2784 298 2823 V
465 2787 514 2824 18
556 2785 809 2828 ἆνέκλαυσας
843 2785 878 2824 Ε
898 2800 907 2824 :
951 2783 1211 2827 ἀπέκλαυσας
1251 2785 1340 2825 rell.
1503 2798 1552 2834 19
1582 2785 1825 2836 πυνθάνομαι

159 2838 192 2876 C
211 2837 244 2877 P
355 2839 571 2893 ἐτίμησας]
595 2842 626 2881 ἐ.
650 2840 856 2883 τούτοισιν
880 2840 917 2877 R
935 2840 963 2877 S
979 2840 1017 2878 V
1177 2854 1230 2880 20
1258 2844 1398 2881 τοῖσδε
1423 2840 1455 2878 L
1624 2853 1672 2878 21
1705 2841 1826 2890 μείζω

163 2892 200 2930 R
214 2894 252 2933 V
361 2896 386 2943 ἢ
408 2907 490 2935 om.
514 2895 555 2935 A
569 2895 604 2935 B
619 2895 653 2934 C
796 2909 849 2934 22
879 2894 1019 2948 ἑτέρου
1039 2895 1074 2933 C
1090 2895 1121 2935 S
1134 2895 1173 2934 V
1268 2895 1392 2936 πάθος
1415 2894 1449 2934 Ε
1616 2908 1667 2944 23
1698 2898 1825 2936 εὐδαι-

158 2947 266 2998 μόνω
290 2949 327 2986 R
500 2964 552 3000 24
583 2952 633 2992 ὡς
653 2949 751 2991 secl.
778 2951 985 2990 Matthiae
1144 2952 1217 2991 ὑπὸ
1238 2949 1404 3001 τούτου]
1429 2951 1621 2991 ἐπύθοντο
1643 2950 1825 2989 Tkatsch

160 3015 212 3053 25
242 3003 286 3045 δὲ
308 3017 388 3045 om.
417 3004 456 3045 R
473 3005 555 3046 SV
720 3006 774 3045 26
804 3004 1001 3058 ἐτετεύχε
1023 3005 1056 3044 C
1169 3006 1248 3057 ’γὰρ
1271 3018 1353 3044 om.
1377 3005 1411 3044 C
