2098 3320
795 154 1174 210 ΙΣΤΟΡΙΩΝ
1235 155 1279 203 Α

205 285 301 340 ἐὼν
331 285 526 352 δόκιμος
557 284 680 354 ἔσχε
710 283 776 351 μὴ
819 289 1026 351 ποιῆσαι
1055 291 1207 339 ταῦτα
1242 288 1504 353 Κυμαίους,
1539 287 1792 341 ἀπιστέων
1826 309 1881 343 τε

204 376 272 441 τῷ
302 376 514 441 χρησμῷ
547 371 626 423 καὶ
657 368 842 423 δοκέων
871 371 985 425 τοὺς
1016 372 1322 438 θεοπρόπους
1353 371 1410 423 οὐ
1439 371 1608 440 λέγειν
1634 372 1877 438 ἀληθέως,

205 457 256 510 ἐς
286 454 312 507 ὃ
344 455 401 507 τὸ
436 455 663 522 δεύτερον
701 455 812 523 περὶ
850 456 1091 508 Πακτύεω
1131 457 1512 523 ἐπειρησόμενοι
1542 456 1694 522 ἤισαν
1728 456 1880 510 ἄλλοι

206 540 489 607 θεοπρόποι,
511 545 611 592 τῶν
637 539 715 591 καὶ
741 539 1085 607 Ἀριστόδικος
1105 540 1181 606 ἦν.
1227 540 1539 606 ἀπικομένων
1561 543 1614 593 δὲ
1639 543 1689 594 ἐς
1714 546 1873 609 Βραγ-

154 647 176 688 5
204 625 348 693 χίδας
399 623 817 693 ἐχρηστηριάζετο
855 627 909 677 ἐκ
956 623 1158 677 πάντων
1202 624 1545 692 Ἀριστόδικος
1596 627 1879 693 ἐπειρωτῶν

204 707 336 762 τάδε·
362 707 546 774 ῗΩναξ,
573 707 696 773 ἦλθε
728 709 843 776 παρ’
871 708 1026 775 ἡμέας
1058 708 1220 775 ἱκέτης
1244 710 1476 774 Πακτύης
1509 711 1534 760 6
1561 709 1720 763 Λυδὸς
1755 711 1874 777 φεύ-

203 814 307 862 γων
338 793 552 857 θάνατον
583 794 754 860 βίαιον
794 793 916 861 πρὸς
958 793 1217 861 Περσέων·
1258 797 1303 846 οἱ
1346 794 1399 846 δέ
1441 815 1526 859 μιν
1571 793 1877 859 ἐξαιτέονται

203 883 427 946 προεῖναι
463 880 713 944 Κυμαίους
754 879 1056 932 κελεύοντες.
1132 879 1270 944 ἡμεῖς
1311 881 1365 931 δὲ
1408 879 1744 944 δειμαίνοντες
1785 878 1876 944 τὴν

203 962 446 1031 Περσέων
476 963 682 1029 δύναμιν
704 962 791 1016 τὸν
815 962 978 1028 ἱκέτην
1003 965 1052 1017 ἐς
1074 964 1183 1015 τόδε
1207 963 1263 1014 οὐ
1286 961 1660 1028 τετολμήκαμεν
1687 964 1871 1015 ἐκδιδό-

129 1068 179 1098 10
203 1068 299 1107 ναι,
341 1048 456 1115 πρὶν
491 1046 553 1100 ἂν
588 1046 645 1100 τὸ
694 1047 793 1100 ἀπὸ
824 1053 913 1100 σεῦ
959 1048 1076 1112 ἡμῖν
1126 1051 1325 1120 δηλωθῇ
1376 1046 1619 1114 ἀτρεκέως
1669 1048 1873 1115 ὁκότερα

202 1131 464 1198 ποιέωμεν.
511 1134 537 1183 ὁ
567 1135 659 1198 μὲν
682 1137 838 1184 ταῦτα
868 1132 1125 1199 ἐπειρώτα,
1161 1133 1186 1182 6
1218 1132 1259 1183 δ’
1291 1132 1427 1185 αὖτις
1460 1131 1546 1183 τὸν
1579 1131 1728 1183 αὐτόν
1774 1139 1872 1199 σφι

201 1216 432 1286 χρησμὸν
463 1217 639 1285 ἔφαινε
663 1217 880 1269 κελεύων
911 1217 1156 1269 ἐκδιδόναι
1188 1216 1423 1280 Πακτύην
1451 1214 1700 1287 Πέρσῃσι.
1748 1215 1871 1282 πρὸς

202 1306 354 1353 ταῦτα
384 1302 411 1352 6
435 1301 776 1368 Ἀριστόδικος
807 1303 860 1352 ἐκ
898 1302 1130 1367 προνοίης
1168 1302 1331 1353 ἐποίεε
1368 1299 1501 1352 τάδε·
1550 1300 1753 1366 περιιὼν
1784 1299 1871 1351 τὸν

202 1385 321 1451 νηὸν
346 1387 506 1455 κύκλῳ
540 1382 730 1453 ἐξαίρεε
759 1385 871 1440 τοὺς
903 1385 1172 1451 στρουθοὺς
1197 1386 1275 1436 καὶ
1307 1383 1440 1435 ἄλλα
1472 1385 1570 1435 ὅσα
1601 1382 1661 1447 ἦν
1691 1405 1867 1436 νενοσ-

127 1491 174 1534 15
201 1469 417 1536 σευμένα
447 1471 656 1537 ὀρνίθων
685 1469 834 1537 γένεα
866 1471 918 1522 ἐν
941 1474 1008 1539 τῷ
1034 1470 1143 1539 νηῷ.
1190 1467 1448 1523 ποιέοντος
1475 1470 1526 1520 δὲ
1554 1467 1700 1519 αὐτοῦ
1718 1473 1871 1520 ταῦτα

199 1553 403 1622 λέγεται
435 1554 609 1622 φωνὴν
641 1556 694 1606 ἐκ
726 1559 812 1605 τοῦ
847 1554 1022 1606 ἀδύτου
1057 1552 1295 1621 γενέσθαι
1341 1551 1597 1620 φέρουσαν
1626 1554 1717 1617 μὲν
1749 1551 1871 1618 πρὸς

198 1638 284 1691 τὸν
308 1638 667 1707 Ἀριστόδικον,
690 1637 942 1706 λέγουσαν
966 1639 1019 1689 δὲ
1043 1637 1175 1690 τάδε·
1213 1636 1553 1689 Ἀνοσιώτατε
1578 1636 1865 1703 ἀνθρώπων,

197 1723 248 1775 τί
267 1722 382 1776 τάδε
400 1730 588 1794 τολμᾷς
607 1722 819 1783 ποιέειν,·
846 1722 960 1776 τοὺς
983 1721 1144 1775 ἱκέτας
1161 1742 1256 1788 μου
1278 1722 1331 1773 ἐκ
1358 1725 1444 1773 τοῦ
1463 1725 1581 1785 νηοῦ
1605 1719 1840 1786 κεραΐζεις
1849 1739 1865 1780 ,·

198 1806 540 1875 Ἀριστόδικον
572 1809 625 1859 δὲ
655 1806 743 1858 οὐκ
772 1805 1098 1874 ἀπορήσαντα
1133 1806 1253 1873 πρὸς
1290 1810 1439 1857 ταῦτα
1469 1807 1641 1857 εἰπεῖν·
1682 1803 1863 1869 ἲΩναξ,

123 1911 172 1942 20
197 1891 342 1949 αὐτὸς
364 1894 456 1958 μὲν
480 1892 606 1943 οὕτω
630 1896 763 1943 τοῖσι
795 1890 985 1963 ἱκέτῃσι
1008 1889 1255 1957 βοηθέεις,
1290 1890 1536 1955 Κυμαίους
1566 1891 1618 1940 δὲ
1651 1889 1866 1941 κελεύεις

196 1975 283 2029 τὸν
309 1975 473 2041 ἱκέτην
497 1976 742 2028 ἐκδιδόναι
752 1996 768 2035 ,·
802 1974 888 2027 τὸν
911 1977 963 2028 δὲ
994 1974 1130 2029 αῧτις
1164 1974 1481 2041 ἀμείψασθαι
1510 1975 1716 2025 τοισίδε·
1763 1972 1864 2023 Ναὶ

198 2061 398 2119 κελεύω,
421 2062 502 2113 ἵνα
524 2082 582 2128 γε
602 2058 953 2125 ἀσεβήσαντες
978 2062 1175 2111 θᾶσσον
1196 2059 1473 2123 ἀπόλησθε,
1497 2057 1562 2111 ὡς
1585 2056 1651 2122 μὴ
1676 2056 1731 2108 τὸ
1754 2062 1859 2108 λοι-

196 2143 291 2197 πὸν
320 2145 431 2211 περὶ
463 2143 661 2197 ἱκετέων
686 2144 911 2198 ἐκδόσιος
936 2143 1113 2208 ἔλθητε
1141 2144 1221 2195 ἐπὶ
1245 2142 1301 2194 τὸ
1325 2140 1645 2210 χρηστήριον.
1713 2145 1864 2193 ταῦτα

196 2227 263 2282 ὡς
298 2228 656 2297 ἀπενειχθέντα
698 2227 919 2293 ἤκουσαν
961 2230 1007 2280 οἱ
1051 2231 1277 2292 Κυμαῖοι,
1317 2228 1373 2279 οὐ
1408 2226 1713 2292 βουλόμενοι
1752 2225 1864 2277 οὔτε

122 2332 169 2373 25
196 2313 420 2367 ἐκδόντες
450 2312 733 2366 ἀπολέσθαι
771 2313 882 2364 οὔτε
925 2311 1039 2379 παρ’
1072 2315 1302 2364 ἑωυτοῖσι
1344 2310 1545 2379 ἔχοντες
1574 2308 1861 2376 πολιορκέεὀ

196 2400 314 2449 σθαι
346 2393 654 2463 ἐκπέμπουσι
689 2396 836 2449 αὐτὸν
878 2398 927 2450 ἐς
970 2394 1277 2460 Μυτιλήνην.
1350 2397 1395 2447 οἱ
1436 2397 1489 2447 δὲ
1531 2398 1863 2458 Μυτιληναῖοι

195 2481 558 2547 ἐπιπέμποντος
577 2486 663 2534 τοῦ
684 2480 943 2548 Μαζάρεος
968 2481 1206 2548 ἀγγελίας
1245 2479 1489 2531 ἐκδιδόναι
1518 2477 1603 2530 τὸν
1629 2477 1863 2541 Πακτύην

194 2565 622 2632 παρεσκευάζοντο
654 2566 735 2618 ἐπὶ
766 2569 928 2635 μισθῷ
965 2566 1070 2634 ὅσῳ
1115 2563 1190 2628 δή.
1259 2564 1314 2615 οὐ
1361 2565 1454 2630 γὰρ
1492 2563 1598 2630 ἔχω,
1629 2562 1775 2613 τοῦτό
1805 2583 1863 2628 γε

1927 158 2071 222 1..158

1920 552 2013 603 Ι59

1912 900 1936 931 2

1901 2144 1997 2192 160

1901 2412 1924 2446 Ν

195 2651 351 2702 εἰπεῖν
381 2650 635 2718 ἀτρεκέως·
683 2650 738 2701 οὐ
768 2652 863 2717 γὰρ
895 2649 1156 2713 ἐτελεώθη.
1221 2651 1431 2713 Κυμαῖοι
1463 2649 1557 2714 γὰρ
1591 2646 1654 2699 ὡς
1679 2645 1862 2710 ἔμαθον
1896 2665 1922 2709 3

117 2752 170 2792 30
191 2738 346 2786 ταῦτα
376 2735 703 2802 πρησσόμενα
734 2736 787 2786 ἐκ
817 2738 913 2786 τῶν
951 2732 1320 2797 Μυτιληναίων,
1356 2730 1648 2798 πέμψαντες
1680 2733 1860 2782 πλοῖον

192 2818 243 2871 ἐς
279 2817 487 2884 Λέσβον
523 2819 836 2884 ἐκκομίζουσι
881 2817 1113 2880 Πακτύην
1146 2818 1197 2870 ἐς
1239 2817 1379 2867 Χίον.
1447 2816 1671 2866 ἐνθεῦτεν
1712 2815 1765 2865 δὲ
1803 2811 1865 2877 ἐξ

243 2969 268 3007 3
309 2958 449 3005 ἥιεσαν
484 2956 516 2995 L
741 2970 788 3005 14
835 2954 1099 3006 νενομισμένα
1133 2953 1167 2993 C
1394 2963 1441 3001 15
1479 2955 1609 2993 ταῦτα
1647 2954 1769 2992 αὐτοῦ
1803 2949 1855 2990 C¹

190 3023 239 3050 21
272 3014 409 3053 τοῖσδε
432 3011 466 3050 L
633 3024 683 3061 24
714 3009 1054 3063 ἀπενεινεχθέντα
1074 3009 1107 3048 C
1274 3008 1326 3046 26
1359 3014 1507 3049 Μιτυλ.
1531 3007 1564 3046 C
1581 3006 1614 3045 P
1637 3006 1700 3059 (it.
1724 3005 1853 3059 infra)
