2098 3320
20 96 59 146 Ι.
84 108 176 154 210

155 249 178 280 2

102 998 180 1034 211

90 2020 179 2057 212

152 2190 175 2219 Ν

834 96 1260 146 ΗΡΟΔΟΤΟΎ·

219 225 512 295 περιχωρέοι
565 227 615 280 ἐς
662 225 892 293 Δαρεῖον.
982 227 1242 292 ἀμείβεται
1300 227 1358 293 δὴ
1408 225 1476 280 ὧν
1521 230 1547 279 ὁ
1590 229 1884 297 Ὑστάσπης

220 312 425 363 τοισίδε·
478 309 551 361 ”Ὠ
587 314 822 376 βασιλεῦ,
860 309 926 376 μὴ
964 313 1037 375 εἵη
1079 311 1203 378 ἀνὴρ
1243 312 1449 379 Πέρσης
1484 315 1704 381 γεγονὼς
1742 314 1883 369 ὅστις

219 417 296 447 τοι
358 395 757 460 ἐπιβουλεύσειε,
819 397 862 447 εἶ
928 394 971 446 δ’
1024 395 1149 454 ἔστι,
1214 397 1453 448 ἀπόλοιτο
1493 394 1585 452 ’ὡς
1647 398 1880 467 τάχιστα·
1950 450 1953 453 .

221 479 275 533 ὃς
354 480 463 531 ἀντὶ
545 481 637 544 μὲν
710 479 901 531 δούλων
983 481 1223 544 ἐποίησας
1309 479 1596 549 ἐλευθέρους
1678 482 1883 550 Πέρσας

222 563 362 622 εἶναι,
425 563 535 615 ἀντὶ
597 565 649 615 δὲ
708 563 955 631 ἄρχεσθαι
1012 564 1095 616 ὑπ’
1155 563 1327 617 ἄλλων
1395 564 1567 634 ἄρχειν
1631 565 1879 620 ἁπάντων.

222 650 264 700 εἰ
309 647 364 699 δέ
412 636 486 701 τίς
533 669 609 699 τοι
656 649 776 715 ὄψις
821 647 1132 714 ἀπαγγέλλει
1177 652 1328 700 παῖδα
1371 649 1458 701 τὸν
1505 652 1622 715 ἐμὸν
1669 652 1882 720 νεώτερα

221 733 484 798 βουλεύειν
534 733 647 799 περὶ
692 731 799 790 σέο,
851 733 947 799 ἐγώ
1001 753 1077 784 τοι
1127 735 1435 799 παραδίδωμι
1480 737 1700 802 χρᾶσθαι
1751 735 1881 806 αὐτῷ

221 821 365 868 τοῦτο
438 819 467 867 ὅ
538 837 585 868 τι
659 816 723 867 σὺ
802 816 1029 882 βούλεαι.
1134 816 1428 882 (Ὑστάσπης
1497 821 1587 883 μὲν
1658 820 1881 872 τούτοισι

220 900 561 968 ἀμειψάμενος
623 901 702 953 καὶ
759 902 937 967 διαβὰς
999 900 1086 952 τὸν
1143 900 1359 968 Ἀράξεα
1423 901 1499 966 ἤιε
1565 905 1617 957 ἐς
1678 903 1883 971 Πέρσας

220 983 459 1053 φυλάξων
506 985 649 1055 Κύρῳ
693 985 780 1037 τὸν
831 988 983 1037 παῖδα
1029 989 1257 1051 Δαρεῖον.
1367 989 1524 1053 Κῦρος
1585 990 1637 1038 δὲ
1699 995 1879 1055 προελ·

219 1071 319 1121 θὼν
370 1069 467 1121 ἀπὸ
511 1074 598 1121 τοῦ
647 1067 867 1136 Ἀράξεω
913 1068 1097 1136 ἡμέρης
1142 1071 1257 1122 ὁδὸν
1301 1060 1463 1123 ἐποίεε
1513 1073 1600 1125 τὰς
1661 1073 1882 1139 Κροίσου

1909 1009 1958 1038 10

217 1153 483 1219 ὑποθήκας.
587 1156 710 1220 μετὰ
757 1156 809 1206 δὲ
856 1158 1009 1205 ταῦτα
1058 1155 1218 1222 Κύρου
1262 1177 1316 1207 τε
1369 1156 1448 1207 καὶ
1501 1155 1742 1222 Περσέων
1795 1161 1882 1208 τοῦ
1928 1205 1931 1207 .

221 1242 433 1305 καθαροῦ
488 1243 703 1305 στρατοῦ
758 1237 1106 1292 ἀπελάσαντος
1161 1239 1324 1291 ὀπίσω
1377 1239 1456 1292 ἐπὶ
1513 1240 1599 1292 τὸν
1650 1239 1877 1307 Ἀράξεα,

218 1322 515 1390 λειφθέντος
587 1326 640 1374 δὲ
707 1326 793 1374 τοῦ
857 1323 1080 1390 ἀχρηίου,
1143 1325 1427 1375 ἐπελθοῦσα
1491 1329 1588 1376 τῶν
1656 1328 1877 1377 Μασσα-

219 1407 404 1475 γετέων
447 1407 728 1474 τριτημορὶς
778 1411 864 1458 τοῦ
916 1412 1132 1474 στρατοῦ
1178 1408 1290 1461 τούς
1341 1416 1395 1460 τε
1444 1398 1743 1476 λειφθέντας
1793 1412 1880 1474 τῆς

219 1492 382 1560 Κύρου
458 1495 692 1559 στρατιῆς
766 1491 975 1558 ἐφόνευε
1049 1489 1380 1557 ἀλεξομένους
1453 1494 1532 1544 καὶ
1604 1492 1694 1557 τὴν
1759 1515 1877 1561 προ-

219 1576 449 1642 κειμένην
501 1576 690 1630 ἰδόντες
733 1578 891 1636 δαῖτα,
940 1575 1009 1629 ὡς
1057 1577 1390 1644 ἐχειρώσαντο
1442 1578 1557 1630 τοὺς
1608 1579 1876 1637 ἐναντίους,

220 1660 472 1715 κλιθέντες
530 1662 800 1718 ἐδαίνυντο,
848 1659 1192 1726 πληρωθέντες
1245 1663 1297 1713 δὲ
1344 1664 1543 1728 φορβῆς
1607 1661 1685 1713 καὶ
1745 1664 1879 1714 οἴνου

217 1745 381 1810 ηὗδον.
471 1747 517 1797 οἱ
548 1747 600 1797 δὲ
633 1744 829 1812 Πέρσαι
860 1745 1156 1798 ἐπελθόντες
1186 1745 1406 1799 πολλοὺς
1434 1745 1525 1812 μέν
1550 1752 1725 1813 σφεων
1755 1748 1875 1814 ἐφό-

218 1851 418 1890 νευσαν,
463 1830 637 1900 πολλῷ
676 1829 717 1881 δ’
749 1830 821 1881 ἔτι
860 1833 1078 1883 πλεῦνας
1119 1830 1422 1897 ἐζώγρησαν,
1463 1831 1542 1883 καὶ
1578 1830 1763 1885 ἄλλους
1799 1831 1878 1883 καὶ

217 1914 302 1966 τὸν
342 1918 427 1979 τῆς
466 1915 737 1980 βασιλείης
765 1914 1012 1980 Τομύριος
1050 1918 1216 1973 παῖδα,
1252 1914 1623 1982 στρατηγέοντα
1654 1919 1875 1967 Μασσα-

217 1999 419 2066 γετέων,
463 2005 531 2069 τῷ
570 1999 755 2063 οὔνομα
798 1996 858 2062 ἦν
895 2000 1274 2065 Σπαργαπίσης.
1363 2000 1392 2064 ἡ
1435 2002 1487 2052 δὲ
1527 1999 1775 2065 πυθομένη
1817 2000 1878 2052 τά

217 2104 271 2135 τε
303 2084 412 2150 περὶ
443 2083 532 2147 τὴν
565 2083 802 2150 στρατιὴν
833 2083 1077 2149 γεγονότα
1109 2084 1187 2135 καὶ
1218 2086 1279 2134 τὰ
1308 2084 1419 2150 περὶ
1449 2084 1535 2135 τὸν
1566 2087 1718 2137 παῖδα
1752 2084 1876 2150 πέμ-

218 2188 382 2220 πουσα
419 2168 601 2234 κήρυκα
639 2170 770 2234 παρὰ
815 2171 976 2233 Κῦρον
1016 2167 1160 2234 ἔλεγε
1201 2167 1332 2220 τάδε·
1370 2167 1636 2233 ’Άπληστε
1674 2170 1878 2234 αἵματος

219 2255 364 2318 Κῦρε,
395 2255 550 2318 μηδὲν
591 2254 806 2324 ἐπαρθῇς
850 2252 916 2321 τῷ
953 2253 1185 2318 γεγονότι
1228 2255 1350 2322 τῷδε
1387 2251 1651 2319 πρήγματι,
1700 2255 1742 2304 εἰ
1786 2254 1870 2319 ἀμ·

216 2338 402 2407 πελίνῳ
435 2342 618 2407 καρπῷ,
651 2342 719 2406 τῷ
750 2357 843 2402 περ
883 2335 1019 2388 αὐτοὶ
1057 2335 1420 2402 ἐμπιπλάμενοι
1456 2339 1695 2402 μαίνεσθε
1724 2338 1878 2391 οὕτως

275 2489 295 2515 1
326 2475 581 2530 περιχωρεύοι
598 2474 712 2514 RV:
744 2473 919 2529 -χορεύοι
943 2473 973 2512 S
993 2488 1002 2513 t
1031 2473 1206 2528 -χορεύει
1224 2473 1257 2512 C
1375 2474 1584 2525 ἀμείβεται
1605 2473 1639 2514 d
1659 2488 1668 2513 :
1697 2475 1878 2525 ἀμείβετ’

215 2533 251 2572 οἷ
274 2531 408 2570 RVS
433 2530 523 2584 (-τό
541 2532 623 2583 οἴ)ε
655 2529 868 2581 ἆμείβεταί
890 2531 927 2569 οἱ
953 2527 1044 2569 rell.
1278 2542 1303 2567 2
1331 2531 1508 2570 τοιοῖσδε
1529 2528 1589 2568 P:
1618 2532 1758 2570 τοῖσδε
1783 2529 1871 2569 rell.

217 2588 299 2635 εἵης
318 2586 356 2624 R
497 2598 522 2635 3
554 2583 855 2633 ἐπιβουλεύσειε
875 2583 1074 2634 Krueger
1091 2598 1100 2622 :
1130 2582 1285 2625 -λεύσει
1306 2582 1345 2622 Α
1360 2582 1393 2621 C
1411 2582 1466 2623 P:
1500 2583 1626 2624 -λεύει
1648 2581 1702 2622 Β1
1718 2583 1754 2621 R
1771 2583 1801 2622 S
1814 2584 1876 2624 V:

215 2640 342 2682 ·λεύοι
373 2641 398 2679 d
656 2639 879 2680 ἀπόλλοιτο
920 2638 954 2676 C
973 2638 1012 2676 R
1031 2638 1113 2678 SV
1364 2651 1388 2687 4
1433 2637 1585 2679 δούλων
1621 2637 1695 2689 μὲν
1735 2638 1772 2676 R
1793 2638 1822 2677 S
1839 2638 1876 2677 V

215 2708 237 2745 7
280 2699 454 2749 χρῆσθαι
488 2695 520 2733 L
711 2707 738 2743 9
768 2694 931 2747 Ἀράξεα
959 2693 1118 2732 Aldus:
1156 2693 1323 2747 Ἀράξην
1355 2692 1389 2731 L
1555 2705 1598 2730 11
1636 2691 1774 2747 (κατὰ)
1802 2696 1874 2734 τὰς

215 2750 337 2789 Stein
571 2762 617 2798 13
661 2748 769 2801 (τοῦ)
808 2751 985 2802 στρατοῦ
1025 2747 1223 2797 Krueger
1398 2746 1689 2788 ἐπελεύσαντος
1731 2747 1771 2785 R
1790 2748 1819 2786 S
1835 2748 1875 2786 V

219 2818 267 2854 14
299 2806 438 2845 ἀπελθ.
466 2804 503 2842 R
529 2804 565 2855 (ε
586 2815 798 2854 suprascr.
820 2806 861 2847 Ι)
885 2802 967 2841 SV
1103 2814 1150 2851 17
1183 2803 1426 2855 ἐχειρώσατο
1450 2802 1488 2839 R
1613 2803 1662 2841 18
1691 2802 1872 2843 δαίνυντο

216 2858 256 2897 R
271 2858 352 2898 SV
532 2872 581 2908 19
620 2862 733 2899 ευδον
763 2857 796 2896 C
811 2857 845 2896 P
858 2857 888 2896 S
904 2855 959 2895 R¹
992 2869 1201 2907 suprascr.
1218 2871 1226 2896 ε
1272 2856 1315 2897 εὗ
1328 2868 1357 2898 ÷
1370 2860 1439 2897 δον
1454 2856 1492 2894 V
1669 2869 1724 2895 20
1760 2856 1806 2897 δέ
1832 2874 1872 2897 τι

216 2914 250 2951 C
265 2913 350 2952 PR
566 2926 613 2951 21
656 2914 874 2962 βασιληίης
910 2912 949 2950 R
965 2911 1044 2951 SV
1198 2911 1409 2965 Τομύριδος
1441 2910 1478 2948 R
1494 2910 1576 2949 SV
1607 2910 1668 2962 (it.
1700 2923 1791 2960 213,
1825 2911 1869 2959 35

215 2980 266 3017 24
298 2970 485 3010 ἅπλειστ.
515 2969 554 3006 R
579 2970 639 3010 (it.
666 2968 790 3006 infra*
815 2967 852 3005 V
1018 2967 1071 3005 26
1101 2966 1362 3016 ἐπιπλάμενοι
1387 2965 1423 3003 R

1900 1430 1956 1473 15

1905 1851 1955 1879 20

1905 2271 1953 2311 25
