2098 3320
80 1055 130 1084 10

74 1902 123 1931 20

71 2323 118 2364 ²5

748 118 1125 193 ΙΣΤΟΡΙΩΝ
1187 146 1224 193 Γ

159 279 213 330 δὲ
242 275 272 342 ἡ
305 275 567 344 προμηθίη·
610 274 675 329 σὺ
705 277 759 328 δὲ
784 276 990 330 κτείνεις
1018 278 1112 342 μὲν
1134 274 1315 343 ἄνδρας
1347 279 1566 328 σεωυτοῦ
1589 273 1831 341 πολιήτας

1872 147 1962 195 111.
1993 148 2064 209 36

158 359 237 413 ἐπ’
267 359 468 433 οὐδεμιῇ
508 359 641 432 αἰτίῃ
676 358 921 431 ἀξιοχρέῳ
963 360 1110 420 ἑλών,
1147 361 1350 415 κτείνεις
1391 363 1445 414 δὲ
1486 363 1680 415 παῖδας.
1769 357 1831 426 ἢν
1866 384 1891 414 2

158 446 211 498 δὲ
252 447 422 498 πολλὰ
460 449 662 497 τοιαῦτα
705 446 866 517 ποιῇς,
909 445 1001 512 ὅρα
1044 446 1171 500 ὅκως
1210 444 1278 511 μή
1321 466 1412 498 σευ
1451 443 1831 510 ἀποστήσονται

160 527 372 596 Πέρσαι.
462 529 571 594 ἐμοὶ
611 531 666 581 δὲ
705 528 866 596 πατὴρ
895 526 969 596 <ὁ>
1000 529 1090 584 σὸς
1126 533 1288 597 Κῦρος
1327 528 1620 584 ἐνετέλλετο
1658 532 1831 584 πολλὰ

159 613 375 666 κελεύων
422 635 484 666 σε
531 613 807 667 νουθετέειν
852 615 932 666 καὶ
979 615 1304 667 ὑποτίθεσθαι
1347 615 1376 666 ὅ
1420 636 1468 667 τι
1511 613 1574 667 ἂν
1618 616 1829 682 εὑρίσκω

157 699 361 766 ἀγαθόν.
451 699 478 749 ὁ
511 700 605 764 μὲν
639 697 698 763 δὴ
737 698 934 764 εὐνοίην
970 700 1164 767 φαίνων
1201 698 1542 765 συνεβούλευέ
1577 702 1623 752 οἱ
1658 705 1826 760 ταῦτα,

157 785 183 834 ὁ
224 782 267 835 δ’
297 784 537 849 ἀμείβετο
578 783 780 836 τοισίδε·
829 782 900 835 Σὺ
943 783 1021 836 καὶ
1063 783 1172 850 ἐμοὶ
1212 785 1397 854 τολμᾷς
1439 785 1823 850 συμβουλεύειν,
1860 806 1885 850 3

156 867 209 922 ὃς
239 873 473 936 χρηστῶς
506 870 599 934 μὲν
627 867 719 933 τὴν
752 872 972 920 σεωυτοῦ
1012 869 1225 936 πατρίδα
1261 870 1648 936 ἐπετρόπευσας,
1684 870 1736 922 εῦ
1771 872 1826 922 δὲ

154 957 221 1022 τῷ
262 953 409 1019 πατρὶ
448 957 515 1023 τῷ
558 954 657 1023 ἐμῷ
700 954 1125 1018 συνεβούλευσας,
1170 953 1388 1006 κελεύων
1427 952 1576 1007 αὐτὸν
1606 953 1826 1021 Ἀράξην

153 1037 376 1103 ποταμὸν
396 1036 643 1104 διαβάντα
664 1036 789 1090 ἰέναι
807 1038 891 1091 ἐπὶ
910 1037 1259 1105 Μασσαγέτας
1278 1037 1606 1104 βουλομένων
1625 1039 1826 1092 ἐκείνων

154 1123 433 1188 διαβαίνειν
469 1124 520 1176 ἐς
555 1122 645 1187 τὴν
680 1121 939 1190 ἡμετέρην,
975 1124 1052 1175 καὶ
1092 1122 1191 1176 ἀπὸ
1230 1125 1322 1189 μὲν
1364 1122 1585 1175 σεωυτὸν
1626 1123 1825 1178 ὤλεσας

152 1210 240 1271 τῆς
287 1211 509 1260 σεωυτοῦ
554 1207 790 1275 πατρίδος
837 1212 995 1261 κακῶς
1041 1206 1280 1275 προστάς,
1335 1207 1433 1260 ἀπὸ
1485 1210 1539 1260 δὲ
1586 1206 1823 1276 [ὤλεσας]

154 1294 318 1358 Κῦρον
339 1291 635 1358 πειθόμενόν
666 1313 766 1343 σοι·
813 1291 928 1344 ἀλλ’
952 1292 1058 1344 οὔτι
1087 1293 1292 1360 χαίρων,
1321 1293 1435 1345 ἐπεί
1458 1313 1536 1344 τοι
1561 1293 1639 1344 καὶ
1665 1292 1823 1345 πάλαι

151 1376 203 1430 ἐς
234 1378 295 1428 σὲ
319 1375 603 1444 προφάσιός
631 1397 715 1429 τευ
739 1377 947 1441 ἐδεόμην
979 1375 1334 1443 ἐπιλαβέσθαι.
1410 1381 1565 1428 ταῦτα
1595 1379 1649 1430 δὲ
1681 1379 1822 1432 ε’ίπας

151 1458 409 1526 ἐλάμβανε
429 1462 492 1513 τὰ
521 1458 643 1526 τόξα
673 1461 739 1515 ὡς
770 1459 1147 1527 κατατοξεύσων
1177 1461 1343 1521 αὐτόν,
1371 1465 1589 1528 Κροῖσος
1620 1464 1674 1514 δὲ
1702 1462 1822 1514 ἇνα-

150 1545 348 1611 δραμὼν
378 1542 489 1598 ἔθεε
515 1541 629 1609 ἔξω·
666 1547 693 1597 ὁ
723 1548 778 1598 δὲ
802 1546 965 1599 ἐπείτε
994 1544 1228 1611 τοξεῦσαι
1258 1545 1344 1598 οὐκ
1377 1546 1500 1614 εἶχε,
1537 1546 1822 1599 ἐνετείλατο

148 1633 284 1681 τοῖσι
306 1628 579 1698 θεράπουσι
599 1631 857 1696 λαβόντας
885 1652 970 1696 μιν
993 1631 1298 1684 ἀποκτεῖναι.
1373 1633 1420 1683 οἱ
1445 1632 1499 1683 δὲ
1521 1629 1820 1698 θεράποντες

149 1712 473 1780 ἐπιστάμενοι
507 1714 595 1767 τὸν
628 1715 813 1783 τρόπον
852 1715 1000 1768 αὐτοῦ
1042 1715 1440 1782 κατακρύπτουσι
1478 1719 1565 1767 τὸν
1598 1718 1820 1782 Κροῖσον

148 1797 230 1851 ἐπὶ
265 1802 390 1870 τῷδε
423 1803 490 1869 τῷ
526 1798 663 1870 λόγῳ
700 1799 848 1859 ὥστε,
882 1801 926 1852 εἰ
962 1801 1056 1866 μὲν
1093 1798 1420 1872 μεταμελήσῃ
1455 1804 1523 1870 τῷ
1563 1800 1818 1873 Καμβύσῃ

149 1883 228 1935 καὶ
274 1884 478 1957 ἐπιζητῇ
523 1888 611 1936 τὸν
658 1887 896 1951 Κροῖσον,
943 1886 989 1936 οἱ
1033 1886 1087 1937 δὲ
1135 1882 1441 1951 ἐκφήναντες
1488 1884 1636 1936 αὐτὸν
1685 1889 1819 1951 δῶρα

145 1957 439 2036 λάμψονται
479 1966 694 2036 ζωάγρια
736 1969 973 2035 Κροίσου,
1013 1964 1074 2033 ἢν
1113 1971 1167 2021 δὲ
1205 1969 1274 2035 μὴ
1314 1968 1654 2035 μεταμέληται
1692 1972 1817 2034 μηδὲ

146 2053 274 2124 ποθῇ
303 2073 404 2118 μιν,
437 2053 551 2106 τότε
585 2055 944 2121 καταχρᾶσθαι.
1034 2052 1256 2118 ἐπόθησέ
1292 2075 1347 2106 τε
1383 2053 1441 2118 δὴ
1475 2055 1501 2104 ὁ
1533 2054 1816 2119 Καμβύσης

145 2135 233 2189 τὸν
278 2140 498 2205 Κροῖσον
541 2137 599 2189 οὗ
642 2143 817 2208 πολλῷ
861 2137 1127 2203 μετέπειτα
1170 2139 1336 2208 χρόνῳ
1376 2139 1604 2205 ὕστερον,
1649 2140 1728 2190 καὶ
1768 2141 1816 2191 οἱ

145 2219 446 2288 θεράποντες
473 2223 718 2288 μαθόντες
748 2227 893 2274 τοῦτο
923 2221 1301 2291 ἐπηγγέλλοντο
1337 2222 1467 2293 αὐτῷ
1505 2222 1570 2278 ὡς
1605 2223 1812 2290 περιείη.

146 2306 427 2372 Καμβύσης
458 2309 511 2359 δὲ
543 2308 744 2377 Κροίσῳ
784 2309 876 2373 μὲν
913 2306 1220 2373 συνήδεσθαι
1255 2307 1355 2376 ἔφη
1387 2307 1652 2375 περιεόντι,
1685 2309 1812 2361 ἐκεί-

201 2456 219 2483 1
252 2444 470 2515 προμηθείη
490 2445 524 2485 C
538 2445 573 2485 P
701 2443 752 2486 σὲ
775 2445 815 2484 R
952 2448 1103 2488 ἑωυτοῦ
1127 2446 1166 2486 R
1184 2445 1214 2486 S
1228 2446 1268 2486 V
1452 2459 1476 2484 2
1507 2444 1590 2497 ἐπ’]
1613 2446 1699 2487 ἐπεὶ
1722 2445 1761 2484 R
1776 2445 1814 2485 V

142 2512 168 2549 3
197 2515 336 2553 ποιεῃς
356 2501 390 2540 C
404 2500 439 2540 P
548 2513 574 2550 4
604 2503 626 2542 ὁ
645 2499 743 2540 add.
766 2500 937 2540 Bekker
1049 2502 1284 2543 ἐνετείλατο
1308 2501 1347 2539 R
1362 2500 1393 2541 S
1406 2501 1444 2540 V
1555 2512 1580 2550 5
1610 2504 1813 2542 νουθετεῖν

143 2571 191 2594 σε
214 2553 253 2592 R
268 2554 350 2594 SV
531 2557 559 2594 6
587 2557 744 2597 εὔνοιαν
765 2555 799 2594 L
912 2555 1218 2604 συνεβούλευσέ
1237 2556 1276 2595 R
1292 2556 1322 2595 S
1338 2555 1376 2594 V
1562 2568 1584 2605 7
1614 2559 1756 2597 τοῖσδε
1780 2557 1812 2595 L

141 2610 168 2647 8
196 2610 248 2650 ὡς
270 2609 357 2649 PR
373 2609 455 2649 SV
565 2609 767 2653 ἑωυτοῦβ
791 2612 897 2659 (non
921 2610 981 2662 R)
1119 2625 1147 2662 9
1176 2610 1250 2663 ’μῶ
1272 2612 1311 2650 R
1331 2625 1340 2650 ε
1369 2615 1430 2662 μῶ
1450 2611 1488 2650 V
1590 2609 1759 2664 Ἀράξεα
1779 2612 1811 2649 S

147 2677 194 2702 12
222 2666 298 2713 τῆς
310 2694 318 2703 .
336 2696 346 2705 .
364 2695 373 2704 .
389 2667 548 2708 ὤλεσας
566 2665 664 2719 (hoc
681 2665 762 2705 del.
784 2665 999 2716 Krueger)
1016 2678 1099 2706 om.
1116 2667 1157 2705 R
1270 2669 1444 2708 σεάυτοῦ
1463 2668 1510 2716 (cr
1527 2665 1752 2716 incertum)
1775 2667 1810 2705 C

145 2731 194 2768 13
223 2720 352 2773 χαίρω
374 2719 456 2759 SV
651 2733 700 2769 14
729 2720 821 2772 τευ]
844 2738 891 2762 τε
913 2721 947 2760 C
962 2722 1013 2773 (3)
1038 2720 1078 2759 R
1093 2721 1177 2761 SV
1316 2724 1484 2770 ἐπιλαβ.
1506 2724 1637 2762 ταῦτα
1657 2719 1703 2761 δὲ
1722 2733 1805 2760 om.

140 2774 179 2812 A
193 2773 228 2813 B
241 2774 276 2814 C
419 2786 468 2826 15
498 2775 756 2827 ἐπελάμβανε
780 2776 819 2814 R
837 2776 866 2816 S
878 2775 916 2813 V
1026 2777 1074 2817 τὸ
1094 2775 1214 2829 τόξον
1233 2774 1273 2815 Α
1287 2775 1322 2815 Β
1339 2776 1373 2816 C
1389 2776 1424 2815 P
1570 2788 1616 2825 17
1649 2774 1807 2827 λαμβά-

140 2845 282 2871 νοντας
303 2829 336 2868 C
352 2830 385 2868 P
515 2843 564 2882 19
591 2830 668 2883 μὲν
686 2843 767 2871 om.
793 2831 831 2870 R
849 2832 878 2871 S
891 2832 930 2869 V
1039 2831 1317 2882 μεταμελήσει
1340 2831 1374 2870 Ρ
1387 2830 1427 2869 R
1443 2830 1472 2870 S
1485 2830 1524 2869 V
1648 2843 1703 2870 20
1727 2833 1808 2871 ἐπι·

140 2882 307 2934 ζητήσει
339 2884 378 2923 R
393 2885 424 2925 S
441 2885 480 2924 V
631 2887 754 2928 αὐτὸν
783 2899 865 2926 om.
901 2886 941 2925 R
956 2886 986 2926 S
998 2885 1035 2923 V
1218 2899 1267 2925 21
1310 2886 1510 2937 λήψονται
1541 2885 1581 2924 R
1596 2885 1626 2925 S
1639 2885 1677 2924 V
1689 2883 1738 2925 Ρ1
1754 2887 1805 2937 (3)

136 2937 241 2988 μηδὲ
261 2940 380 2994 ποθῇ]
402 2938 607 2991 μηδέποτε
629 2941 670 2980 R
685 2941 766 2980 SV
975 2953 1027 2979 22
1055 2958 1124 2993 μιν
1143 2954 1226 2981 om.
1253 2941 1292 2979 R
1307 2939 1389 2980 S'V
1522 2943 1806 2995 καταχρῆσθαι

136 2992 347 3033 ABCP:
387 2995 637 3047 -χρήσασθαι
668 2995 709 3035 R
731 2995 762 3036 S
783 2996 821 3034 V
998 3009 1050 3045 24
1096 2996 1332 3049 ἐπήγγελον
1361 2997 1409 3036 τὸ
1439 2997 1538 3037 αὐτὸ
1568 2995 1634 3035 V:
1679 2994 1803 3047 ἐπήγ·

139 3055 265 3099 γελον
286 3049 316 3090 S
334 3063 342 3090 ς
374 3050 636 3103 ἐπήγγελλον
657 3053 763 3104 αὐτῷ
785 3050 1170 3101 Schweighaeuser
1336 3062 1388 3101 25
1420 3049 1617 3102 Καμβύση
1641 3049 1731 3088 RV

1857 1651 1877 1697 5
