2098 3320
82 106 168 157 IV·
197 118 265 169 97

189 2443 265 2491 99

925 106 1353 156 ΗΡΟΔΟΤΟΎ

307 235 668 304 στρατεύεσθαι
711 239 799 302 τῆς
842 237 956 292 οὔτε
994 236 1300 305 ἀρηρομένον
1345 235 1626 312 φανήσεται
1669 238 1813 291 οὐδὲν
1855 239 1970 294 οὔτε

305 323 454 375 πόλις
498 320 770 387 οἰκεομένη·
826 322 892 373 σύ
930 343 1018 375 νυν
1059 322 1283 390 γέφυραν
1325 322 1508 388 ταύτην
1548 323 1606 374 ἔα
1646 325 1767 375 κατὰ
1799 323 1970 392 χώρην

307 405 531 464 ἑστάναι,
559 406 810 472 φυλάκους
840 407 989 472 αὐτῆς
1018 406 1181 459 λιπὼν
1203 407 1405 461 τούτους
1435 409 1487 459 οἵ
1512 429 1605 474 περ
1635 429 1719 473 μιν
1750 407 1966 473 ἔζευξαν.

309 491 387 542 καὶ
418 489 479 554 ἥν
508 511 561 542 τε
595 492 716 542 κατὰ
739 491 856 543 νόον
880 489 1144 558 πρήξωμεν
1168 492 1392 558 εὑρόντες
1423 491 1629 551 Σκύθας,
1653 492 1762 544 ἔστι
1786 491 1970 547 ἄποδος

306 575 440 640 ἡμῖν,
483 574 543 639 ἤν
583 596 638 626 τε
680 574 757 626 καὶ
797 573 864 640 μή
908 582 1073 643 σφεας
1113 576 1271 643 εὑρεῖν
1311 576 1581 641 δυνώμεθα,
1621 576 1654 641 ἥ
1694 598 1753 644 γε
1786 575 1971 632 ἄποδος
1994 599 2017 640 5

308 660 425 724 ἡμῖν
472 658 728 726 ἀσφαλής·
793 659 849 710 οὐ
899 661 995 727 γὰρ
1046 658 1217 712 ἔδεισά
1265 681 1332 712 κω
1379 659 1446 726 μὴ
1495 659 1827 726 ἑσσωθέωμεν
1873 661 1970 714 ὑπὸ

309 742 537 795 Σκυθέων
566 742 719 815 μάχῃ,
755 744 888 795 ἀλλὰ
917 747 1117 809 μᾶλλον
1144 743 1210 809 μὴ
1242 744 1299 796 οὗ
1329 743 1594 810 δυνάμενοί
1618 751 1782 811 σφεας
1812 745 1971 813 εὑρεῖν

308 826 543 892 πάθωμέν
588 849 635 879 τι
680 828 945 893 ἀλώμενοι.
1036 829 1115 881 καὶ
1159 827 1277 880 τάδε
1314 828 1486 895 λέγειν
1527 830 1651 896 φαίη
1692 849 1766 882 τις
1809 827 1871 882 ἄν
1908 851 1971 895 με

307 914 552 977 ἐμεωυτοῦ
597 913 800 971 εἵνεκεν,
844 912 910 967 ὣς
955 911 1227 978 καταμένω·
1275 913 1373 979 ἐγὼ
1413 916 1468 965 δὲ
1506 911 1707 980 γνώμην
1745 904 1838 979 μὲν
1879 913 1970 978 τὴν

307 996 538 1063 εὕρισκον
570 997 781 1062 ἀρίστην
805 998 906 1056 σοί,
939 1002 1176 1062 βασιλεῦ,
1198 998 1249 1051 ἐς
1270 996 1429 1062 μέσον
1453 996 1606 1065 φέρω,
1632 996 1779 1051 αὐτὸς
1800 996 1970 1063 μέντοι
1998 1017 2048 1046 10

307 1081 500 1147 ἕψομαί
525 1102 603 1132 τοι
635 1082 714 1133 καὶ
745 1080 831 1132 οὐκ
861 1079 922 1133 ἂν
945 1083 1226 1148 λειφθείην.
1303 1081 1456 1148 κάρτα
1478 1102 1533 1134 τε
1554 1082 1688 1147 ἥσθη
1712 1089 1773 1155 τῇ
1796 1082 1967 1154 γνώμῃ

308 1170 520 1232 Δαρεῖος
551 1166 636 1217 καί
657 1186 742 1230 μιν
773 1166 1025 1232 ἀμείψατο
1056 1166 1261 1218 τοισίδε·
1310 1168 1459 1220 Ξεῖνε
1482 1166 1693 1231 Λέσβιε,
1720 1165 1971 1220 σωθέντος

306 1252 422 1316 ἐμεῦ
455 1251 618 1302 ὀπίσω
661 1252 711 1304 ἐς
750 1250 886 1302 οἶκον
924 1249 1011 1302 τὸν
1051 1249 1171 1315 ἐμὸν
1213 1249 1488 1318 ἐπιφάνηθί
1529 1271 1610 1320 μοι
1644 1249 1857 1310 πάντως,
1889 1235 2098 1313 ἵναωζε

307 1356 370 1386 σε
401 1335 508 1386 ἀντὶ
538 1336 763 1402 χρηστῆς
791 1335 1104 1400 συμβουλίης
1134 1340 1405 1404 χρηστοῖσι
1441 1335 1633 1403 ἔργοισι
1663 1336 1968 1403 ἀμείψωμαι.

305 1423 459 1471 ταῦτα
483 1420 625 1473 εἴπας
650 1420 729 1471 καὶ
752 1418 961 1486 ἀπάψας
984 1418 1185 1484 ἅμματα
1207 1417 1446 1484 ἑξήκοντα
1471 1422 1524 1471 ἐν
1549 1418 1728 1484 ἱμάντι,
1753 1418 1971 1474 καλέσας
1998 1437 2044 1479 15

306 1505 358 1558 ἐς
379 1504 562 1571 λόγους
584 1503 697 1557 τοὺς
722 1502 904 1556 Ἰώνων
926 1502 1192 1570 τυράννους
1215 1503 1361 1571 ἔλεγε
1383 1503 1517 1556 τάδε·
1554 1502 1763 1571 Ἀνδρες
1780 1502 1968 1565 Ἴωνες,

304 1588 334 1654 ἡ
357 1590 448 1654 μὲν
468 1589 708 1656 πρότερον
731 1588 900 1656 γνώμη
927 1588 1267 1657 ἀποδεχθεῖσα
1290 1589 1341 1642 ἐς
1363 1587 1454 1652 τὴν
1476 1587 1700 1656 γέφυραν
1721 1585 1970 1654 μετείσθω

304 1694 405 1739 μοι,
439 1671 640 1740 ἔχοντες
677 1674 730 1725 δὲ
765 1671 852 1725 τὸν
888 1671 1067 1737 ἱμάντα
1106 1673 1251 1724 τόνδε
1291 1671 1483 1725 ποιέετε
1517 1671 1650 1725 τάδε·
1695 1674 1847 1724 ἐπεὰν
1884 1674 1970 1738 ἐμὲ

304 1758 442 1822 ἴδητε
472 1755 691 1826 τάχιστα
731 1757 1063 1824 πορευόμενον
1100 1757 1182 1809 ἐπὶ
1219 1756 1426 1816 Σκύθας,
1467 1756 1565 1808 ἀπὸ
1601 1756 1778 1808 τούτου
1817 1755 1966 1823 ἀρξά-

303 1862 444 1907 μενοι
472 1846 560 1893 τοῦ
589 1842 773 1909 χρόνου
801 1842 947 1894 λύετε
983 1840 1119 1907 ἅμμα
1154 1840 1208 1893 ἓν
1238 1840 1450 1906 ἑκάστης
1485 1840 1683 1908 ἡμέρης·
1729 1836 1790 1905 ἢν
1827 1843 1882 1893 δὲ
1917 1842 1970 1893 ἐν
1995 1858 2045 1885 20

304 1926 460 1996 τούτῳ
493 1926 560 1997 τῷ
586 1927 750 1996 χρόνῳ
783 1925 850 1991 μὴ
881 1924 1046 1992 παρέω
1079 1927 1212 1977 ἀλλὰ
1243 1924 1537 1990 διεξέλθωσι
1568 1927 1683 1991 ὑμῖν
1713 1927 1763 1977 αἱ
1792 1923 1968 1991 ἡμέραι

303 2015 403 2063 τῶν
444 2010 697 2076 ἁμμάτων,
737 2009 1020 2063 ἀποπλέετε
1059 2010 1111 2065 ἐς
1150 2009 1239 2074 τὴν
1277 2008 1517 2076 ὑμετέρην
1555 2009 1730 2061 αὐτῶν.
1819 2008 1968 2077 μέχρι

304 2097 358 2147 δὲ
398 2095 590 2154 τούτου,
631 2094 795 2147 ε’πείτε
833 2095 958 2146 οὕτω
994 2092 1243 2160 μετέδοξε,
1278 2092 1574 2161 φυλάσσετε
1614 2093 1704 2158 τὴν
1740 2093 1964 2161 σχεδίην,

304 2182 476 2231 πᾶσαν
520 2180 794 2246 προθυμίην
843 2180 1091 2246 σωτηρίης
1131 2200 1187 2249 τε
1227 2178 1306 2230 καὶ
1348 2181 1576 2246 φυλακῆς
1616 2177 1964 2245 παρεχόμενοι.

303 2268 458 2315 ταῦτα
489 2267 542 2315 δὲ
572 2267 826 2317 ποιεῦντες
857 2263 965 2328 ἐμοὶ
995 2262 1228 2330 μεγάλως
1258 2266 1533 2331 χαριεῖσθε.
1624 2266 1836 2328 Δαρεῖος
1874 2263 1966 2327 μὲν
1991 2277 2038 2319 25

302 2352 455 2399 ταῦτα
485 2349 626 2401 εἴπας
657 2347 708 2401 ἐς
736 2347 794 2399 τὸ
823 2348 996 2414 πρόσω
1026 2346 1275 2414 ἠπείγετο.

384 2435 489 2497 Τῆς
519 2434 573 2484 δὲ
597 2434 837 2497 Σκυθικῆς
859 2435 952 2499 γῆς
974 2431 1004 2497 ἡ
1031 2432 1223 2499 Θρηίκη
1248 2434 1303 2482 τὸ
1328 2430 1379 2485 ἐς
1402 2429 1672 2483 θάλασσαν
1694 2429 1963 2499 πρόξειται.
1986 2429 2098 2502 bvj*

362 2583 379 2608 1
414 2572 575 2623 ἄρηρομ.
606 2569 666 2609 A2
681 2570 772 2609 Pm:
808 2572 973 2625 ἆρηρημ.
1007 2570 1110 2611 SV:
1142 2571 1301 2621 ἆρηρεμ.
1335 2567 1425 2608 rell.
1650 2580 1676 2617 4
1697 2571 1740 2605 et
1759 2578 1784 2615 5
1815 2567 1963 2618 ἄφοδος

306 2624 345 2663 R
360 2625 443 2665 SV
607 2637 632 2675 5
662 2626 887 2676 δυνεώμεθα
905 2625 993 2664 ΑΒ
1010 2625 1043 2664 C
1210 2625 1237 2663 8
1264 2623 1325 2675 τι]
1347 2640 1411 2664 τοι
1432 2621 1518 2661 AC
1673 2634 1702 2671 9
1729 2631 1963 2671 καταμενεω

305 2680 344 2718 R
359 2680 389 2719 S
403 2680 442 2719 V
610 2693 658 2720 10
687 2682 806 2732 φήσω
826 2681 864 2718 Α
879 2680 914 2718 Β
930 2680 963 2718 C
1134 2691 1181 2717 12
1208 2682 1229 2719 ὁ
1250 2686 1347 2728 Δαρ.
1373 2677 1407 2716 C
1516 2678 1649 2728 ἥψατο
1671 2675 1704 2714 C
1725 2690 1734 2715 :
1762 2675 1963 2727 ἠμείψατο

302 2735 392 2774 rell.
559 2738 667 2776 τοῖσι
688 2734 733 2776 δὲ
754 2735 788 2773 C
807 2749 815 2773 :
844 2738 985 2776 τοῖσδε
1005 2734 1095 2774 rell,
1286 2745 1335 2782 13
1366 2731 1584 2783 ἐπιφάνητί
1602 2730 1668 2780 μοι
1687 2729 1727 2768 Α
1741 2730 1776 2769 Β
1794 2744 1804 2769 :
1835 2729 1962 2782 ἐφάνη

301 2790 368 2830 τοί
380 2806 449 2840 μιν
466 2789 499 2828 C
615 2803 662 2840 14
683 2790 897 2842 ἀμείψομαι
913 2790 947 2829 C
963 2790 1003 2828 R
1017 2789 1047 2828 S
1061 2789 1101 2828 V
1215 2799 1264 2837 15
1286 2790 1415 2827 ταῦτα
1430 2786 1475 2827 δὲ
1488 2785 1529 2824 Α
1541 2786 1576 2824 Β
1590 2785 1624 2826 C
1727 2787 1777 2824 16
1797 2783 1960 2834 Ἰώνων]

294 2845 436 2886 Ἴωνας
458 2843 594 2883 RSV
774 2845 822 2883 18
849 2861 900 2895 με
923 2843 1106 2883 PRSV
1289 2855 1342 2881 20
1371 2840 1512 2891 ἅμαΗ
1643 2842 1686 2882 ἐν
1715 2838 1960 2879 om.ABC

301 2911 350 2936 21
383 2898 571 2940 διέλθωσι
591 2898 630 2937 Α
644 2898 680 2936 Β
699 2898 732 2937 C
926 2912 978 2938 22
1008 2897 1226 2950 ἂμμάντων
1247 2896 1286 2934 R
1306 2910 1315 2935 τ
1343 2894 1506 2946 ἁμάτων
1523 2895 1563 2934 V
1752 2906 1803 2942 24
1834 2891 1961 2946 (πέρι)

299 2953 571 3006 παρεχόμενοι
594 2953 714 2993 Stein
867 2964 920 3003 25
950 2955 998 3002 δὴ
1020 2953 1054 2992 C
1165 2951 1370 2993 ποιέοντες
1390 2949 1430 2989 Α
1444 2949 1478 2989 Β
1495 2949 1528 2989 C
1685 2948 1740 2987 26
1770 2947 1958 3002 ἐπείγετο

302 3006 438 3046 ABC
605 3021 657 3059 27
689 3008 840 3059 Θρηκίη
863 3008 998 3048 RSV
1155 3021 1173 3032 ·
