2098 3320
759 171 1133 219 ΙΣΤΟΡΙΩΝ
1194 171 1232 218 Γ
1879 173 1969 220 ΙΙΙ.
1998 186 2058 233 41

171 306 222 360 ἐς
261 303 318 356 τὸ
358 295 594 371 πέλαγος·
642 303 707 356 ὡς
742 305 796 354 δὲ
831 302 930 355 ἀπὸ
970 306 1057 368 τῆς
1096 301 1255 368 νήσου
1287 304 1401 357 ἑκὰς
1441 300 1660 370 ἐγένετο,
1699 323 1833 368 περι-

171 390 408 455 ελόμενος
454 387 544 453 τὴν
590 391 848 455 σφρηγῖδα
892 387 1092 440 πάντων
1139 388 1369 455 ὁρώντων
1412 391 1513 439 τῶν
1561 387 1836 453 συμπλόων

168 475 330 542 ῥίπτει
361 475 412 527 ἐς
441 472 497 524 τὸ
533 470 769 540 πέλαγος.
858 477 1002 524 τοῦτο
1038 474 1092 525 δὲ
1128 471 1346 538 ποιήσας
1382 470 1620 532 ἀπέπλεε,
1660 471 1833 524 ἀπικό-
1872 505 2098 552 ΜΝ

169 579 317 625 μενος
347 559 400 610 δὲ
432 558 482 612 ἐς
511 557 572 608 τὰ
608 557 739 609 οἰκία
776 559 1249 631 συμφορῇ-ἐχρᾶτο.
1337 556 1537 629 πέμπτῃ
1569 559 1623 610 δὲ
1656 552 1686 620 ἢ
1719 528 1942 628 ἕκτῃθ42
1966 560 2031 603 ui·
2050 574 2098 604 ω

124 668 145 707 5
168 642 323 715 ἡμέρῃ
355 641 453 695 ἀπὸ
482 641 670 694 τούτων
699 640 815 695 τάδε
847 645 892 695 οἱ
925 641 1183 707 συνήνεικε
1214 641 1468 710 γενέσθαι·
1515 640 1639 709 ἀνὴρ
1668 641 1837 695 ἁλιεὺς
1995 647 1999 652 ’

167 728 348 794 λαβὼν
396 726 539 796 ἰχθὺν
585 725 744 794 μέγαν
788 748 841 779 τε
889 727 968 779 καὶ
1015 726 1169 780 καλὸν
1211 726 1350 792 ἠξίου
1392 748 1477 793 μιν
1522 719 1838 794 Πολυκράτεϊ

169 816 326 879 δῶρον
367 814 585 876 δοθῆναι·
634 810 805 879 φέρων
845 811 903 876 δὴ
945 811 1028 864 ἐπὶ
1067 814 1156 866 τὰς
1192 811 1341 880 θύρας
1381 810 1697 879 Πολυκράτεϊ
1735 810 1834 879 ἔφη

169 895 364 949 ἐθέλειν
409 898 576 949 ἐλθεῖν
620 898 671 951 ἐς
715 899 856 964 ὄψιν,
903 896 1231 965 χωρήσαντος
1274 895 1331 949 δέ
1377 899 1423 949 οἱ
1469 897 1645 949 τούτου
1689 895 1835 964 ἔλεγε

170 980 332 1035 διδοὺς
372 980 456 1034 τὸν
499 981 659 1050 ἰχθύν·
712 980 786 1033 Ω
825 987 1063 1048 βασιλεῦ,
1102 982 1201 1050 ἐγὼ
1241 982 1384 1035 τόνδε
1427 982 1559 1034 ἑλὼν
1604 981 1691 1033 οὐκ
1735 982 1831 1033 ἐὸι-
1871 1001 1895 1032 2

102 1090 148 1118 ιο
170 1067 362 1119 καίωσα
403 1065 576 1134 φέρειν
612 1067 663 1120 ἐς
700 1065 901 1135 ἀγορήν,
943 1068 1116 1134 καίπερ
1157 1088 1217 1134 γε
1258 1067 1352 1118 ἐὼν
1396 1066 2098 1172 ἀποχειροβίοτος,φοινόν)’κικιριηωι

170 1150 305 1204 ἀλλά
333 1172 419 1217 μοι
449 1151 616 1204 ἐδόκεε
646 1156 737 1204 σεῦ
765 1173 819 1204 τε
850 1151 976 1204 εἶναι
1006 1148 1144 1216 ἄξιος
1176 1150 1254 1204 καὶ
1283 1154 1372 1216 τῆς
1403 1154 1497 1216 σῆς
1527 1152 1701 1220 ἀρχῆς·
1749 1151 1835 1203 σοὶ

168 1234 228 1301 δή
257 1257 343 1302 μιν
374 1234 544 1304 φέρων
574 1237 763 1302 δίδωμι.
852 1238 879 1287 6
917 1238 970 1289 δὲ
1004 1236 1178 1301 ἡσθεὶς
1213 1240 1348 1288 τοῖσι
1386 1236 1534 1289 ἔπεσι
1570 1236 1835 1302 ἀμείβεται

166 1321 371 1373 τοισίὸε·
436 1319 607 1388 Κάρτα
650 1342 704 1374 τε
748 1320 801 1373 εὖ
847 1321 1086 1386 ἐποίησας
1130 1322 1210 1374 καὶ
1253 1320 1398 1391 χάρις
1440 1320 1592 1386 διπλῆ
1637 1325 1735 1373 τῶν
1780 1341 1836 1374 τε

166 1406 336 1473 λόγων
367 1406 448 1459 καὶ
477 1410 563 1458 τοῦ
593 1405 763 1473 δώρου·
812 1407 895 1458 καί
921 1427 984 1458 σε
1013 1405 1095 1458 ἐπὶ
1124 1409 1325 1459 δεῖπνον
1358 1404 1617 1471 καλέομεν.
1693 1407 1720 1457 ὁ
1742 1408 1836 1471 μὲν
1872 1426 1896 1468 3

99 1513 142 1554 15
167 1489 226 1555 δὴ
268 1490 438 1545 ἁλιεὺς
476 1488 607 1557 μέγα
645 1490 933 1556 ποιεύμενος
973 1495 1128 1543 ταῦτα
1170 1489 1253 1556 ἤιε
1285 1492 1335 1544 ἐς
1375 1492 1437 1543 τὰ
1474 1492 1619 1550 οἰκία,
1653 1490 1740 1543 τὸν
1780 1491 1833 1543 δὲ

169 1575 313 1644 ἰχθὺν
361 1573 631 1641 τάμνοντες
681 1577 728 1628 οἱ
781 1574 1080 1642 θεράποντες
1141 1577 1427 1643 εὑρίσκουσι
1477 1578 1531 1627 ἐν
1581 1576 1641 1648 τῇ
1692 1575 1836 1640 νηδύι

167 1659 317 1712 αὐτοῦ
352 1661 592 1712 ἐνεοῦσαν
628 1659 719 1725 τὴν
755 1659 1107 1727 Πολυκράτεος
1144 1663 1417 1728 σφρηγῖδα.
1507 1659 1572 1714 ὦς
1607 1662 1661 1712 δὲ
1700 1659 1834 1713 εἶδόν
1868 1682 1894 1723 4

165 1765 219 1797 τε
271 1744 349 1796 καὶ
401 1745 595 1811 ἔλαβον
644 1743 877 1814 τάχιστα,
932 1744 1116 1813 ἔφερον
1176 1745 1504 1814 κεχαρηκότες
1562 1745 1695 1812 παρὰ
1747 1749 1834 1797 τὸν

168 1828 510 1896 Πολυκράτεα,
561 1830 781 1884 διδόντες
832 1829 887 1882 δέ
939 1832 985 1882 οἱ
1036 1829 1128 1894 τὴν
1179 1834 1438 1898 σφρηγῖδα
1484 1829 1662 1898 ἔλεγον
1708 1830 1832 1900 ὅτεῳ

96 1938 145 1967 20
166 1914 330 1984 τρόπῳ
364 1912 554 1981 εὑρέθη.
641 1914 727 1967 τὸν
763 1916 817 1966 δὲ
858 1914 924 1969 ὡς
959 1916 1147 1979 ἐσῆλθε
1184 1918 1319 1967 θεῖον
1356 1915 1484 1968 εἶναι
1522 1914 1579 1967 τὸ
1609 1917 1829 1983 πρῆγμα,

166 1997 352 2066 γράφει
398 2001 450 2052 ἐς
495 1999 719 2065 βυβλίον
767 1998 930 2052 πάντα
979 2001 1041 2051 τὰ
1087 1998 1371 2064 ποιήσαντά
1417 2021 1502 2065 μιν
1553 2000 1633 2052 οἷα
1682 2021 1828 2051 κατα-

165 2082 441 2149 λελάβηκε,
476 2082 677 2151 γράψας
709 2086 762 2136 δὲ
792 2085 842 2137 ἐς
873 2085 1127 2151 Αἴγυπτον
1159 2083 1384 2149 ἐπέθηκε.
1474 2082 1831 2150 ἐπιλεξάμενος
1870 2096 1937 2145 43

165 2169 219 2220 δὲ
250 2168 278 2218 6
299 2166 522 2234 Ἀμασις
557 2167 614 2220 τὸ
653 2169 880 2234 βυβλίον
917 2167 974 2221 τὸ
1016 2170 1149 2235 παρὰ
1177 2165 1272 2220 τοῦ
1314 2167 1662 2237 Πολυκράτεος
1692 2169 1829 2234 ἧκον,

166 2251 317 2316 ἔμαθε
361 2253 438 2304 ὅτι
482 2253 743 2318 ἐκκομίσαι
785 2274 839 2305 τε
880 2253 1122 2305 ἀδύνατον
1167 2255 1240 2318 εἵη
1288 2254 1530 2324 ἀνθρώπῳ
1571 2252 1833 2320 ἄνθρωπον

95 2361 141 2401 {5
166 2337 220 2388 ἐκ
251 2341 338 2388 τοῦ
366 2335 644 2402 μέλλοντος
673 2339 904 2405 γίνεσθαι
926 2336 1213 2405 πρήγματος
1244 2339 1325 2391 καὶ
1355 2339 1431 2390 ὅτι
1461 2338 1547 2390 οὐκ
1578 2338 1631 2390 εὖ
1661 2344 1829 2390 τελευ-

164 2419 339 2486 τήσειν
389 2420 571 2487 μέλλοι
625 2421 954 2490 Πολυκράτης
1002 2421 1248 2491 εὐτυχέων
1300 2425 1362 2475 τὰ
1413 2421 1592 2482 πάντα,
1647 2421 1701 2476 ὃς
1754 2423 1833 2474 καὶ

164 2506 225 2556 τὰ
265 2504 553 2572 ἀποβάλλει
594 2508 827 2574 εὑρίσκει.
915 2506 1122 2574 πέμψας
1164 2506 1218 2560 δέ
1258 2509 1305 2560 οἱ
1346 2505 1529 2576 κήρυκα
1568 2509 1619 2561 ἐς
1664 2506 1833 2573 Σάμον

1866 2529 1891 2560 10

217 2657 242 2683 2
274 2645 478 2700 σφραγίδα
500 2646 540 2684 R
708 2659 733 2694 3
765 2644 965 2687 ἐπέπλεεν
990 2645 1031 2683 R
1049 2645 1131 2685 SV
1297 2660 1322 2696 4
1354 2649 1506 2697 ἐχρῆτο
1531 2647 1565 2685 L
1734 2659 1755 2696 7
1788 2645 1831 2687 δὲ

166 2699 303 2739 RSV
487 2702 513 2739 8
543 2700 833 2742 oe'aewRSV
1021 2713 1071 2739 10
1099 2717 1149 2753 γε
1171 2700 1466 2740 om.ABC·P
1576 2701 1829 2752 awRVOE)

163 2754 330 2802 -βίωτος
351 2755 384 2795 Ρ
499 2767 543 2794 11
577 2756 692 2797 ἐδόκε
715 2755 806 2794 RV
921 2768 968 2793 12
999 2755 1160 2797 ἔπαισιν
1181 2755 1222 2795 R
1338 2769 1386 2806 13
1409 2759 1547 2797 τοῖσδε
1570 2756 1607 2794 Α
1623 2756 1657 2794 Β
1673 2756 1707 2795 C
1722 2755 1755 2794 P
1770 2756 1800 2795 S
1821 2770 1831 2795 :

163 2809 299 2851 τοιάδε
321 2810 412 2848 RV
522 2810 669 2860 διπλέη
694 2811 726 2850 L
878 2822 926 2859 14
959 2812 1023 2851 ἐπὶ
1044 2813 1206 2852 δεῖπνον
1226 2826 1274 2852 σε
1297 2810 1336 2848 R
1353 2811 1382 2849 S
1396 2810 1434 2848 V
1589 2823 1638 2862 15
1666 2810 1833 2864 μεγάλα

166 2863 204 2902 R
220 2864 252 2904 S
265 2864 303 2902 V
463 2877 511 2914 17
542 2865 776 2919 Πολυκράτε
799 2865 839 2904 R
997 2866 1046 2904 18
1075 2866 1326 2919 κεχαρηότες
1346 2866 1387 2904 Α
1402 2866 1436 2905 Β
1452 2866 1486 2905 C
1646 2878 1702 2905 20
1730 2866 1831 2907 εἶναι

163 2931 245 2958 om.
268 2919 308 2958 R
322 2920 352 2959 S
365 2919 404 2958 V
541 2933 589 2960 21
622 2921 799 2968 βυβλίον
822 2921 859 2959 R
878 2933 887 2958 :
919 2921 1086 2968 βιβλίον
1106 2921 1195 2960 rell.
1308 2921 1624 2969 καταλελάβηκε
1648 2921 1682 2959 Ρ
1695 2921 1734 2960 R
1749 2920 1831 2960 SV

165 2972 301 3014 Bekk.
323 2974 486 3015 Anecd.
513 2988 614 3025 104:
648 2975 898 3024 -λελαβήκεε
919 2974 1006 3013 ΑΒ
1024 2975 1059 3014 C
1282 2989 1334 3025 23
1365 2981 1489 3024 βυβλ.
1516 2976 1550 3015 Ρ
1564 2976 1653 3016 RV
1671 2990 1680 3015 ε
1709 2981 1828 3024 βιβλ.

162 3027 201 3065 Λ
215 3027 250 3066 Β
265 3029 299 3067 C
315 3029 386 3083 (S)
527 3044 578 3079 24
611 3030 820 3080 ἐκκομίσαι
841 3029 909 3081 τε]
932 3030 1113 3081 -μίσεται
1135 3030 1170 3069 C
1311 3033 1366 3069 26
1393 3030 1541 3082 μέλλοι
1563 3031 1598 3071 C
1619 3043 1790 3082 quoque
