2098 3320
764 141 1146 229 ιΣΤοΡΙΩΝ
1206 180 1250 230 Α
1885 185 2036 247 1.134

125 365 131 372 ,
170 309 446 384 λεγομένῳ]
464 314 550 378 τῆς
570 312 745 380 ἀρετῆς
764 310 1084 380 ἀντέχεσθαι,
1107 311 1220 365 τοὺς
1239 313 1292 364 δὲ
1317 311 1574 365 ἑκαστάτω
1595 312 1847 370 οἰκέοντας

171 397 271 452 ἀπὸ
300 400 494 450 ἑωυτῶν
525 398 788 451 κακίστους
824 396 966 448 εἶναι.
1056 396 1138 449 ἐπὶ
1173 398 1226 449 δὲ
1261 396 1448 463 Μήδων
1480 398 1737 466 ἀρχόντων
1769 400 1846 451 καὶ
1888 418 1913 461 3

170 481 304 551 ἦρχέ
333 484 394 535 τὰ
434 482 581 534 ἔθνεα
620 479 877 547 ἀλλήλων,
919 480 1250 533 συναπάντων
1289 484 1382 547 μὲν
1423 484 1590 547 Μῆδοι
1630 484 1708 536 καὶ
1749 488 1847 536 τῶν

171 566 395 636 ἄγχιστα
431 567 695 619 οἰκεόντων
727 568 899 634 σφίσι,
932 565 1064 622 οὗτοι
1103 569 1154 618 δὲ
1192 566 1272 618 καὶ
1308 570 1406 617 τῶν
1437 567 1676 633 ὁμούρων,
1711 569 1756 620 οἰ
1793 571 1846 620 δὲ

122 672 145 713 5
168 650 307 721 μάλα
328 656 427 704 τῶν
450 650 719 720 ἐχομένων.
789 651 912 702 κατὰ
933 649 1020 702 τὸν
1043 648 1192 703 αὐτὸν
1216 651 1269 702 δὲ
1292 651 1449 717 λόγον
1474 652 1554 702 καὶ
1577 653 1622 702 οἱ
1649 655 1694 702 Π
1703 651 1846 719 έρσαι
1854 671 1936 725 g
1953 663 2083 698 Wiw

168 741 365 803 τιμῶσι·
407 734 681 803 προέβαινε
702 736 799 808 γὰρ
818 734 875 800 δὴ
895 734 952 787 τὸ
972 734 1114 788 ἔθνος
1139 733 1298 813 ἄρχον
1320 755 1374 786 τε
1400 735 1478 787 καὶ
1504 724 2098 824 ἐπιτροπεῦον.ἳέ““*μιζζχζὼΛ

169 820 357 887 ξεινικὰ
386 823 441 873 δὲ
471 820 652 887 νόμαια
683 818 882 887 Πέρσαι
912 820 1200 887 προσίενται
1232 820 1422 887 ἀνδρῶν
1450 819 1690 885 μάλιστα.
1768 821 1845 873 καὶ
1884 834 2098 902 Ι3533ΜῈ

169 907 265 973 γὰρ
304 904 362 970 δὴ
398 904 490 970 τὴν
527 903 757 970 Μηδικὴν
799 906 987 969 ἐσθῆτα
1027 905 1326 970 νομίσαντες
1364 906 1452 969 τῆς
1491 906 1683 957 ἑωυτῶν
1720 905 1847 958 εἶναι

171 990 363 1042 καλλίω
412 988 654 1057 φορέουσι
705 988 784 1041 καὶ
832 990 883 1043 ἐς
930 988 1044 1043 τοὺς
1089 987 1339 1054 πολέμους
1385 987 1499 1043 τοὺς
1547 990 1846 1056 Αἰγυπτίους

98 1092 146 1123 10
170 1074 408 1140 θώρηκας.
477 1073 556 1126 καὶ
580 1065 840 1127 εὐπαθείας
864 1094 918 1125 τε
943 1075 1263 1127 παντοδαπὰς
1288 1074 1650 1139 πυνθανόμενοι
1676 1075 1841 1139 ἐπιτη-

170 1159 368 1211 δεύουσι
401 1159 479 1211 καὶ
510 1157 569 1223 δὴ
601 1158 680 1210 καὶ
712 1157 796 1210 ἀπ’
819 1156 1086 1223 Ἑλλήνων
1115 1158 1356 1223 μαθόντες
1386 1158 1530 1211 παισὶ
1558 1159 1842 1226 μίσγονται.

170 1241 415 1311 γαμέουσι
447 1244 500 1295 δὲ
532 1242 742 1296 ἕκαστος
780 1241 939 1294 αὐτῶν
971 1244 1166 1296 πολλὰς
1195 1245 1286 1308 μὲν
1319 1243 1562 1309 κουριδίας
1591 1248 1842 1310 γυναῖκας,

169 1331 342 1397 πολλῷ
363 1326 405 1379 δ’
430 1327 503 1379 ἔτι
521 1332 738 1381 πλεῦνας
757 1327 1020 1381 παλλακὰς
1042 1330 1265 1379 κτῶνται.
1329 1327 1631 1394 ἀνδραγαθίη
1652 1330 1705 1380 δὲ
1725 1329 1843 1392 αὕτη
1882 1334 1977 1396 136

169 1410 507 1471 ἀποδέδεκται,
539 1413 663 1477 μετὰ
693 1410 750 1463 τὸ
778 1409 1034 1480 μάχεσθαι
1066 1410 1192 1463 εἶναι
1224 1411 1429 1478 ἀγαθόν,
1456 1410 1510 1465 ὃς
1540 1410 1600 1464 ἂν
1625 1413 1845 1467 πολλοὺς

97 1514 143 1556 15
170 1494 387 1567 ἀποδέξῃ
425 1499 619 1550 παῖδας·
664 1500 731 1567 τῷ
773 1498 826 1548 δὲ
866 1495 980 1550 τοὺς
1019 1497 1291 1549 πλείστους
1332 1495 1676 1549 ἀποδεικνύντι
1715 1500 1847 1563 δῶρα

172 1579 412 1647 ἐκπέμπει
451 1580 701 1646 βασιλεὺς
741 1582 835 1633 ἀνὰ
874 1583 973 1633 πᾶν
1014 1579 1140 1635 ἔτος.
1227 1578 1284 1631 τὸ
1324 1579 1846 1649 πολλὸν,δζ,ἡχέᾳ3·ᾳι
1868 1600 2088 1633 »um-tax

172 1664 381 1733 ἰσχυρὸν
418 1664 560 1718 εἶναι.
649 1664 940 1718 παιδεύουσι
976 1666 1028 1717 δὲ
1064 1665 1177 1718 τοὺς
1207 1667 1384 1718 παῖδας
1420 1663 1517 1717 ἀπὸ
1553 1664 1846 1720 πενταέτεος
1881 1639 2098 1718 ε’ωὸΙ

171 1747 438 1817 ἀρξάμενοι
455 1748 606 1818 μέχρι
625 1747 934 1803 εἰκοσαέτεος
954 1750 1065 1816 τρία
1086 1754 1260 1815 μοῦνα,
1283 1749 1508 1801 ἱππεύειν
1529 1750 1607 1801 καὶ
1626 1747 1846 1814 τοξεύειν

172 1834 251 1886 καὶ
270 1834 612 1899 ἀληθίζεσθαι.
672 1832 788 1900 πρὶν
804 1835 858 1885 δὲ
876 1828 906 1897 ἢ
926 1832 1197 1898 πενταέτης
1215 1832 1434 1900 γένηται,
1455 1834 1542 1885 οὐκ
1562 1833 1843 1886 ἀπικνέεται

97 1937 147 1967 20
171 1919 222 1973 ἐς
241 1919 365 1987 ὄψιν
383 1923 449 1989 τῷ
470 1918 633 1985 πατρί,
655 1919 790 1970 ἀλλὰ
809 1918 941 1985 παρὰ
960 1918 1078 1988 τῇσι
1096 1916 1291 1985 γυναιξὶ
1310 1918 1501 1970 δίαιταν
1518 1916 1641 1986 ἔχει.
1701 1921 1842 1971 τοῦδε

171 1999 269 2069 <δὲ>
295 2003 458 2055 εἵνεκα
486 2008 631 2055 τοῦτο
662 2003 787 2054 οὕτω
819 2000 1055 2061 ποιέεται,
1081 2002 1161 2053 ἵνα
1189 1997 1251 2066 ἢν
1274 2000 1499 2074 ἀποθάνῃ
1522 2003 1841 2069 τρεφόμενος,

0 2086 84 2124 '⁸⁴⁸0
169 2088 411 2153 μηδεμίαν
447 2086 577 2155 ἄο-’ῃν
613 2091 679 2156 τῷ
718 2086 864 2153 πατρὶ
901 2085 1192 2158 προσβάλῃ.
1281 2085 1427 2138 αἰνέω
1463 2085 1555 2151 μέν
1583 2106 1672 2138 νυν
1701 2087 1845 2139 τόνδε
1880 2101 1968 2152 137

169 2170 258 2224 τὸν
279 2172 448 2237 νόμον,
475 2169 621 2226 αἰνέω
653 2173 707 2223 δὲ
738 2172 818 2222 καὶ
840 2171 998 2230 τόνδε,
1022 2169 1081 2222 τὸ
1109 2170 1176 2236 μὴ
1206 2173 1320 2236 μιῆς
1350 2172 1508 2235 αἰτίης
1532 2172 1694 2223 εἵνεκα
1722 2169 1844 2241 μήτε

171 2254 323 2308 αὐτὸν
346 2254 433 2308 τὸν
456 2254 682 2322 βασιλέα
710 2253 897 2320 μηδένα
919 2254 1165 2321 φονεύειν,
1191 2253 1315 2320 μήτε
1343 2254 1531 2320 μηδένα
1553 2253 1844 2308 τῶνᾶλλων

98 2358 145 2399 25
171 2338 414 2407 Περσέων
452 2338 640 2406 μηδένα
680 2344 778 2391 τῶν
816 2341 998 2391 ἑωυτοῦ
1033 2335 1263 2391 οἰκετέων
1306 2338 1388 2391 ε’πὶ
1426 2340 1513 2411 μιῇ
1554 2340 1685 2411 αἰτίῃ
1724 2338 1842 2405 ἀνή·

173 2445 352 2477 κεστον
374 2421 531 2478 πάθος
561 2423 735 2490 ἔρδειν·
783 2424 917 2475 ἀλλὰ
946 2422 1282 2490 λογισάμενος
1310 2418 1372 2488 ἦν
1396 2424 1599 2496 εὑρίσκῃ
1622 2423 1760 2476 πλέω
1790 2445 1844 2476 τε

174 2509 253 2562 καὶ
291 2507 421 2575 μέζω
457 2510 519 2560 τὰ
559 2506 836 2573 ἀδικήματα
874 2508 1022 2559 ἐόντα
1060 2512 1159 2560 τῶν
1181 2506 1574 2576 ὑπορχημάτων,
1616 2509 1742 2559 οὕτω
1774 2512 2039 2577 τῷῄονυίεν
2055 2522 2098 2592 2:

0 2611 109 2665 ἦν·
173 2596 308 2664 θυμῷ
338 2596 534 2662 χρᾶται.
603 2593 890 2645 ἀποκτεῖναι
920 2594 972 2644 δὲ
1003 2591 1178 2644 οὐδένα
1210 2614 1275 2644 κω
1305 2591 1516 2660 λέγουσι
1545 2591 1630 2643 τὸν
1661 2594 1844 2644 ἑωυτοῦ
1875 2611 1901 2643 2

227 2743 254 2781 4
283 2729 370 2782 καὶ]
401 2729 450 2771 αὖ
480 2729 678 2780 Krueger
896 2740 922 2778 5
951 2727 1138 2779 μάλιστα
1161 2728 1195 2767 C
1417 2731 1444 2768 6
1473 2727 1701 2782 ἀρχόμενον
1721 2727 1842 2768 stein

179 2798 230 2825 10
268 2787 423 2834 ἐπιτηδ.
457 2783 502 2826 δὲ
531 2786 598 2826 καὶ
629 2786 763 2825 εὖπαθ.
797 2786 964 2826 παντοδ.
998 2788 1110 2824 πυνθ.
1147 2782 1284 2823 RSV
1518 2795 1562 2821 11
1603 2783 1669 2824 καὶ
1699 2784 1774 2832 δὴ.
1796 2813 1806 2824 .
1826 2814 1836 2823 .

177 2840 276 2882 εῖναι
306 2839 398 2893 (17)
430 2851 512 2879 om.
550 2837 590 2877 R
607 2838 689 2878 SV
918 2851 966 2878 12
997 2837 1151 2879 αὐτέων
1178 2836 1288 2876 ΑΒο
1522 2850 1571 2888 13
1600 2838 1786 2879 παλακὰς
1806 2837 1841 2877 C

176 2906 225 2934 21
258 2892 303 2936 δὲ
323 2894 417 2934 add.
444 2893 833 2942 Schweighaeuser
1034 2906 1085 2932 22
1114 2893 1170 2944 μὴ
1191 2891 1236 2934 δὲ
1254 2892 1350 2943 μίην
1374 2891 1413 2931 R
1526 2890 1651 2942 ἄσην]
1673 2892 1842 2941 βλάβην

177 2948 279 2998 ἀηδῆ
300 2947 340 2988 R
355 2947 385 2987 S
399 2948 438 2987 V
567 2947 708 2990 αἰνέων
730 2947 833 2987 RV¹
852 2946 904 2999 (3)
1143 2959 1196 2996 23
1225 2949 1300 2989 τὸν
1318 2947 1373 2998 μὴ
1395 2946 1426 2986 S
1439 2945 1478 2985 V
1606 2945 1727 2989 ἕνεκα
1745 2946 1786 2986 Α
1803 2946 1838 2985 Β

148 3002 364 3102 tzere
382 3002 682 3103 flvmss
1119 3001 1368 3097 {vm
1497 3001 1657 3110 πῇ
