2098 3320
55 73 137 123 IV.
167 35 263 136 149
305 136 308 138 μ
532 86 559 127 f·
920 72 1346 124 HPOAOTOT

0 346 251 387 ‚muz-ec*

167 974 256 1023 15)

177 2171 254 2220 151

302 206 500 262 σεσθαι,
542 209 787 271 τοιγαρῶν
831 204 927 271 ἔφη
971 204 1117 256 αὐτὸν
1162 206 1488 272 καταλείψειν
1529 208 1614 259 ὄϊν
1657 208 1709 260 ἐν
1748 207 1963 261 λύκοισι·

299 288 382 340 ἐπὶ
412 293 497 339 τοῦ
527 288 671 342 ἔπεος
703 288 878 340 τούτου
910 289 1190 358 οὔνοματῷ
1223 290 1465 359 νεηνίσκῳ
1497 286 1688 361 [τούτῳ]
1717 292 1966 346 Οἰόλυκος

233 416 242 426 .
300 371 516 439 ἐγένετο,
558 373 641 424 καί
677 395 772 427 κως
817 372 873 423 τὸ
910 373 1094 438 οὔνομα
1128 378 1271 424 τοῦτο
1309 374 1629 441 ἐπεκρρτησε.
1715 376 1965 429 Οἰολύκου

272 459 351 522 Ιδὲ
382 458 570 522 γίνεται
602 457 798 526 Αἰγεύς,
835 457 917 509 ἐπὶ
946 458 1003 508 οὗ
1035 459 1262 524 Αἰγεῖδαι
1292 457 1568 517 καλέονται,
1601 458 1738 526 φυλὴ
1766 458 1963 528 μεγάλη

299 543 351 592 ἐν
389 539 611 612 Σπάρτῃ.
700 546 835 593 τοῖσι
876 544 928 593 δὲ
967 543 1019 593 ἐν
1059 549 1119 614 τῇ
1160 543 1295 614 φυλῇ
1336 542 1489 615 ταύτῃ
1530 542 1740 610 ἀνδράσι
1777 543 1834 595 οὐ
1867 546 1963 612 γὰρ
1989 565 2011 606 5

297 624 565 690 ὑπέμειναν
596 626 656 676 τὰ
690 619 853 684 τέκνα,
889 626 1153 692 ἱδρύσαντο
1185 628 1239 677 ἐκ
1272 628 1569 694 θεοπροπίου
1594 627 1836 694 Ἐρινύων
1863 633 1963 681 τῶν

296 708 452 761 Λαΐου
496 732 548 761 τε
596 711 675 761 καὶ
718 711 996 762 Οἰδιπόδεω
1043 711 1165 777 ἱρόν.
1256 711 1335 762 καὶ
1377 713 1502 776 μετὰ
1544 716 1688 763 τοῦτο
1733 711 1963 778 ὑπέμεινε

296 794 452 846 τώυτὸ
492 799 634 846 τοῦτο
679 795 756 846 καὶ
794 796 847 846 ἐν
891 793 1037 867 Θήρῃ
1081 799 1214 846 τοῖσι
1260 796 1356 847 ἀπὸ
1399 801 1498 848 τῶν
1542 796 1733 863 ἀνδρῶν
1775 797 1962 850 τούτων

296 879 550 946 γεγονόσι.

381 962 550 1031 Μέχρι
572 962 664 1029 μέν
688 985 774 1016 νυν
798 963 974 1016 τούτου
997 967 1085 1015 τοῦ
1114 964 1267 1031 λόγου
1291 965 1669 1030 Λακεδαιμόνιοι
1690 967 1962 1033 Θηραίοισι
1987 988 2038 1020 10

299 1047 604 1126 xarbfaz’ff&
636 1047 866 1116 λέγουσι,
899 1046 957 1099 τὸ
994 1050 1046 1100 δὲ
1083 1048 1181 1100 ἀπὸ
1211 1049 1384 1101 τούτου
1411 1054 1584 1114 μοῦνοι
1621 1053 1835 1116 Θηραῖοι
1864 1053 1959 1104 ὧδε

295 1131 534 1198 γενέσθαι
568 1131 793 1200 λέγουσι.
889 1136 1092 1199 Γρῖννος
1123 1134 1150 1183 6
1187 1134 1443 1192 Αἰσανίου,
1479 1135 1572 1186 ἐὼν
1609 1132 1754 1200 Θήρα
1783 1135 1959 1188 τούτου

296 1218 543 1283 ἀπόγονος
594 1217 671 1268 καὶ
715 1218 1010 1283 βασιλεύων
1065 1215 1236 1284 Θήρης
1287 1221 1373 1282 τῆς
1425 1216 1599 1282 νήσου,
1655 1219 1858 1272 ἀπίκετο
1909 1221 1959 1273 ἐς
1994 1260 1996 1262 ψ

299 1302 537 1365 Δελφοὺς
576 1301 710 1369 ἄγων
752 1301 849 1354 ἀπὸ
889 1304 977 1366 τῆς
1015 1302 1190 1355 πόλιος
1232 1302 1532 1368 ἑκατόμβην·
1582 1304 1779 1356 εἵποντο
1811 1302 1873 1355 ,δέ
1912 1305 1959 1356 οἱ
2027 1316 2032 1319 ’

298 1387 375 1438 καὶ
407 1385 557 1437 ἄλλοι
586 1391 684 1438 τῶν
717 1385 998 1451 πολιητέων
1025 1387 1104 1438 καὶ
1128 1385 1185 1450 δὴ
1213 1387 1290 1438 καὶ
1307 1386 1502 1441 ’Βάττος
1525 1388 1551 1438 6
1572 1386 1955 1453 Πολυμνήστου,
1987 1409 2035 1450 15

297 1471 391 1522 ἐὼν
443 1469 588 1537 γένος
643 1470 936 1538 Εὐφημίδης
988 1475 1086 1522 τῶν
1139 1470 1386 1524 Μινυέων.
1474 1471 1738 1542 χρεωμένῳ
1790 1474 1843 1523 δὲ
1889 1477 1957 1542 τῷ

296 1556 484 1624 Γρίννῳ
514 1560 581 1624 τῷ
611 1554 826 1621 βασιλέϊ
858 1560 955 1606 τῶν
988 1556 1224 1621 Θηραίων
1256 1557 1368 1623 περὶ
1399 1555 1571 1608 ἄλλων
1605 1564 1704 1627 χρᾷ
1732 1557 1761 1621 ἡ
1795 1557 1959 1621 Πυθίη-

298 1640 474 1703 κτίζειν
506 1641 560 1691 ἐν
590 1640 758 1711 Λιβύῃ
791 1640 955 1692 πόλιν.
1049 1640 1075 1690 6
1106 1642 1158 1691 δὲ
1192 1640 1430 1705 ἀμείβετο
1461 1639 1643 1707 λέγων·
1689 1640 1824 1708 Ἐγὼ
1845 1640 1953 1706 μέν,

296 1722 443 1788 ὦναξ,
476 1724 817 1791 πρεσβύτερός
852 1745 906 1776 τε
937 1723 1027 1788 ἥδη
1061 1724 1157 1789 εἰμὶ
1192 1725 1270 1776 καὶ
1301 1724 1459 1790 βαρὺς
1490 1725 1761 1792 ἀείρεσθαι·
1808 1724 1872 1777 σὺ
1903 1723 1959 1776 δέ

293 1829 404 1860 τινα
444 1813 597 1861 τῶνδε
638 1813 736 1860 τῶν
778 1807 1032 1875 νεωτέρων
1076 1807 1247 1860 κέλευε
1285 1813 1437 1860 ταῦτα
1478 1808 1680 1862 ποιέειν.
1766 1808 1868 1875 ἅμα
1903 1831 1957 1862 τε
1987 1830 2037 1859 20

295 1893 439 1959 ἔλεγε
469 1897 621 1944 ταῦτα
653 1893 730 1944 καὶ
757 1894 971 1944 ἐδείκνυε
996 1894 1046 1945 ἐς
1071 1891 1157 1944 τὸν
1189 1891 1398 1945 Βάττον.
1473 1894 1585 1945 τότε
1606 1896 1698 1959 μὲν
1721 1898 1953 1953 τοσαῦτα,

292 1979 416 2042 μετὰ
461 1980 514 2029 δὲ
558 1977 862 2030 ἀπελθόντες
908 1977 1120 2043 ἀλογίην
1166 1976 1304 2044 εἶχον
1348 1981 1434 2028 τοῦ
1477 1979 1798 2046 χρηστηρίου,
1845 1978 1957 2030 οὔτε

294 2061 490 2126 Λιβύην
537 2062 720 2115 εἰδότες
767 2063 884 2114 ὅκου
941 2064 1030 2127 γῆς
1076 2063 1148 2125 εἵη
1194 2061 1305 2113 οὔτε
1349 2067 1630 2127 τολμῶντες
1674 2064 1724 2116 ἐς
1769 2063 1957 2130 ἀφανὲς

292 2149 459 2214 χρῆμα
496 2145 833 2198 ἀποστέλλειν
875 2146 1122 2210 ἀποικίην.
1211 2147 1337 2197 ἑπτὰ
1373 2149 1426 2198 δὲ
1463 2145 1615 2198 ἐτέων
1648 2149 1773 2212 μετὰ
1806 2151 1958 2199 ταῦτα

292 2231 378 2282 οὐκ
408 2230 464 2282 ὗε
493 2229 583 2294 τὴν
617 2230 807 2308 Θήρην,
839 2231 892 2282 ἐν
923 2234 1055 2282 τοῖσι
1086 2230 1146 2281 τὰ
1179 2228 1382 2297 δένδρεα
1412 2229 1574 2282 πάντα
1603 2238 1702 2298 σφι
1729 2233 1790 2283 τὰ
1819 2233 1875 2283 ἐν
1897 2238 1958 2304 τῇ
1984 2250 2032 2291 25
2070 2264 2079 2276 -.

352 2380 368 2406 1
402 2370 615 2420 τοιγαροῦν
637 2366 869 2406 EPRSV
1051 2380 1076 2405 2
1107 2367 1182 2407 ἀπὸ
1204 2366 1289 2406 PR
1305 2366 1385 2407 SV
1541 2368 1589 2407 τὺ
1608 2369 1756 2418 οὕνομα
1777 2367 1862 2407 PR
1878 2367 1958 2407 SV

293 2422 425 2473 τούτῳ
446 2435 526 2462 om.
554 2422 593 2460 R
609 2421 638 2461 S
653 2422 691 2461 V
821 2435 846 2472 3
876 2422 924 2462 τὸ
945 2424 1092 2472 οὔνομα
1114 2434 1195 2460 om.
1221 2422 1253 2460 Ρ
1268 2422 1306 2460 R
1321 2421 1402 2460 SV
1531 2436 1555 2472 4
1587 2422 1648 2463 ἐπ’
1670 2422 1779 2462 CE:
1809 2421 1875 2464 ἀπ’
1898 2423 1954 2463 P:

294 2479 370 2518 ἀπὸ
392 2477 430 2514 R
448 2477 476 2515 S
490 2477 528 2515 V
612 2480 685 2518 τοῦ
708 2477 746 2515 R
763 2476 826 2515 V:
858 2476 1002 2517 τούτου
1025 2477 1055 2516 S
1141 2477 1298 2528 Αἷγίδαι
1321 2477 1376 2516 S:
1406 2479 1537 2528 γεῖδαι
1560 2476 1599 2515 R
1685 2481 1900 2519 καλοῦνται
1922 2477 1955 2516 C
2015 2481 2021 2486 ”

294 2534 321 2570 6
358 2536 415 2572 w)
447 2531 583 2570 RSV
779 2545 802 2581 7
843 2531 1058 2582 ὑπέμειναν
1088 2531 1210 2571 Stein
1413 2532 1439 2569 8
1478 2530 1668 2584 (συνέβη)
1696 2534 1759 2574 καὶ
1792 2531 1955 2571 Reiske

295 2586 448 2640 Θήρησι
473 2586 511 2624 R
528 2586 609 2626 SV
792 2601 819 2638 9
846 2586 1045 2639 ’γεγόνασι
1068 2586 1107 2624 R
1121 2586 1159 2623 V
1345 2597 1389 2624 11
1423 2587 1605 2628 καταύτὰ
1625 2587 1659 2624 C
1786 2586 1953 2638 τούτου]

294 2658 368 2681 του
389 2642 422 2680 C
594 2653 642 2679 12
672 2644 806 2693 Γρῖνος
828 2641 861 2680 C
877 2639 979 2679 PAl
1137 2653 1184 2689 14
1215 2642 1253 2681 οἱ
1273 2641 1335 2681 καὶ
1357 2642 1395 2681 οἵ
1412 2640 1548 2680 ABC
1563 2641 1597 2680 P
1750 2653 1800 2691 15
1829 2641 1956 2683 Βᾶτυς

296 2695 395 2735 CV¹
582 2697 632 2735 16
670 2696 901 2749 Εὐφημίδης
933 2695 1146 2734 Paulmier
1174 2708 1229 2734 ex
1261 2695 1381 2735 Pind.
1415 2695 1540 2745 Pyth.
1575 2695 1644 2735 iv:
1674 2697 1891 2748 Εὐθυμίδης
1921 2695 1954 2734 L

299 2763 346 2799 17
379 2751 500 2802 Γρίνῳ
522 2750 602 2789 CP
772 2753 821 2789 18
853 2751 953 2801 ⁶⁹73ss
978 2751 1063 2800 ἐμοὶ
1088 2751 1127 2789 R
1143 2750 1172 2789 S
1187 2750 1224 2788 V
1333 2749 1407 2801 μέν
1427 2763 1507 2789 om.
1528 2751 1567 2788 V
1734 2764 1782 2800 19
1812 2768 1856 2791 τε
1875 2751 1956 2804 γὰρ

294 2808 369 2854 ἤδη
393 2807 431 2844 R
447 2807 476 2845 S
493 2805 527 2843 V
640 2805 844 2858 ἀείρασθαι
867 2805 906 2843 R
922 2805 1004 2844 SV
1168 2817 1222 2844 20
1250 2804 1347 2846 τάδε
1373 2803 1522 2846 ποιέειν
1545 2805 1605 2844 P:
1634 2822 1676 2845 π.
1700 2805 1795 2847 τάδε
1819 2805 1858 2843 R
1873 2805 1956 2843 SV

296 2873 343 2897 21
379 2861 500 2913 ἔλεγε
523 2873 603 2900 om.
629 2860 660 2900 S
675 2861 711 2900 V
932 2872 985 2909 23
1017 2860 1096 2911 εἴη]
1125 2859 1149 2908 ἧ
1172 2860 1210 2898 R
1226 2859 1306 2899 SV
1525 2872 1576 2909 24
1605 2860 1797 2913 χρήματα
1818 2859 1856 2898 R
1873 2860 1903 2900 S
1918 2859 1956 2898 V

295 2927 346 2964 25
378 2914 538 2956 ἅπαντα
556 2914 596 2953 Α
611 2914 646 2954 Β
