<?xml version="1.0" encoding="UTF-8"?>
<!DOCTYPE html PUBLIC "-//W3C//DTD XHTML 1.0 Transitional//EN"
    "http://www.w3.org/TR/xhtml1/DTD/xhtml1-transitional.dtd">
<html xmlns="http://www.w3.org/1999/xhtml" xml:lang="en" lang="en">
 <head>
  <title>
</title>
<meta http-equiv="Content-Type" content="text/html;charset=utf-8" />
  <meta name='ocr-system' content='tesseract 3.04.00' />
  <meta name='ocr-capabilities' content='ocr_page ocr_carea ocr_par ocr_line ocrx_word'/>
</head>
<body>
  <div class='ocr_page' id='page_1' title='image "./herodotihistoria01herouoft_0182.png"; bbox 0 0 2098 3320; ppageno 0'>
   <div class='ocr_carea' id='block_1_1' title="bbox 70 99 1325 162">
    <p class='ocr_par' dir='ltr' id='par_1_1' title="bbox 70 99 1325 162">
     <span class='ocr_line' id='line_1_1' title="bbox 70 99 1325 162; baseline -0.001 -12"><span class='ocrx_word' id='word_1_1' title='bbox 70 99 221 162; x_wconf 87' lang='lat'>11.87</span> <span class='ocrx_word' id='word_1_2' title='bbox 808 128 812 130; x_wconf 94' lang='lat'><em>-</em></span> <span class='ocrx_word' id='word_1_3' title='bbox 891 99 1325 150; x_wconf 75' lang='grc' dir='ltr'><strong>ΗΡΟΔΟΤΟΎ</strong></span> 
     </span>
    </p>
   </div>
   <div class='ocr_carea' id='block_1_2' title="bbox 0 227 2098 2484">
    <p class='ocr_par' dir='ltr' id='par_1_2' title="bbox 196 227 1925 382">
     <span class='ocr_line' id='line_1_2' title="bbox 260 227 1922 299; baseline 0.002 -19"><span class='ocrx_word' id='word_1_4' title='bbox 260 227 394 294; x_wconf 86' lang='grc' dir='ltr'>μέσα</span> <span class='ocrx_word' id='word_1_5' title='bbox 431 227 794 295; x_wconf 77' lang='grc' dir='ltr'>βουλομένους,</span> <span class='ocrx_word' id='word_1_6' title='bbox 830 228 924 295; x_wconf 75' lang='grc' dir='ltr'>τὴν</span> <span class='ocrx_word' id='word_1_7' title='bbox 964 232 1018 283; x_wconf 81' lang='grc' dir='ltr'>δὲ</span> <span class='ocrx_word' id='word_1_8' title='bbox 1060 231 1389 296; x_wconf 78' lang='grc' dir='ltr'>πολυτελείην</span> <span class='ocrx_word' id='word_1_9' title='bbox 1428 229 1706 299; x_wconf 90' lang='grc' dir='ltr'>φεύγοντας</span> <span class='ocrx_word' id='word_1_10' title='bbox 1745 229 1922 284; x_wconf 89' lang='grc' dir='ltr'>σκευά-</span> 
     </span>
     <span class='ocr_line' id='line_1_3' title="bbox 196 309 1925 382; baseline 0.001 -16"><span class='ocrx_word' id='word_1_11' title='bbox 196 335 220 366; x_wconf 87' lang='lat'><strong>2</strong></span> <span class='ocrx_word' id='word_1_12' title='bbox 263 314 403 376; x_wconf 77' lang='grc' dir='ltr'>ζουσι</span> <span class='ocrx_word' id='word_1_13' title='bbox 444 314 555 365; x_wconf 77' lang='grc' dir='ltr'>ὧδε·</span> <span class='ocrx_word' id='word_1_14' title='bbox 623 315 775 366; x_wconf 77' lang='grc' dir='ltr'>ἐπεὰν</span> <span class='ocrx_word' id='word_1_15' title='bbox 820 309 973 381; x_wconf 86' lang='grc' dir='ltr'>[τοὺς]</span> <span class='ocrx_word' id='word_1_16' title='bbox 1018 317 1298 382; x_wconf 86' lang='grc' dir='ltr'>κλυστῆρας</span> <span class='ocrx_word' id='word_1_17' title='bbox 1351 313 1649 380; x_wconf 79' lang='grc' dir='ltr'>πλήσωνται</span> <span class='ocrx_word' id='word_1_18' title='bbox 1691 319 1777 367; x_wconf 90' lang='grc' dir='ltr'>τοῦ</span> <span class='ocrx_word' id='word_1_19' title='bbox 1827 314 1925 367; x_wconf 85' lang='grc' dir='ltr'>ἀπὸ</span> 
     </span>
    </p>

    <p class='ocr_par' dir='ltr' id='par_1_3' title="bbox 223 390 2098 807">
     <span class='ocr_line' id='line_1_4' title="bbox 262 390 1925 466; baseline 0.002 -18"><span class='ocrx_word' id='word_1_20' title='bbox 262 390 433 464; x_wconf 91' lang='grc' dir='ltr'>κέδρου</span> <span class='ocrx_word' id='word_1_21' title='bbox 482 398 758 465; x_wconf 83' lang='grc' dir='ltr'>ἀλείφατος</span> <span class='ocrx_word' id='word_1_22' title='bbox 803 395 1080 465; x_wconf 84' lang='grc' dir='ltr'>γινομένου,</span> <span class='ocrx_word' id='word_1_23' title='bbox 1129 401 1183 451; x_wconf 86' lang='grc' dir='ltr'>ἐν</span> <span class='ocrx_word' id='word_1_24' title='bbox 1229 396 1299 451; x_wconf 71' lang='grc' dir='ltr'>ὧν</span> <span class='ocrx_word' id='word_1_25' title='bbox 1343 399 1575 464; x_wconf 84' lang='grc' dir='ltr'>ἔπλησαν</span> <span class='ocrx_word' id='word_1_26' title='bbox 1620 404 1708 450; x_wconf 88' lang='grc' dir='ltr'>τοῦ</span> <span class='ocrx_word' id='word_1_27' title='bbox 1753 404 1925 466; x_wconf 81' lang='grc' dir='ltr'>νεκροῦ</span> 
     </span>
     <span class='ocr_line' id='line_1_5' title="bbox 259 481 2041 549; baseline 0.002 -17"><span class='ocrx_word' id='word_1_28' title='bbox 259 481 351 545; x_wconf 80' lang='grc' dir='ltr'>τὴν</span> <span class='ocrx_word' id='word_1_29' title='bbox 393 482 600 546; x_wconf 90' lang='grc' dir='ltr'>κοιλίην,</span> <span class='ocrx_word' id='word_1_30' title='bbox 644 482 759 534; x_wconf 83' lang='grc' dir='ltr'>οὔτε</span> <span class='ocrx_word' id='word_1_31' title='bbox 803 483 1137 549; x_wconf 82' lang='grc' dir='ltr'>ἀναταμόντες</span> <span class='ocrx_word' id='word_1_32' title='bbox 1178 482 1326 535; x_wconf 83' lang='grc' dir='ltr'>αὐτὸν</span> <span class='ocrx_word' id='word_1_33' title='bbox 1373 484 1486 536; x_wconf 79' lang='grc' dir='ltr'>οὔτε</span> <span class='ocrx_word' id='word_1_34' title='bbox 1530 481 1789 548; x_wconf 81' lang='grc' dir='ltr'>ἐξελόντες</span> <span class='ocrx_word' id='word_1_35' title='bbox 1832 482 1923 547; x_wconf 75' lang='grc' dir='ltr'>τὴν</span> <span class='ocrx_word' id='word_1_36' title='bbox 2039 521 2041 523; x_wconf 83' lang='lat'>·</span> 
     </span>
     <span class='ocr_line' id='line_1_6' title="bbox 261 539 2098 634; baseline 0.002 -16"><span class='ocrx_word' id='word_1_37' title='bbox 261 565 426 630; x_wconf 87' lang='grc' dir='ltr'>νηδύν,</span> <span class='ocrx_word' id='word_1_38' title='bbox 476 567 598 617; x_wconf 80' lang='grc' dir='ltr'>κατὰ</span> <span class='ocrx_word' id='word_1_39' title='bbox 645 569 698 618; x_wconf 77' lang='grc' dir='ltr'>δὲ</span> <span class='ocrx_word' id='word_1_40' title='bbox 744 565 835 630; x_wconf 78' lang='grc' dir='ltr'>τὴν</span> <span class='ocrx_word' id='word_1_41' title='bbox 881 567 1026 634; x_wconf 77' lang='grc' dir='ltr'>ἕδρην</span> <span class='ocrx_word' id='word_1_42' title='bbox 1073 566 1415 632; x_wconf 83' lang='grc' dir='ltr'>ἐσηθήσαντες</span> <span class='ocrx_word' id='word_1_43' title='bbox 1464 567 1543 618; x_wconf 87' lang='grc' dir='ltr'>καὶ</span> <span class='ocrx_word' id='word_1_44' title='bbox 1592 539 2098 632; x_wconf 40' lang='lat' dir='ltr'>e&#39;mhassdvres‘ssbm</span> 
     </span>
     <span class='ocr_line' id='line_1_7' title="bbox 259 648 1923 719; baseline 0.003 -19"><span class='ocrx_word' id='word_1_45' title='bbox 259 648 317 700; x_wconf 83' lang='grc' dir='ltr'>τὸ</span> <span class='ocrx_word' id='word_1_46' title='bbox 363 649 560 715; x_wconf 90' lang='grc' dir='ltr'>κλύσμα</span> <span class='ocrx_word' id='word_1_47' title='bbox 604 654 691 715; x_wconf 89' lang='grc' dir='ltr'>τῆς</span> <span class='ocrx_word' id='word_1_48' title='bbox 735 651 900 702; x_wconf 85' lang='grc' dir='ltr'>ὀπίσω</span> <span class='ocrx_word' id='word_1_49' title='bbox 950 651 1064 703; x_wconf 89' lang='grc' dir='ltr'>ὁδοῦ</span> <span class='ocrx_word' id='word_1_50' title='bbox 1107 651 1428 719; x_wconf 84' lang='grc' dir='ltr'>ταριχεύουσι</span> <span class='ocrx_word' id='word_1_51' title='bbox 1471 653 1559 705; x_wconf 82' lang='grc' dir='ltr'>τὰς</span> <span class='ocrx_word' id='word_1_52' title='bbox 1599 650 1923 718; x_wconf 85' lang='grc' dir='ltr'>προκειμένας</span> 
     </span>
     <span class='ocr_line' id='line_1_8' title="bbox 223 719 1921 807; baseline 0.002 -23"><span class='ocrx_word' id='word_1_53' title='bbox 223 719 458 800; x_wconf 65' lang='grc' dir='ltr'>Ιὴμέρας,</span> <span class='ocrx_word' id='word_1_54' title='bbox 490 741 551 806; x_wconf 89' lang='grc' dir='ltr'>τῆ</span> <span class='ocrx_word' id='word_1_55' title='bbox 581 737 634 786; x_wconf 79' lang='grc' dir='ltr'>δὲ</span> <span class='ocrx_word' id='word_1_56' title='bbox 663 736 925 807; x_wconf 88' lang='grc' dir='ltr'>τελευταίῃ</span> <span class='ocrx_word' id='word_1_57' title='bbox 956 732 1134 798; x_wconf 80' lang='grc' dir='ltr'>ἐξιεῖσι</span> <span class='ocrx_word' id='word_1_58' title='bbox 1174 738 1227 786; x_wconf 89' lang='grc' dir='ltr'>ἐκ</span> <span class='ocrx_word' id='word_1_59' title='bbox 1267 738 1355 800; x_wconf 89' lang='grc' dir='ltr'>τῆς</span> <span class='ocrx_word' id='word_1_60' title='bbox 1388 737 1577 800; x_wconf 86' lang='grc' dir='ltr'>κοιλίης</span> <span class='ocrx_word' id='word_1_61' title='bbox 1606 735 1698 800; x_wconf 76' lang='grc' dir='ltr'>τὴν</span> <span class='ocrx_word' id='word_1_62' title='bbox 1728 737 1921 802; x_wconf 89' lang='grc' dir='ltr'>κεδρίην</span> 
     </span>
    </p>

    <p class='ocr_par' dir='ltr' id='par_1_4' title="bbox 195 817 1996 1232">
     <span class='ocr_line' id='line_1_9' title="bbox 195 817 1922 887; baseline 0.002 -18"><span class='ocrx_word' id='word_1_63' title='bbox 195 840 220 883; x_wconf 82' lang='lat'>3</span> <span class='ocrx_word' id='word_1_64' title='bbox 259 817 350 882; x_wconf 81' lang='grc' dir='ltr'>τὴν</span> <span class='ocrx_word' id='word_1_65' title='bbox 380 819 566 882; x_wconf 83' lang='grc' dir='ltr'>ἐσῆκαν</span> <span class='ocrx_word' id='word_1_66' title='bbox 597 819 854 885; x_wconf 91' lang='grc' dir='ltr'>πρότερον.</span> <span class='ocrx_word' id='word_1_67' title='bbox 941 819 970 883; x_wconf 87' lang='grc' dir='ltr'><em>ἡ</em></span> <span class='ocrx_word' id='word_1_68' title='bbox 1013 822 1066 871; x_wconf 81' lang='grc' dir='ltr'>δὲ</span> <span class='ocrx_word' id='word_1_69' title='bbox 1105 819 1211 887; x_wconf 83' lang='grc' dir='ltr'>ἔχει</span> <span class='ocrx_word' id='word_1_70' title='bbox 1252 819 1502 884; x_wconf 82' lang='grc' dir='ltr'>τοσαύτην</span> <span class='ocrx_word' id='word_1_71' title='bbox 1543 820 1749 886; x_wconf 87' lang='grc' dir='ltr'>δύναμιν</span> <span class='ocrx_word' id='word_1_72' title='bbox 1787 820 1922 872; x_wconf 85' lang='grc' dir='ltr'>ὥστε</span> 
     </span>
     <span class='ocr_line' id='line_1_10' title="bbox 259 900 1918 975; baseline 0.002 -23"><span class='ocrx_word' id='word_1_73' title='bbox 259 900 361 966; x_wconf 80' lang='grc' dir='ltr'>ἅμα</span> <span class='ocrx_word' id='word_1_74' title='bbox 391 904 547 975; x_wconf 80' lang='grc' dir='ltr'>ἑωυτῇ</span> <span class='ocrx_word' id='word_1_75' title='bbox 569 901 659 966; x_wconf 78' lang='grc' dir='ltr'>τὴν</span> <span class='ocrx_word' id='word_1_76' title='bbox 683 903 832 966; x_wconf 84' lang='grc' dir='ltr'>νηδὺν</span> <span class='ocrx_word' id='word_1_77' title='bbox 856 902 935 954; x_wconf 88' lang='grc' dir='ltr'>καὶ</span> <span class='ocrx_word' id='word_1_78' title='bbox 959 905 1020 954; x_wconf 81' lang='grc' dir='ltr'>τὰ</span> <span class='ocrx_word' id='word_1_79' title='bbox 1044 903 1318 971; x_wconf 85' lang='grc' dir='ltr'>σπλάγχνα</span> <span class='ocrx_word' id='word_1_80' title='bbox 1350 905 1712 969; x_wconf 90' lang='grc' dir='ltr'>κατατετηκότα</span> <span class='ocrx_word' id='word_1_81' title='bbox 1735 902 1918 971; x_wconf 83' lang='grc' dir='ltr'>ἐξάγει·</span> 
     </span>
     <span class='ocr_line' id='line_1_11' title="bbox 258 986 1996 1053; baseline 0.001 -17"><span class='ocrx_word' id='word_1_82' title='bbox 258 987 346 1039; x_wconf 79' lang='grc' dir='ltr'>τὰς</span> <span class='ocrx_word' id='word_1_83' title='bbox 388 989 441 1038; x_wconf 81' lang='grc' dir='ltr'>δὲ</span> <span class='ocrx_word' id='word_1_84' title='bbox 482 986 670 1053; x_wconf 82' lang='grc' dir='ltr'>σάρκας</span> <span class='ocrx_word' id='word_1_85' title='bbox 710 987 767 1039; x_wconf 87' lang='grc' dir='ltr'>τὸ</span> <span class='ocrx_word' id='word_1_86' title='bbox 801 987 974 1053; x_wconf 89' lang='grc' dir='ltr'>λίτρον</span> <span class='ocrx_word' id='word_1_87' title='bbox 1020 986 1295 1052; x_wconf 85' lang='grc' dir='ltr'>κατατήκει,</span> <span class='ocrx_word' id='word_1_88' title='bbox 1339 987 1418 1039; x_wconf 88' lang='grc' dir='ltr'>καὶ</span> <span class='ocrx_word' id='word_1_89' title='bbox 1461 987 1518 1052; x_wconf 79' lang='grc' dir='ltr'>δὴ</span> <span class='ocrx_word' id='word_1_90' title='bbox 1563 989 1788 1041; x_wconf 88' lang='grc' dir='ltr'>λείπεται</span> <span class='ocrx_word' id='word_1_91' title='bbox 1831 991 1918 1039; x_wconf 88' lang='grc' dir='ltr'>τοῦ</span> <span class='ocrx_word' id='word_1_92' title='bbox 1948 1009 1996 1037; x_wconf 83' lang='grc' dir='ltr'>ιο</span> 
     </span>
     <span class='ocr_line' id='line_1_12' title="bbox 259 1069 1921 1137; baseline 0.001 -16"><span class='ocrx_word' id='word_1_93' title='bbox 259 1075 433 1137; x_wconf 84' lang='grc' dir='ltr'>νεκροῦ</span> <span class='ocrx_word' id='word_1_94' title='bbox 476 1071 533 1122; x_wconf 88' lang='grc' dir='ltr'>τὸ</span> <span class='ocrx_word' id='word_1_95' title='bbox 570 1069 722 1137; x_wconf 80' lang='grc' dir='ltr'>δέρμα</span> <span class='ocrx_word' id='word_1_96' title='bbox 760 1076 944 1136; x_wconf 86' lang='grc' dir='ltr'>μοῦνον</span> <span class='ocrx_word' id='word_1_97' title='bbox 990 1072 1068 1123; x_wconf 87' lang='grc' dir='ltr'>καὶ</span> <span class='ocrx_word' id='word_1_98' title='bbox 1112 1074 1173 1123; x_wconf 82' lang='grc' dir='ltr'>τὰ</span> <span class='ocrx_word' id='word_1_99' title='bbox 1221 1070 1390 1123; x_wconf 87' lang='grc' dir='ltr'>ὀστέα.</span> <span class='ocrx_word' id='word_1_100' title='bbox 1481 1074 1632 1124; x_wconf 81' lang='grc' dir='ltr'>ἐπεὰν</span> <span class='ocrx_word' id='word_1_101' title='bbox 1671 1075 1726 1124; x_wconf 79' lang='grc' dir='ltr'>δὲ</span> <span class='ocrx_word' id='word_1_102' title='bbox 1768 1076 1921 1124; x_wconf 88' lang='grc' dir='ltr'>ταῦτα</span> 
     </span>
     <span class='ocr_line' id='line_1_13' title="bbox 259 1153 1915 1232; baseline 0.002 -27"><span class='ocrx_word' id='word_1_103' title='bbox 259 1153 527 1218; x_wconf 82' lang='grc' dir='ltr'>ποιήσωσι,</span> <span class='ocrx_word' id='word_1_104' title='bbox 562 1154 646 1207; x_wconf 81' lang='grc' dir='ltr'>ἀπ’</span> <span class='ocrx_word' id='word_1_105' title='bbox 676 1153 746 1207; x_wconf 71' lang='grc' dir='ltr'>ὧν</span> <span class='ocrx_word' id='word_1_106' title='bbox 775 1155 963 1207; x_wconf 88' lang='grc' dir='ltr'>ἔδωκαν</span> <span class='ocrx_word' id='word_1_107' title='bbox 1004 1157 1129 1207; x_wconf 82' lang='grc' dir='ltr'>οὕτω</span> <span class='ocrx_word' id='word_1_108' title='bbox 1167 1155 1254 1208; x_wconf 87' lang='grc' dir='ltr'>τὸν</span> <span class='ocrx_word' id='word_1_109' title='bbox 1293 1157 1482 1222; x_wconf 92' lang='grc' dir='ltr'>νεκρόν,</span> <span class='ocrx_word' id='word_1_110' title='bbox 1516 1155 1657 1232; x_wconf 76' lang='grc' dir='ltr'>οὐδὲν</span> <span class='ocrx_word' id='word_1_111' title='bbox 1687 1155 1761 1208; x_wconf 86' lang='grc' dir='ltr'>ἔτι</span> <span class='ocrx_word' id='word_1_112' title='bbox 1794 1177 1915 1223; x_wconf 88' lang='grc' dir='ltr'>πρη-</span> 
     </span>
    </p>

    <p class='ocr_par' dir='ltr' id='par_1_5' title="bbox 154 1237 2076 1476">
     <span class='ocr_line' id='line_1_14' title="bbox 154 1237 1919 1308; baseline 0.002 -19"><span class='ocrx_word' id='word_1_113' title='bbox 154 1251 220 1300; x_wconf 84' lang='grc'>88</span> <span class='ocrx_word' id='word_1_114' title='bbox 258 1237 632 1305; x_wconf 87' lang='grc' dir='ltr'>γματευθέντες.</span> <span class='ocrx_word' id='word_1_115' title='bbox 739 1239 768 1304; x_wconf 87' lang='grc' dir='ltr'>ἡ</span> <span class='ocrx_word' id='word_1_116' title='bbox 814 1242 867 1292; x_wconf 82' lang='grc' dir='ltr'>δὲ</span> <span class='ocrx_word' id='word_1_117' title='bbox 910 1241 1048 1307; x_wconf 91' lang='grc' dir='ltr'>τρίτη</span> <span class='ocrx_word' id='word_1_118' title='bbox 1095 1241 1384 1308; x_wconf 90' lang='grc' dir='ltr'>ταρίχευσίς</span> <span class='ocrx_word' id='word_1_119' title='bbox 1428 1242 1539 1292; x_wconf 89' lang='grc' dir='ltr'>ἐστι</span> <span class='ocrx_word' id='word_1_120' title='bbox 1582 1240 1684 1305; x_wconf 90' lang='grc' dir='ltr'>ἥδε,</span> <span class='ocrx_word' id='word_1_121' title='bbox 1730 1238 1761 1304; x_wconf 87' lang='grc' dir='ltr'>ἢ</span> <span class='ocrx_word' id='word_1_122' title='bbox 1804 1240 1919 1294; x_wconf 86' lang='grc' dir='ltr'>τοὺς</span> 
     </span>
     <span class='ocr_line' id='line_1_15' title="bbox 258 1315 2098 1427; baseline 0.001 -53"><span class='ocrx_word' id='word_1_123' title='bbox 258 1320 482 1390; x_wconf 91' lang='grc' dir='ltr'>χρήμασι</span> <span class='ocrx_word' id='word_1_124' title='bbox 529 1322 922 1391; x_wconf 84' lang='grc' dir='ltr'>ἀσθενεστέρους</span> <span class='ocrx_word' id='word_1_125' title='bbox 975 1322 1218 1388; x_wconf 78' lang='grc' dir='ltr'>σκευάζει.</span> <span class='ocrx_word' id='word_1_126' title='bbox 1325 1325 1538 1397; x_wconf 65' lang='grc' dir='ltr'>συρμαίῃ</span> <span class='ocrx_word' id='word_1_127' title='bbox 1591 1315 2098 1427; x_wconf 63' lang='grc' dir='ltr'>διηθήσαντεςσάῆ·</span> 
     </span>
     <span class='ocr_line' id='line_1_16' title="bbox 258 1405 1992 1476; baseline 0.001 -18"><span class='ocrx_word' id='word_1_128' title='bbox 258 1405 348 1470; x_wconf 79' lang='grc' dir='ltr'>τὴν</span> <span class='ocrx_word' id='word_1_129' title='bbox 374 1409 566 1472; x_wconf 91' lang='grc' dir='ltr'>κοιλίην</span> <span class='ocrx_word' id='word_1_130' title='bbox 595 1408 915 1476; x_wconf 82' lang='grc' dir='ltr'>ταριχεύουσι</span> <span class='ocrx_word' id='word_1_131' title='bbox 936 1410 1025 1461; x_wconf 81' lang='grc' dir='ltr'>τὰς</span> <span class='ocrx_word' id='word_1_132' title='bbox 1057 1405 1401 1474; x_wconf 83' lang='grc' dir='ltr'>ἑβδομήκοντα</span> <span class='ocrx_word' id='word_1_133' title='bbox 1429 1407 1614 1475; x_wconf 87' lang='grc' dir='ltr'>ἡμέρας</span> <span class='ocrx_word' id='word_1_134' title='bbox 1646 1409 1724 1460; x_wconf 89' lang='grc' dir='ltr'>καὶ</span> <span class='ocrx_word' id='word_1_135' title='bbox 1748 1407 1919 1461; x_wconf 82' lang='grc' dir='ltr'>ἔπειτα</span> <span class='ocrx_word' id='word_1_136' title='bbox 1946 1427 1992 1469; x_wconf 89' lang='lat'>15</span> 
     </span>
    </p>

    <p class='ocr_par' dir='ltr' id='par_1_6' title="bbox 149 1488 1918 1812">
     <span class='ocr_line' id='line_1_17' title="bbox 149 1488 1913 1559; baseline 0.001 -17"><span class='ocrx_word' id='word_1_137' title='bbox 149 1490 342 1557; x_wconf 13' lang='lat' dir='ltr'>89⁸&amp;7r’</span> <span class='ocrx_word' id='word_1_138' title='bbox 384 1488 452 1542; x_wconf 84' lang='grc' dir='ltr'>ὠν</span> <span class='ocrx_word' id='word_1_139' title='bbox 490 1491 680 1543; x_wconf 84' lang='grc' dir='ltr'>ἔδωκαν</span> <span class='ocrx_word' id='word_1_140' title='bbox 720 1493 1082 1559; x_wconf 87' lang='grc' dir='ltr'>ἀποφέρεσθαι.</span> <span class='ocrx_word' id='word_1_141' title='bbox 1170 1493 1259 1546; x_wconf 82' lang='grc' dir='ltr'>τὰς</span> <span class='ocrx_word' id='word_1_142' title='bbox 1299 1494 1352 1543; x_wconf 93' lang='grc' dir='ltr'>δε</span> <span class='ocrx_word' id='word_1_143' title='bbox 1393 1497 1627 1559; x_wconf 90' lang='grc' dir='ltr'>γυναῖκας</span> <span class='ocrx_word' id='word_1_144' title='bbox 1665 1497 1763 1543; x_wconf 86' lang='grc' dir='ltr'>τῶν</span> <span class='ocrx_word' id='word_1_145' title='bbox 1809 1493 1913 1544; x_wconf 82' lang='grc' dir='ltr'>ἐπι-</span> 
     </span>
     <span class='ocr_line' id='line_1_18' title="bbox 259 1573 1918 1643; baseline 0.001 -18"><span class='ocrx_word' id='word_1_146' title='bbox 259 1573 462 1641; x_wconf 88' lang='grc' dir='ltr'>φανέων</span> <span class='ocrx_word' id='word_1_147' title='bbox 492 1577 701 1642; x_wconf 86' lang='grc' dir='ltr'>ἀνδρῶν,</span> <span class='ocrx_word' id='word_1_148' title='bbox 736 1578 887 1627; x_wconf 82' lang='grc' dir='ltr'>ἐπεὰν</span> <span class='ocrx_word' id='word_1_149' title='bbox 922 1575 1286 1642; x_wconf 87' lang='grc' dir='ltr'>τελευτήσωσι,</span> <span class='ocrx_word' id='word_1_150' title='bbox 1320 1576 1378 1628; x_wconf 82' lang='grc' dir='ltr'>οὐ</span> <span class='ocrx_word' id='word_1_151' title='bbox 1411 1577 1685 1643; x_wconf 80' lang='grc' dir='ltr'>παραυτίκα</span> <span class='ocrx_word' id='word_1_152' title='bbox 1724 1578 1918 1628; x_wconf 88' lang='grc' dir='ltr'>διδοῦσι</span> 
     </span>
     <span class='ocr_line' id='line_1_19' title="bbox 257 1658 1918 1728; baseline 0.001 -18"><span class='ocrx_word' id='word_1_153' title='bbox 257 1658 552 1727; x_wconf 83' lang='grc' dir='ltr'>ταριχεύειν,</span> <span class='ocrx_word' id='word_1_154' title='bbox 599 1661 711 1712; x_wconf 77' lang='grc' dir='ltr'>οὐδὲ</span> <span class='ocrx_word' id='word_1_155' title='bbox 755 1661 873 1711; x_wconf 84' lang='grc' dir='ltr'>ὅσαι</span> <span class='ocrx_word' id='word_1_156' title='bbox 918 1660 979 1712; x_wconf 85' lang='grc' dir='ltr'>ἂν</span> <span class='ocrx_word' id='word_1_157' title='bbox 1024 1660 1145 1712; x_wconf 82' lang='grc' dir='ltr'>ἔωσι</span> <span class='ocrx_word' id='word_1_158' title='bbox 1191 1659 1399 1714; x_wconf 85' lang='grc' dir='ltr'>εὐειδέες</span> <span class='ocrx_word' id='word_1_159' title='bbox 1444 1659 1598 1728; x_wconf 89' lang='grc' dir='ltr'>κάρτα</span> <span class='ocrx_word' id='word_1_160' title='bbox 1643 1659 1721 1712; x_wconf 88' lang='grc' dir='ltr'>καὶ</span> <span class='ocrx_word' id='word_1_161' title='bbox 1761 1660 1918 1727; x_wconf 82' lang='grc' dir='ltr'>λόγου</span> 
     </span>
     <span class='ocr_line' id='line_1_20' title="bbox 257 1743 1914 1812; baseline 0.001 -17"><span class='ocrx_word' id='word_1_162' title='bbox 257 1747 468 1797; x_wconf 87' lang='grc' dir='ltr'>πλεῦνος</span> <span class='ocrx_word' id='word_1_163' title='bbox 515 1748 759 1811; x_wconf 86' lang='grc' dir='ltr'>γυναῖκες·</span> <span class='ocrx_word' id='word_1_164' title='bbox 806 1743 923 1796; x_wconf 82' lang='grc' dir='ltr'>ἀλλ’</span> <span class='ocrx_word' id='word_1_165' title='bbox 972 1746 1122 1797; x_wconf 81' lang='grc' dir='ltr'>ἐπεὰν</span> <span class='ocrx_word' id='word_1_166' title='bbox 1170 1749 1382 1811; x_wconf 84' lang='grc' dir='ltr'>τριταῖαι</span> <span class='ocrx_word' id='word_1_167' title='bbox 1428 1766 1459 1808; x_wconf 91' lang='grc' dir='ltr'>η</span> <span class='ocrx_word' id='word_1_168' title='bbox 1503 1748 1786 1812; x_wconf 84' lang='grc' dir='ltr'>τεταρταῖαι</span> <span class='ocrx_word' id='word_1_169' title='bbox 1831 1743 1914 1811; x_wconf 89' lang='grc' dir='ltr'>γέ-</span> 
     </span>
    </p>

    <p class='ocr_par' dir='ltr' id='par_1_7' title="bbox 189 1828 1993 2070">
     <span class='ocr_line' id='line_1_21' title="bbox 189 1828 1993 1896; baseline 0 -18"><span class='ocrx_word' id='word_1_170' title='bbox 189 1848 213 1879; x_wconf 89' lang='lat'><strong>2</strong></span> <span class='ocrx_word' id='word_1_171' title='bbox 257 1848 453 1887; x_wconf 90' lang='grc' dir='ltr'>νωνται,</span> <span class='ocrx_word' id='word_1_172' title='bbox 504 1829 629 1880; x_wconf 81' lang='grc' dir='ltr'>οὕτω</span> <span class='ocrx_word' id='word_1_173' title='bbox 683 1831 1009 1895; x_wconf 84' lang='grc' dir='ltr'>παραδιδοῦσι</span> <span class='ocrx_word' id='word_1_174' title='bbox 1057 1833 1189 1880; x_wconf 89' lang='grc' dir='ltr'>τοῖσι</span> <span class='ocrx_word' id='word_1_175' title='bbox 1235 1828 1569 1896; x_wconf 88' lang='grc' dir='ltr'>ταριχεύουσι.</span> <span class='ocrx_word' id='word_1_176' title='bbox 1674 1833 1816 1880; x_wconf 91' lang='grc' dir='ltr'>τοῦτο</span> <span class='ocrx_word' id='word_1_177' title='bbox 1863 1831 1916 1881; x_wconf 82' lang='grc' dir='ltr'>δὲ</span> <span class='ocrx_word' id='word_1_178' title='bbox 1944 1852 1993 1879; x_wconf 83' lang='lat'>20</span> 
     </span>
     <span class='ocr_line' id='line_1_22' title="bbox 257 1903 1916 1980; baseline 0 -17"><span class='ocrx_word' id='word_1_179' title='bbox 257 1917 454 1964; x_wconf 90' lang='grc' dir='ltr'>ποιεῦσι</span> <span class='ocrx_word' id='word_1_180' title='bbox 504 1914 630 1964; x_wconf 85' lang='grc' dir='ltr'>οὕτω</span> <span class='ocrx_word' id='word_1_181' title='bbox 682 1917 825 1965; x_wconf 90' lang='grc' dir='ltr'>τοῦδε</span> <span class='ocrx_word' id='word_1_182' title='bbox 879 1914 1080 1972; x_wconf 83' lang='grc' dir='ltr'>εἵνεκεν,</span> <span class='ocrx_word' id='word_1_183' title='bbox 1131 1914 1213 1964; x_wconf 83' lang='grc' dir='ltr'>ἵνα</span> <span class='ocrx_word' id='word_1_184' title='bbox 1262 1934 1328 1977; x_wconf 89' lang='grc' dir='ltr'>μη</span> <span class='ocrx_word' id='word_1_185' title='bbox 1382 1903 1480 1980; x_wconf 91' lang='grc' dir='ltr'>σφι</span> <span class='ocrx_word' id='word_1_186' title='bbox 1531 1915 1578 1965; x_wconf 83' lang='grc' dir='ltr'>οἱ</span> <span class='ocrx_word' id='word_1_187' title='bbox 1629 1912 1916 1980; x_wconf 90' lang='grc' dir='ltr'>ταριχευταὶ</span> 
     </span>
     <span class='ocr_line' id='line_1_23' title="bbox 255 1995 1913 2070; baseline -0.001 -23"><span class='ocrx_word' id='word_1_188' title='bbox 255 1997 536 2063; x_wconf 91' lang='grc' dir='ltr'>μίσγωνται</span> <span class='ocrx_word' id='word_1_189' title='bbox 566 2004 684 2070; x_wconf 83' lang='grc' dir='ltr'>τῇσι</span> <span class='ocrx_word' id='word_1_190' title='bbox 713 1996 921 2064; x_wconf 81' lang='grc' dir='ltr'>γυναιξί.</span> <span class='ocrx_word' id='word_1_191' title='bbox 987 2000 1284 2064; x_wconf 86' lang='grc' dir='ltr'>λαμφθῆναι</span> <span class='ocrx_word' id='word_1_192' title='bbox 1306 1995 1401 2063; x_wconf 88' lang='grc' dir='ltr'>γάρ</span> <span class='ocrx_word' id='word_1_193' title='bbox 1432 1995 1543 2048; x_wconf 88' lang='grc' dir='ltr'>τινά</span> <span class='ocrx_word' id='word_1_194' title='bbox 1575 2003 1705 2064; x_wconf 90' lang='grc' dir='ltr'>φασι</span> <span class='ocrx_word' id='word_1_195' title='bbox 1732 1996 1913 2063; x_wconf 87' lang='grc' dir='ltr'>μισγό-</span> 
     </span>
    </p>

    <p class='ocr_par' dir='ltr' id='par_1_8' title="bbox 0 2073 1911 2232">
     <span class='ocr_line' id='line_1_24' title="bbox 0 2073 1910 2159; baseline 0 -27"><span class='ocrx_word' id='word_1_196' title='bbox 0 2073 212 2159; x_wconf 51' lang='grc' dir='ltr'>ὦνιωωι</span> <span class='ocrx_word' id='word_1_197' title='bbox 256 2101 408 2144; x_wconf 93' lang='grc' dir='ltr'>μενον</span> <span class='ocrx_word' id='word_1_198' title='bbox 430 2086 584 2151; x_wconf 76' lang='grc' dir='ltr'>νεκρῷ</span> <span class='ocrx_word' id='word_1_199' title='bbox 610 2079 886 2150; x_wconf 57' lang='grc' dir='ltr'>προσφάτῳ</span> <span class='ocrx_word' id='word_1_200' title='bbox 911 2082 1158 2148; x_wconf 89' lang='grc' dir='ltr'>γυναικός,</span> <span class='ocrx_word' id='word_1_201' title='bbox 1187 2085 1411 2133; x_wconf 89' lang='grc' dir='ltr'>κατεῖπαι</span> <span class='ocrx_word' id='word_1_202' title='bbox 1436 2083 1490 2132; x_wconf 80' lang='grc' dir='ltr'>δὲ</span> <span class='ocrx_word' id='word_1_203' title='bbox 1513 2079 1598 2132; x_wconf 84' lang='grc' dir='ltr'>τὸν</span> <span class='ocrx_word' id='word_1_204' title='bbox 1622 2081 1910 2148; x_wconf 90' lang='grc' dir='ltr'>ὁμότεχνον.</span> 
     </span>
     <span class='ocr_line' id='line_1_25' title="bbox 146 2160 1911 2232; baseline -0.001 -16"><span class='ocrx_word' id='word_1_205' title='bbox 146 2180 220 2227; x_wconf 87' lang='grc' dir='ltr'>9ο</span> <span class='ocrx_word' id='word_1_206' title='bbox 259 2162 313 2217; x_wconf 86' lang='grc' dir='ltr'>ὃς</span> <span class='ocrx_word' id='word_1_207' title='bbox 351 2164 392 2214; x_wconf 82' lang='grc' dir='ltr'>δ’</span> <span class='ocrx_word' id='word_1_208' title='bbox 428 2164 489 2217; x_wconf 82' lang='grc' dir='ltr'>ἂν</span> <span class='ocrx_word' id='word_1_209' title='bbox 525 2161 554 2229; x_wconf 80' lang='grc' dir='ltr'>ἢ</span> <span class='ocrx_word' id='word_1_210' title='bbox 592 2165 751 2217; x_wconf 85' lang='grc' dir='ltr'>αὐτῶν</span> <span class='ocrx_word' id='word_1_211' title='bbox 784 2166 1066 2232; x_wconf 84' lang='grc' dir='ltr'>Αἰγυπτίων</span> <span class='ocrx_word' id='word_1_212' title='bbox 1103 2160 1132 2228; x_wconf 88' lang='grc' dir='ltr'>ἢ</span> <span class='ocrx_word' id='word_1_213' title='bbox 1174 2163 1351 2229; x_wconf 81' lang='grc' dir='ltr'>ξείνων</span> <span class='ocrx_word' id='word_1_214' title='bbox 1386 2165 1566 2230; x_wconf 89' lang='grc' dir='ltr'>ὁμοίως</span> <span class='ocrx_word' id='word_1_215' title='bbox 1606 2163 1702 2215; x_wconf 83' lang='grc' dir='ltr'>ὑπὸ</span> <span class='ocrx_word' id='word_1_216' title='bbox 1743 2185 1911 2230; x_wconf 91' lang='grc' dir='ltr'>κροκο-</span> 
     </span>
    </p>

    <p class='ocr_par' dir='ltr' id='par_1_9' title="bbox 96 2237 2057 2484">
     <span class='ocr_line' id='line_1_26' title="bbox 96 2237 2057 2318; baseline 0 -20"><span class='ocrx_word' id='word_1_217' title='bbox 96 2237 98 2240; x_wconf 69' lang='lat'><em>,</em></span> <span class='ocrx_word' id='word_1_218' title='bbox 258 2249 424 2300; x_wconf 89' lang='grc' dir='ltr'>δείλου</span> <span class='ocrx_word' id='word_1_219' title='bbox 484 2250 759 2315; x_wconf 81' lang='grc' dir='ltr'>ἁρπασθεὶς</span> <span class='ocrx_word' id='word_1_220' title='bbox 818 2245 848 2313; x_wconf 81' lang='grc' dir='ltr'>ἢ</span> <span class='ocrx_word' id='word_1_221' title='bbox 903 2249 986 2300; x_wconf 82' lang='grc' dir='ltr'>ὑπ’</span> <span class='ocrx_word' id='word_1_222' title='bbox 1045 2250 1194 2301; x_wconf 85' lang='grc' dir='ltr'>αὐτοῦ</span> <span class='ocrx_word' id='word_1_223' title='bbox 1252 2253 1338 2299; x_wconf 92' lang='grc' dir='ltr'>τοῦ</span> <span class='ocrx_word' id='word_1_224' title='bbox 1399 2252 1620 2313; x_wconf 89' lang='grc' dir='ltr'>ποταμοῦ</span> <span class='ocrx_word' id='word_1_225' title='bbox 1677 2248 1988 2318; x_wconf 65' lang='grc' dir='ltr'>φαίνηταιο5</span> <span class='ocrx_word' id='word_1_226' title='bbox 2055 2254 2057 2256; x_wconf 77' lang='grc'><strong>’</strong></span> 
     </span>
     <span class='ocr_line' id='line_1_27' title="bbox 257 2329 1912 2404; baseline 0.001 -23"><span class='ocrx_word' id='word_1_227' title='bbox 257 2332 480 2390; x_wconf 85' lang='grc' dir='ltr'>τεθνεώς,</span> <span class='ocrx_word' id='word_1_228' title='bbox 516 2332 621 2383; x_wconf 91' lang='grc' dir='ltr'>κατ’</span> <span class='ocrx_word' id='word_1_229' title='bbox 652 2331 713 2397; x_wconf 87' lang='grc' dir='ltr'>ἣν</span> <span class='ocrx_word' id='word_1_230' title='bbox 744 2332 805 2384; x_wconf 85' lang='grc' dir='ltr'>ἂν</span> <span class='ocrx_word' id='word_1_231' title='bbox 838 2334 990 2385; x_wconf 90' lang='grc' dir='ltr'>πόλιν</span> <span class='ocrx_word' id='word_1_232' title='bbox 1022 2329 1296 2404; x_wconf 81' lang='grc' dir='ltr'>ἐξενειχθῇ,</span> <span class='ocrx_word' id='word_1_233' title='bbox 1330 2332 1530 2385; x_wconf 87' lang='grc' dir='ltr'>τούτους</span> <span class='ocrx_word' id='word_1_234' title='bbox 1553 2335 1694 2384; x_wconf 79' lang='grc' dir='ltr'>πᾶσα</span> <span class='ocrx_word' id='word_1_235' title='bbox 1724 2331 1912 2398; x_wconf 85' lang='grc' dir='ltr'>ἀνάγκη</span> 
     </span>
     <span class='ocr_line' id='line_1_28' title="bbox 257 2414 1915 2484; baseline 0.001 -19"><span class='ocrx_word' id='word_1_236' title='bbox 257 2415 367 2466; x_wconf 85' lang='grc' dir='ltr'>ἐστὶ</span> <span class='ocrx_word' id='word_1_237' title='bbox 399 2417 794 2484; x_wconf 90' lang='grc' dir='ltr'>ταριχεύσαντας</span> <span class='ocrx_word' id='word_1_238' title='bbox 825 2415 972 2468; x_wconf 84' lang='grc' dir='ltr'>αὐτὸν</span> <span class='ocrx_word' id='word_1_239' title='bbox 1005 2416 1084 2468; x_wconf 88' lang='grc' dir='ltr'>καὶ</span> <span class='ocrx_word' id='word_1_240' title='bbox 1127 2417 1537 2482; x_wconf 86' lang='grc' dir='ltr'>περιστείλαντας</span> <span class='ocrx_word' id='word_1_241' title='bbox 1568 2415 1633 2469; x_wconf 86' lang='grc' dir='ltr'>ὧς</span> <span class='ocrx_word' id='word_1_242' title='bbox 1665 2414 1915 2467; x_wconf 89' lang='grc' dir='ltr'>κάλλιστα</span> 
     </span>
    </p>
   </div>
   <div class='ocr_carea' id='block_1_3' title="bbox 252 2551 1914 2934">
    <p class='ocr_par' dir='ltr' id='par_1_10' title="bbox 252 2551 1914 2934">
     <span class='ocr_line' id='line_1_29' title="bbox 309 2551 1913 2605; baseline -0.001 -14"><span class='ocrx_word' id='word_1_243' title='bbox 309 2566 334 2591; x_wconf 86' lang='lat'><em>2</em></span> <span class='ocrx_word' id='word_1_244' title='bbox 364 2553 457 2594; x_wconf 85' lang='grc' dir='ltr'>τοὺς</span> <span class='ocrx_word' id='word_1_245' title='bbox 487 2567 568 2592; x_wconf 91' lang='lat' dir='ltr'>om.</span> <span class='ocrx_word' id='word_1_246' title='bbox 603 2554 636 2592; x_wconf 91' lang='lat' dir='ltr'>P</span> <span class='ocrx_word' id='word_1_247' title='bbox 654 2553 692 2591; x_wconf 88' lang='lat' dir='ltr'>R</span> <span class='ocrx_word' id='word_1_248' title='bbox 711 2553 796 2593; x_wconf 88' lang='lat' dir='ltr'>SV</span> <span class='ocrx_word' id='word_1_249' title='bbox 960 2567 985 2602; x_wconf 91' lang='lat'>4</span> <span class='ocrx_word' id='word_1_250' title='bbox 1027 2551 1298 2603; x_wconf 83' lang='grc' dir='ltr'>ἀνατεμόντες</span> <span class='ocrx_word' id='word_1_251' title='bbox 1329 2552 1367 2590; x_wconf 90' lang='lat' dir='ltr'><strong>R</strong></span> <span class='ocrx_word' id='word_1_252' title='bbox 1533 2563 1558 2601; x_wconf 87' lang='lat'>5</span> <span class='ocrx_word' id='word_1_253' title='bbox 1593 2551 1659 2605; x_wconf 80' lang='grc' dir='ltr'>δὲ]</span> <span class='ocrx_word' id='word_1_254' title='bbox 1690 2569 1738 2593; x_wconf 87' lang='grc' dir='ltr'>τε</span> <span class='ocrx_word' id='word_1_255' title='bbox 1767 2551 1806 2590; x_wconf 91' lang='grc' dir='ltr'>Α</span> <span class='ocrx_word' id='word_1_256' title='bbox 1824 2551 1860 2590; x_wconf 89' lang='grc' dir='ltr'><em>Β</em></span> <span class='ocrx_word' id='word_1_257' title='bbox 1879 2551 1913 2590; x_wconf 92' lang='lat' dir='ltr'>C</span> 
     </span>
     <span class='ocr_line' id='line_1_30' title="bbox 257 2607 1910 2660; baseline -0.002 -10"><span class='ocrx_word' id='word_1_258' title='bbox 257 2620 279 2656; x_wconf 91' lang='lat'><strong>7</strong></span> <span class='ocrx_word' id='word_1_259' title='bbox 308 2607 455 2659; x_wconf 80' lang='grc' dir='ltr'>κέδρην</span> <span class='ocrx_word' id='word_1_260' title='bbox 476 2608 515 2647; x_wconf 92' lang='lat' dir='ltr'><strong>R</strong></span> <span class='ocrx_word' id='word_1_261' title='bbox 531 2608 560 2646; x_wconf 88' lang='lat' dir='ltr'>S</span> <span class='ocrx_word' id='word_1_262' title='bbox 574 2609 613 2647; x_wconf 93' lang='lat' dir='ltr'>V</span> <span class='ocrx_word' id='word_1_263' title='bbox 848 2621 897 2647; x_wconf 84' lang='lat'>10</span> <span class='ocrx_word' id='word_1_264' title='bbox 926 2608 1067 2660; x_wconf 84' lang='grc' dir='ltr'>λίτρον</span> <span class='ocrx_word' id='word_1_265' title='bbox 1088 2608 1122 2646; x_wconf 89' lang='lat' dir='ltr'>C</span> <span class='ocrx_word' id='word_1_266' title='bbox 1138 2608 1193 2647; x_wconf 88' lang='lat' dir='ltr'>P:</span> <span class='ocrx_word' id='word_1_267' title='bbox 1226 2608 1360 2660; x_wconf 85' lang='grc' dir='ltr'>νίτρον</span> <span class='ocrx_word' id='word_1_268' title='bbox 1381 2607 1468 2646; x_wconf 85' lang='lat' dir='ltr'><strong>rell.</strong></span> <span class='ocrx_word' id='word_1_269' title='bbox 1697 2619 1746 2656; x_wconf 86' lang='lat'>13</span> <span class='ocrx_word' id='word_1_270' title='bbox 1775 2607 1801 2655; x_wconf 73' lang='grc' dir='ltr'>ἢ</span> <span class='ocrx_word' id='word_1_271' title='bbox 1828 2619 1910 2647; x_wconf 87' lang='lat' dir='ltr'>om.</span> 
     </span>
     <span class='ocr_line' id='line_1_31' title="bbox 254 2661 1908 2717; baseline -0.001 -16"><span class='ocrx_word' id='word_1_272' title='bbox 254 2661 418 2702; x_wconf 91' lang='lat' dir='ltr'>RSV:</span> <span class='ocrx_word' id='word_1_273' title='bbox 459 2677 514 2702; x_wconf 86' lang='lat' dir='ltr'>an</span> <span class='ocrx_word' id='word_1_274' title='bbox 542 2662 596 2717; x_wconf 84' lang='grc' dir='ltr'>ᾑ.</span> <span class='ocrx_word' id='word_1_275' title='bbox 645 2662 941 2714; x_wconf 71' lang='grc' dir='ltr'>.σκευάζουσι”ζ</span> <span class='ocrx_word' id='word_1_276' title='bbox 1136 2675 1180 2710; x_wconf 86' lang='lat'>14</span> <span class='ocrx_word' id='word_1_277' title='bbox 1223 2665 1324 2709; x_wconf 90' lang='grc' dir='ltr'>διηδ.</span> <span class='ocrx_word' id='word_1_278' title='bbox 1361 2661 1451 2699; x_wconf 90' lang='lat' dir='ltr'>RV</span> <span class='ocrx_word' id='word_1_279' title='bbox 1637 2672 1686 2711; x_wconf 91' lang='lat'>15</span> <span class='ocrx_word' id='word_1_280' title='bbox 1726 2661 1799 2702; x_wconf 76' lang='grc' dir='ltr'>τὰς</span> <span class='ocrx_word' id='word_1_281' title='bbox 1827 2673 1908 2700; x_wconf 89' lang='lat' dir='ltr'>om.</span> 
     </span>
     <span class='ocr_line' id='line_1_32' title="bbox 256 2713 1914 2769; baseline 0 -15"><span class='ocrx_word' id='word_1_282' title='bbox 256 2713 290 2754; x_wconf 87' lang='lat' dir='ltr'>P</span> <span class='ocrx_word' id='word_1_283' title='bbox 305 2716 343 2754; x_wconf 88' lang='lat' dir='ltr'>R</span> <span class='ocrx_word' id='word_1_284' title='bbox 360 2718 389 2756; x_wconf 94' lang='lat' dir='ltr'>S</span> <span class='ocrx_word' id='word_1_285' title='bbox 404 2718 441 2755; x_wconf 95' lang='lat' dir='ltr'>V</span> <span class='ocrx_word' id='word_1_286' title='bbox 638 2719 686 2756; x_wconf 90' lang='lat'>18</span> <span class='ocrx_word' id='word_1_287' title='bbox 715 2717 853 2768; x_wconf 73' lang='grc' dir='ltr'>ὦσι(ν)</span> <span class='ocrx_word' id='word_1_288' title='bbox 879 2718 912 2755; x_wconf 89' lang='lat' dir='ltr'><strong>L</strong></span> <span class='ocrx_word' id='word_1_289' title='bbox 1036 2715 1162 2767; x_wconf 78' lang='grc' dir='ltr'>λόγος</span> <span class='ocrx_word' id='word_1_290' title='bbox 1185 2716 1223 2754; x_wconf 89' lang='lat' dir='ltr'>R</span> <span class='ocrx_word' id='word_1_291' title='bbox 1241 2716 1316 2769; x_wconf 79' lang='lat' dir='ltr'>[V]</span> <span class='ocrx_word' id='word_1_292' title='bbox 1506 2728 1556 2765; x_wconf 90' lang='lat'>19</span> <span class='ocrx_word' id='word_1_293' title='bbox 1585 2719 1756 2757; x_wconf 75' lang='grc' dir='ltr'>πλεῦνες</span> <span class='ocrx_word' id='word_1_294' title='bbox 1778 2715 1817 2754; x_wconf 89' lang='lat' dir='ltr'>R</span> <span class='ocrx_word' id='word_1_295' title='bbox 1832 2715 1862 2754; x_wconf 88' lang='lat' dir='ltr'>S</span> <span class='ocrx_word' id='word_1_296' title='bbox 1875 2715 1914 2754; x_wconf 93' lang='lat' dir='ltr'>V</span> 
     </span>
     <span class='ocr_line' id='line_1_33' title="bbox 254 2770 1911 2821; baseline -0.001 -10"><span class='ocrx_word' id='word_1_297' title='bbox 254 2783 303 2810; x_wconf 85' lang='lat'>21</span> <span class='ocrx_word' id='word_1_298' title='bbox 337 2772 516 2813; x_wconf 84' lang='grc' dir='ltr'>ποιέουσι</span> <span class='ocrx_word' id='word_1_299' title='bbox 539 2772 573 2810; x_wconf 91' lang='grc' dir='ltr'>Ρ</span> <span class='ocrx_word' id='word_1_300' title='bbox 589 2773 627 2811; x_wconf 91' lang='lat' dir='ltr'>R</span> <span class='ocrx_word' id='word_1_301' title='bbox 643 2773 673 2812; x_wconf 91' lang='lat' dir='ltr'>S</span> <span class='ocrx_word' id='word_1_302' title='bbox 687 2772 725 2811; x_wconf 93' lang='lat' dir='ltr'>V</span> <span class='ocrx_word' id='word_1_303' title='bbox 837 2773 971 2813; x_wconf 77' lang='grc' dir='ltr'>εἵνεκα</span> <span class='ocrx_word' id='word_1_304' title='bbox 991 2771 1025 2810; x_wconf 90' lang='grc' dir='ltr'>Ρ</span> <span class='ocrx_word' id='word_1_305' title='bbox 1040 2771 1079 2810; x_wconf 90' lang='lat' dir='ltr'>R</span> <span class='ocrx_word' id='word_1_306' title='bbox 1095 2772 1125 2811; x_wconf 89' lang='lat' dir='ltr'>S</span> <span class='ocrx_word' id='word_1_307' title='bbox 1139 2771 1178 2809; x_wconf 94' lang='lat' dir='ltr'>V</span> <span class='ocrx_word' id='word_1_308' title='bbox 1306 2783 1359 2808; x_wconf 83' lang='lat'>22</span> <span class='ocrx_word' id='word_1_309' title='bbox 1389 2779 1444 2810; x_wconf 86' lang='grc' dir='ltr'>λα</span> <span class='ocrx_word' id='word_1_310' title='bbox 1458 2781 1484 2809; x_wconf 78' lang='lat'>4</span> <span class='ocrx_word' id='word_1_311' title='bbox 1499 2772 1644 2821; x_wconf 86' lang='grc' dir='ltr'>φθῆναι</span> <span class='ocrx_word' id='word_1_312' title='bbox 1666 2770 1700 2808; x_wconf 89' lang='grc' dir='ltr'>Β</span> <span class='ocrx_word' id='word_1_313' title='bbox 1810 2778 1911 2820; x_wconf 86' lang='grc' dir='ltr'>φασι</span> 
     </span>
     <span class='ocr_line' id='line_1_34' title="bbox 252 2823 1911 2876; baseline -0.001 -12"><span class='ocrx_word' id='word_1_314' title='bbox 252 2827 344 2867; x_wconf 82' lang='grc' dir='ltr'>τινὰ</span> <span class='ocrx_word' id='word_1_315' title='bbox 375 2826 414 2867; x_wconf 87' lang='lat' dir='ltr'>R</span> <span class='ocrx_word' id='word_1_316' title='bbox 432 2827 463 2866; x_wconf 88' lang='lat' dir='ltr'>S</span> <span class='ocrx_word' id='word_1_317' title='bbox 479 2827 517 2865; x_wconf 88' lang='lat' dir='ltr'>V</span> <span class='ocrx_word' id='word_1_318' title='bbox 737 2839 788 2876; x_wconf 85' lang='lat'>23</span> <span class='ocrx_word' id='word_1_319' title='bbox 818 2830 1002 2868; x_wconf 82' lang='grc' dir='ltr'>κατεῖπαι</span> <span class='ocrx_word' id='word_1_320' title='bbox 1035 2825 1068 2863; x_wconf 82' lang='grc' dir='ltr'>Ρ</span> <span class='ocrx_word' id='word_1_321' title='bbox 1087 2840 1096 2864; x_wconf 89' lang='lat'><strong>:</strong></span> <span class='ocrx_word' id='word_1_322' title='bbox 1134 2828 1301 2866; x_wconf 80' lang='grc' dir='ltr'>κατεῖπε</span> <span class='ocrx_word' id='word_1_323' title='bbox 1334 2825 1369 2863; x_wconf 89' lang='lat' dir='ltr'>R</span> <span class='ocrx_word' id='word_1_324' title='bbox 1391 2826 1421 2864; x_wconf 86' lang='lat' dir='ltr'>S</span> <span class='ocrx_word' id='word_1_325' title='bbox 1437 2825 1502 2862; x_wconf 88' lang='lat' dir='ltr'>V:</span> <span class='ocrx_word' id='word_1_326' title='bbox 1536 2826 1743 2865; x_wconf 78' lang='grc' dir='ltr'>κατειπεῖν</span> <span class='ocrx_word' id='word_1_327' title='bbox 1768 2823 1805 2862; x_wconf 91' lang='grc' dir='ltr'>Α</span> <span class='ocrx_word' id='word_1_328' title='bbox 1825 2824 1859 2862; x_wconf 91' lang='grc' dir='ltr'>Β</span> <span class='ocrx_word' id='word_1_329' title='bbox 1877 2824 1911 2862; x_wconf 93' lang='lat' dir='ltr'>C</span> 
     </span>
     <span class='ocr_line' id='line_1_35' title="bbox 253 2878 1911 2934; baseline 0 -17"><span class='ocrx_word' id='word_1_330' title='bbox 253 2893 304 2927; x_wconf 85' lang='lat'>24</span> <span class='ocrx_word' id='word_1_331' title='bbox 334 2881 403 2919; x_wconf 90' lang='lat' dir='ltr'>alt.</span> <span class='ocrx_word' id='word_1_332' title='bbox 428 2882 453 2930; x_wconf 80' lang='grc' dir='ltr'>ἢ</span> <span class='ocrx_word' id='word_1_333' title='bbox 474 2894 553 2922; x_wconf 87' lang='lat' dir='ltr'>om.</span> <span class='ocrx_word' id='word_1_334' title='bbox 573 2882 605 2920; x_wconf 90' lang='lat' dir='ltr'>C</span> <span class='ocrx_word' id='word_1_335' title='bbox 773 2894 824 2930; x_wconf 86' lang='lat'>25</span> <span class='ocrx_word' id='word_1_336' title='bbox 855 2881 1076 2934; x_wconf 76' lang='grc' dir='ltr'>ἆρπαχθεὶς</span> <span class='ocrx_word' id='word_1_337' title='bbox 1096 2879 1136 2918; x_wconf 91' lang='grc' dir='ltr'>Α</span> <span class='ocrx_word' id='word_1_338' title='bbox 1151 2880 1184 2917; x_wconf 91' lang='grc' dir='ltr'>Β</span> <span class='ocrx_word' id='word_1_339' title='bbox 1202 2880 1234 2917; x_wconf 93' lang='lat' dir='ltr'>C</span> <span class='ocrx_word' id='word_1_340' title='bbox 1251 2879 1284 2917; x_wconf 91' lang='lat' dir='ltr'>P</span> <span class='ocrx_word' id='word_1_341' title='bbox 1447 2881 1500 2916; x_wconf 83' lang='lat'>26</span> <span class='ocrx_word' id='word_1_342' title='bbox 1529 2880 1704 2927; x_wconf 74' lang='grc' dir='ltr'>τεθνηώς</span> <span class='ocrx_word' id='word_1_343' title='bbox 1727 2879 1760 2917; x_wconf 88' lang='grc' dir='ltr'>Ρ</span> <span class='ocrx_word' id='word_1_344' title='bbox 1776 2879 1812 2916; x_wconf 89' lang='lat' dir='ltr'>R</span> <span class='ocrx_word' id='word_1_345' title='bbox 1830 2878 1860 2917; x_wconf 88' lang='lat' dir='ltr'>S</span> <span class='ocrx_word' id='word_1_346' title='bbox 1874 2878 1911 2917; x_wconf 94' lang='lat' dir='ltr'>V</span> 
     </span>
    </p>
   </div>
   <div class='ocr_carea' id='block_1_4' title="bbox 254 2935 606 2988">
    <p class='ocr_par' dir='ltr' id='par_1_11' title="bbox 254 2935 606 2988">
     <span class='ocr_line' id='line_1_36' title="bbox 254 2935 606 2988; baseline -0.003 -14"><span class='ocrx_word' id='word_1_347' title='bbox 254 2937 443 2988; x_wconf 77' lang='grc' dir='ltr'>ἐξενεχθῇ</span> <span class='ocrx_word' id='word_1_348' title='bbox 466 2935 501 2974; x_wconf 86' lang='grc' dir='ltr'>Α</span> <span class='ocrx_word' id='word_1_349' title='bbox 519 2936 552 2973; x_wconf 89' lang='grc' dir='ltr'>Β</span> <span class='ocrx_word' id='word_1_350' title='bbox 573 2936 606 2973; x_wconf 90' lang='lat' dir='ltr'>C</span> 
     </span>
    </p>
   </div>
  </div>
 </body>
</html>
