2098 3320
41 108 106 158 ΙΙ.
135 121 167 168 3

134 255 168 302 4

145 1441 169 1485 02

821 105 1252 155 ΗΡΟΔΟΤΟΎ

205 235 574 302 μνησθήσομαι.
661 237 762 288 ὅσα
807 239 859 288 δὲ
906 234 1192 303 ἀνθρωπήια
1235 234 1514 302 πρήγματα,
1555 237 1650 287 ὧδε
1696 235 1873 302 ἔλεγον

205 320 565 388 ὁμολογέοντες
590 322 760 388 σφίσι,
784 321 1005 387 πρώτους
1026 320 1324 387 Αἰγυπτίους
1347 319 1620 386 ἀνθρώπων
1642 317 1873 371 ἁπάντων

207 405 422 471 ἐξευρεῖν
445 404 530 457 τὸν
554 405 797 464 ἐνιαυτόν,
824 396 1040 456 δυώδεκα
1069 403 1219 470 μέρεα
1249 402 1558 469 δασαμένους
1588 408 1686 455 τῶν
1709 401 1874 470 ὡρέων

209 491 258 543 ἐς
282 489 449 541 αὐτόν.
517 494 667 541 ταῦτα
691 492 744 541 δὲ
769 489 985 555 ἐξευρεῖν
1011 490 1062 539 ἐκ
1087 493 1184 540 τῶν
1207 487 1403 555 ἄστρων
1435 488 1627 554 ἔλεγον.
1692 486 1874 553 ἄγουσι

208 577 260 626 δὲ
293 577 483 644 τοσῷδε
514 573 808 641 σοφώτερον
829 571 1109 637 Ἑλλήνων,
1137 572 1246 639 ἐμοὶ
1277 571 1479 634 δοκέειν,
1503 573 1606 641 ὅσῳ
1622 570 1873 636 ’Έλληνες

208 661 300 723 μὲν
336 660 416 710 διὰ
455 659 621 725 τρίτου
662 658 798 712 ἔτεος
837 658 1116 723 ἐμβόλιμον
1154 654 1538 722 ἐπεμβάλλουσι
1572 660 1671 707 τῶν
1707 653 1873 722 ὡρέων

209 730 411 802 εἵνεκεν,
439 742 700 810 Αἰγύπτιοι
733 745 785 794 δὲ
817 741 1255 809 τριηκοντημέρους
1285 740 1490 808 ἄγοντες
1512 739 1628 793 τοὺς
1657 740 1874 792 δυώδεκα

207 831 365 892 μῆνας
385 826 630 894 ἐπάγουσι
650 828 744 878 ἀνὰ
764 830 862 878 πᾶν
882 827 992 880 ἔτος
1009 825 1155 878 πέντε
1174 824 1356 892 ἡμέρας
1373 823 1532 890 πάρεξ
1546 829 1632 876 τοῦ
1650 825 1870 891 ἀριθμοῦ,

211 914 293 964 καί
321 918 419 979 σφι
451 912 477 962 ὁ
510 912 686 965 κύκλος
716 916 814 962 τῶν
845 910 1011 982 ὡρέων
1043 912 1093 963 ἐς
1123 909 1278 962 τώυτὸ
1309 911 1509 976 περιιὼν
1532 908 1870 976 παραγίνεται.

207 995 426 1048 δυώδεκά
475 1018 530 1048 τε
581 999 707 1048 θεῶν
757 996 1034 1060 ἐπωνυμίας
1086 995 1263 1062 ἔλεγον
1310 995 1529 1061 πρώτους
1577 994 1873 1060 Αἰγυπτίους

209 1082 412 1146 νομίσαι
454 1081 532 1132 καὶ
559 1079 821 1145 “Έλληνας
857 1082 988 1146 παρὰ
1030 1079 1205 1146 σφέων
1245 1079 1540 1144 ἀναλαβεῖν,
1578 1077 1781 1143 βωμούς
1818 1097 1873 1129 τε

211 1167 289 1217 καὶ
313 1164 580 1232 ἀγάλματα
612 1166 691 1216 καὶ
721 1165 868 1229 νηοὺς
892 1168 1053 1216 θεοῖσι
1077 1165 1339 1228 ἀπονεῖμαι
1364 1162 1527 1230 σφέας
1550 1162 1771 1229 πρώτους
1794 1161 1873 1213 καὶ

212 1250 309 1319 ζῷέι
343 1251 398 1301 ἐν
433 1251 623 1301 λίθοισι
660 1248 930 1316 ἐγγλύψαι.
1018 1245 1133 1315 [καὶ]
1169 1248 1355 1299 τούτων
1389 1246 1482 1313 μέν
1517 1268 1604 1300 νυν
1638 1248 1700 1297 τὰ
1736 1244 1873 1298 πλέω

210 1334 337 1403 ἔργῳ
384 1332 592 1398 ἐδήλουν
632 1334 757 1384 οὕτω
801 1333 1058 1400 γενόμενα,
1098 1337 1409 1398 βασιλεῦσαι
1451 1334 1506 1384 δὲ
1548 1335 1744 1398 πρῶτον
1784 1331 1870 1381 Αἷ-

210 1418 399 1484 γύπτου
450 1417 711 1484 ἄνθρωπον
764 1417 942 1484 ἔλεγον
991 1421 1145 1469 Μῖνα.
1233 1417 1313 1468 ἐπὶ
1364 1416 1553 1479 τούτου,
1606 1413 1740 1479 πλὴν
1789 1418 1875 1465 τοῦ

210 1506 477 1569 Θηβαϊκοῦ
521 1507 686 1567 νομοῦ,
733 1505 904 1554 πᾶσαν
951 1503 1204 1568 Αἴγυπτον
1251 1501 1376 1553 εῖναι
1422 1500 1552 1559 ἕλος,
1600 1499 1679 1550 καὶ
1725 1497 1874 1563 αὐτῆς

210 1587 335 1639 εῖναι
380 1588 522 1639 οὐδὲν
565 1586 807 1654 ὑπερέχον
846 1591 944 1638 τῶν
987 1590 1073 1638 νῦν
1114 1586 1282 1652 ἔνερθε
1321 1586 1499 1651 λίμνης
1538 1587 1624 1648 τῆς
1665 1583 1874 1649 Μοίριος

209 1672 408 1735 ἐόντων,
444 1673 495 1725 ἐς
525 1670 615 1735 τὴν
646 1669 897 1724 ἀνάπλοος
935 1670 1033 1723 ἀπὸ
1064 1668 1329 1734 θαλάσσης
1359 1670 1484 1721 ἑπτὰ
1512 1666 1734 1735 ἡμερέων
1763 1666 1874 1718 ἐστὶ

208 1757 302 1807 ἀνὰ
346 1756 431 1807 τὸν
477 1756 716 1820 ποταμόν.
809 1756 887 1806 καὶ
935 1755 987 1806 εὖ
1038 1776 1123 1820 μοι
1174 1755 1373 1806 ἐδόκεον
1417 1751 1586 1819 λέγειν
1630 1750 1742 1818 περὶ
1786 1754 1874 1815 τῆς

208 1840 390 1908 χώρης.
462 1843 591 1904 δῆλα
621 1842 717 1906 γὰρ
744 1839 803 1904 δὴ
837 1838 915 1890 καὶ
944 1838 1009 1904 μὴ
1041 1838 1423 1905 προακούσαντι,
1458 1837 1610 1888 ἰδόντι
1640 1834 1708 1894 δέ,
1733 1835 1874 1888 ὅστις

208 1945 267 1990 γε
299 1925 506 1976 σύνεσιν
530 1923 652 1991 ἔχει,
678 1924 754 1974 ὅτι
778 1925 1027 1990 Αἴγυπτος
1058 1924 1108 1976 ἐς
1138 1921 1228 1986 τὴν
1242 1920 1495 1985 “Ελληνες
1524 1920 1873 1972 ναυτίλλονται

163 2069 183 2075 ρ
209 2009 318 2060 ἐστὶ
355 2009 672 2075 Αἰγυπτίοισι
715 2008 973 2072 ἐπίκτητός
1006 2029 1059 2059 τε
1097 2010 1159 2074 γῆ
1203 2007 1283 2057 καὶ
1322 2009 1493 2072 δῶρον’
1512 2009 1599 2055 τοῦ
1634 2008 1868 2070 ποταμοῦ,

0 2075 225 2107 ‚mm

0 2109 214 2205 &qm

144 2284 169 2314 2

212 2092 291 2143 καὶ
314 2095 374 2143 τὰ
400 2093 670 2158 κατύπερθε
693 2092 766 2144 ἔτι
786 2095 873 2155 τῆς
897 2093 1076 2157 λίμνης
1106 2090 1284 2155 ταύτης
1313 2088 1462 2157 μέχρι
1482 2093 1629 2155 τριῶν
1651 2086 1873 2155 ἡμερέων

211 2177 383 2236 πλόου,
423 2180 509 2240 τῆς
542 2175 655 2242 πέρι
695 2178 874 2228 ἐκεῖνοι
914 2175 1056 2228 οὐδὲν
1093 2176 1165 2227 ἔτι
1204 2174 1396 2225 τοιόνδε
1439 2173 1632 2239 ἔλεγον,
1670 2171 1780 2222 ἔστι
1817 2174 1871 2224 δὲ

212 2262 379 2326 ἕτερον
397 2265 635 2312 τοιοῦτον.
699 2260 952 2327 Αἰγύπτου
972 2262 1066 2327 γὰρ
1086 2259 1238 2326 φύσις
1261 2257 1371 2309 ἐστὶ
1393 2260 1480 2320 τῆς
1503 2256 1666 2325 χώρης
1689 2253 1869 2320 τοιήδε·

210 2349 380 2409 πρῶτα
412 2347 504 2410 μὲν
541 2343 846 2410 προσπλέων
883 2344 954 2396 ἔτι
994 2344 1071 2395 καὶ
1107 2342 1289 2410 ἡμέρης
1327 2342 1508 2408 δρόμον
1543 2339 1744 2409 ἀπέχων
1775 2339 1872 2391 ἀπὸ

210 2432 316 2495 γῆς,
345 2429 506 2482 κατεὶς
530 2429 968 2496 καταπειρητηρίην
994 2428 1156 2493 πηλόν
1179 2449 1234 2479 τε
1263 2427 1481 2479 ἀνοίσεις
1513 2425 1591 2476 καὶ
1623 2426 1676 2476 ἐν
1700 2424 1873 2476 ἕνδεκα

1898 593 1920 634 5

1902 1009 1974 1041 ΙΟ“

1903 1431 1949 1479 ¹5.

1898 1852 1948 1880 20

1899 2271 1946 2312 25

265 2579 292 2618 3
322 2566 508 2620 ἐξευρέειν
531 2568 565 2607 L
588 2569 649 2620 (it.
674 2583 698 2619 4
722 2569 755 2608 C
772 2569 805 2608 P
819 2569 856 2607 R
874 2569 902 2608 S
916 2569 971 2617 V)
1157 2582 1181 2617 4
1212 2566 1391 2621 ἀστέρων
1411 2566 1444 2605 Ρ
1460 2565 1500 2603 R
1514 2563 1594 2604 SV
1769 2574 1795 2611 5
1823 2563 1872 2602 τὸ

213 2625 324 2672 σῶμα
346 2622 427 2661 SV
539 2625 589 2665 ὥς
615 2626 698 2675 ἐμοὶ
720 2623 849 2665 δοκέει
872 2623 911 2661 R
926 2623 1007 2663 SV
1139 2636 1160 2672 7
1191 2626 1389 2675 τριακονθ.
1411 2619 1452 2658 Α
1466 2620 1501 2669 Β
1517 2619 1550 2657 C
1565 2619 1599 2656 P
1730 2628 1778 2665 13
1806 2618 1870 2657 καὶ

212 2688 292 2715 om.
320 2676 359 2713 R
374 2676 453 2715 SV
575 2678 752 2720 τουτέων
775 2678 815 2717 R
830 2679 911 2718 SV
1024 2677 1152 2718 πλείω
1171 2677 1210 2716 Α
1223 2677 1259 2716 Β
1484 2687 1533 2723 14
1561 2671 1764 2724 Αἰγύπτου
1786 2683 1866 2709 om.
1926 2706 1933 2710 .

216 2729 254 2767 R
269 2730 299 2769 S
312 2730 348 2768 V
573 2744 622 2783 15
657 2734 867 2787 ἀνθρώπων
900 2733 939 2771 R
954 2733 983 2772 S
997 2732 1035 2771 V
1200 2739 1304 2772 Μινα
1327 2731 1360 2769 C
1374 2731 1407 2769 P
1424 2745 1432 2769 :
1463 2736 1589 2769 Μεινα
1607 2725 1695 2765 ΑΒ
1716 2740 1724 2764 :
1754 2726 1871 2772 Μῆνα

216 2784 255 2822 R
270 2784 349 2823 SV
519 2801 565 2838 17
597 2795 741 2841 Μυριος
763 2788 796 2826 C
811 2787 851 2826 R
865 2787 946 2827 SV
1124 2787 1173 2824 18
1201 2785 1399 2826 ἀνάπλους
1423 2784 1455 2822 L
1528 2794 1536 2799 “
1633 2793 1686 2819 20
1715 2781 1763 2830 δὴ
1783 2791 1866 2818 om.

214 2838 254 2878 A
266 2838 301 2877 B
317 2840 350 2878 C
462 2855 513 2891 23
544 2843 633 2883 κατ’
649 2843 745 2895 ὅπερ
767 2842 807 2880 R
822 2842 851 2881 S
863 2841 919 2880 Vl
1032 2854 1084 2890 24
1113 2840 1268 2882 τοιόνδε
1286 2853 1366 2879 om.
1388 2839 1427 2877 R
1442 2839 1472 2877 S
1485 2838 1523 2876 V
1630 2845 1683 2885 25
1711 2837 1869 2875 τοιοῦτο

218 2893 251 2932 Ρ
268 2908 277 2932 1
306 2895 460 2936 τοιόνδε
480 2896 519 2933 Α
533 2897 567 2935 Β
581 2897 615 2935 C
834 2909 884 2946 27
915 2900 1055 2946 πηλῶν
1077 2895 1116 2934 R
1131 2895 1211 2935 SV
1347 2896 1390 2934 ἐν
1409 2892 1548 2934 ἕνδεκα
1570 2889 1620 2930 P1
1634 2890 1674 2928 R
1690 2903 1698 2929 :
1729 2887 1870 2929 ένδεκα

217 2947 323 2988 SV:
355 2953 396 2990 ἐν
417 2950 510 2991 δέκα
531 2950 734 2990 ABCP⁶
