2098 3320
826 114 1204 163 ΙΣΤΟΡΙΩΝ
1264 115 1303 164 Β

231 247 291 295 τὰ
311 243 471 296 πάντα
491 243 754 311 πρήγματα
776 244 856 296 καὶ
877 243 1043 298 πάσας
1063 246 1215 311 νομὰς
1235 244 1389 312 εἶχον.
1454 244 1614 297 ἔπειτε
1636 249 1686 298 δὲ
1709 247 1891 314 χρόνου

229 332 423 381 πολλοῦ
453 326 794 393 διεξελθόντος
817 329 1056 382 ἐπύθοντο
1081 330 1135 381 ἐκ
1163 331 1250 394 τῆς
1275 328 1529 395 Αἰγύπτου
1553 329 1801 397 ἀπιγμένα
1830 333 1892 382 τὰ

231 411 480 478 οὐνόματα
508 417 607 466 τῶν
638 415 764 466 θεῶν
793 418 891 465 τῶν
915 412 1103 473 ἄλλων,
1131 412 1384 466 Διονύσου
1408 415 1459 465 δὲ
1483 414 1694 481 ὕστερον
1717 420 1891 485 πολλῷ

230 497 486 550 ἐπύθοντο·
535 498 614 550 καὶ
642 499 766 564 μετὰ
796 499 979 566 χρόνον
1005 496 1457 566 ἐχρηστηριάζοντο
1488 497 1728 564 περὶτῶν
1750 499 1889 552 οὐνο-

181 604 204 644 5
228 580 398 646 μάτων
438 583 493 634 ἐν
537 582 776 654 Δωδώνῃ·
823 582 879 633 τὸ
917 584 1010 650 γὰρ
1047 582 1104 646 δὴ
1141 580 1382 647 μαντήιον
1419 586 1564 633 τοῦτο
1601 583 1893 649 νενόμισται

229 667 560 735 ἀρχαιότατον
595 671 695 719 τῶν
726 668 780 719 ἐν
802 665 1030 732 ’Έλλησι
1065 668 1383 735 χρηστηρίων
1414 665 1555 726 εἶναι,
1594 668 1673 720 καὶ
1711 667 1770 732 ἦν
1806 673 1892 721 τὸν

228 751 416 818 χρόνον
459 755 636 803 τοῦτον
678 755 876 816 μοῦνον.
973 752 1081 803 ἐπεὶ
1126 749 1195 803 ὧν
1239 749 1692 818 ἐχρηστηριάζοντο
1738 754 1793 804 ἐν
1837 754 1895 825 τῇ

232 835 451 906 Δωδώνῃ
476 837 522 888 οἱ
555 836 821 902 Πελασγοὶ
846 837 888 887 εἰ
914 834 1191 888 ἀνέλωνται
1220 837 1282 886 τὰ
1306 835 1556 900 οὐνόματα
1584 837 1645 887 τὰ
1675 835 1772 888 ἀπὸ
1795 841 1894 888 τῶν

227 917 508 986 βαρβάρων
532 919 728 983 ἥκοντα,
756 920 923 972 ἀνεῖλε
947 919 1003 971 τὸ
1026 918 1266 984 μαντήιον
1290 922 1525 987 χρᾶσθαι.
1599 920 1697 972 ἀπὸ
1719 923 1811 986 μὲν
1834 921 1891 985 δὴ

158 1021 204 1049 ιο
228 1002 402 1056 τούτου
425 1008 510 1055 τοῦ
533 1005 714 1071 χρόνου
738 1003 880 1056 ἔθυον
903 1009 1037 1056 τοῖσι
1060 1003 1302 1069 οὐνόμασι
1325 1008 1423 1056 τῶν
1448 1007 1574 1056 θεῶν
1597 1005 1889 1072 χρεώμενοι.

230 1089 361 1154 παρὰ
401 1090 455 1140 δὲ
498 1092 785 1156 Πελασγῶν
812 1086 1066 1153 “Έλληνες
1108 1086 1338 1152 ἐδέξαντο
1378 1089 1606 1155 ὕστερον.
1683 1090 1798 1142 ὅθεν
1839 1092 1890 1141 δὲ

229 1170 462 1238 ἐγένοντο
501 1172 712 1226 ἕκαστος
748 1177 846 1224 τῶν
883 1175 1025 1231 θεῶν,
1066 1173 1165 1224 εἴτε
1203 1171 1299 1224 αἰεὶ
1336 1171 1466 1236 ἦσαν
1502 1171 1698 1232 πάντες,
1738 1175 1896 1226 ὁκοῖοί

228 1254 283 1307 τέ
311 1277 441 1310 τινες
470 1258 531 1307 τὰ
556 1258 702 1316 εἴδεα,
729 1257 815 1309 οὐκ
845 1255 1120 1322 ἠπιστέατο
1142 1255 1290 1324 μέχρι
1314 1256 1370 1307 οὗ
1401 1257 1570 1323 πρώην
1593 1278 1645 1309 τε
1671 1257 1750 1310 καὶ
1773 1261 1892 1327 χθὲς

228 1339 294 1394 ὡς
324 1341 482 1393 εἰπεῖν
511 1341 666 1411 λόγῳ.
732 1339 975 1394 ‘Hc-(0601)
1006 1342 1101 1408 γὰρ
1134 1341 1213 1392 καὶ
1235 1339 1466 1407 ’Όμηρον
1488 1341 1687 1406 ἡλικίην
1717 1363 1886 1409 τετρα-

153 1441 202 1484 15
229 1426 449 1483 κοσίοισι
500 1424 637 1478 ἔτεσι
681 1423 834 1477 δοκέω
878 1446 968 1490 μευ
1013 1423 1384 1492 πρεσβυτέρους
1428 1424 1667 1491 γενέσθαι
1712 1427 1791 1478 καὶ
1836 1426 1893 1478 οὐ

228 1507 428 1561 πλέοσι.
516 1509 651 1561 οὗτοι
676 1508 729 1561 δέ
754 1511 853 1561 εἰσι
879 1511 924 1561 οἱ
957 1507 1255 1573 ποιήσαντες
1278 1509 1539 1576 θεογονίην
1553 1507 1780 1575 “Ἐλλησι
1814 1511 1893 1562 καὶ

227 1598 359 1646 τοῖσι
389 1597 550 1646 θεοῖσι
580 1596 667 1648 τὰς
699 1595 978 1662 ἐπω-νυμίας
1010 1594 1178 1647 δόντες
1214 1594 1293 1645 καὶ
1330 1592 1473 1658 τιμάς
1503 1615 1557 1646 τε
1595 1594 1674 1645 καὶ
1711 1593 1892 1663 τέχνας

227 1678 478 1731 διελόντες
527 1678 606 1730 καὶ
654 1679 786 1731 εἴδεα
838 1678 1000 1731 αὐτῶν
1046 1676 1376 1743 σημήναντες.
1445 1680 1491 1730 οἱ
1543 1680 1595 1730 δὲ
1649 1680 1890 1746 πρότερον

203 1763 427 1827 ,ποιηταὶ
471 1762 736 1830 λεγόμενοι
780 1763 982 1815 τούτων,
1011 1767 1109 1815 τῶν
1149 1763 1343 1829 ἀνδρῶν
1383 1760 1620 1829 γενέσθαι
1661 1764 1887 1829 ὕστερον,

152 1865 201 1895 20
226 1846 396 1914 ἔμοιγε
426 1846 632 1907 δοκέειν,
668 1845 915 1915 ἐγένοντο.
991 1846 1178 1900 τούτων
1209 1847 1268 1897 τὰ
1298 1849 1390 1912 μὲν
1421 1851 1590 1913 πρῶτα
1620 1849 1670 1900 αἱ
1704 1851 1887 1899 Δωδω-

226 1931 356 1984 νίδες
393 1930 566 1999 ἱέρειαι
596 1930 821 1998 λέγουσι,
855 1934 916 1983 τὰ
954 1933 1007 1983 δὲ
1037 1932 1222 1997 ὕστερα
1259 1932 1319 1982 τὰ
1357 1932 1408 1984 ἐς
1436 1930 1682 1983 (Ησίοδόν
1719 1954 1773 1984 τε
1811 1933 1890 1984 καὶ

215 2012 442 2082 “Ὀμηρον
480 2015 662 2084 ἔχοντα
699 2016 797 2083 ἐγὼ
828 2015 978 2083 λέγω.
1054 2016 1374 2083 χρηστηρίων
1404 2017 1457 2067 δὲ
1488 2014 1600 2082 πέρι
1630 2020 1715 2067 τοῦ
1751 2037 1805 2068 τε
1836 2017 1889 2068 ἐν

215 2097 442 2165 ’Έλλησι
475 2101 554 2152 καὶ
589 2104 674 2152 τοῦ
706 2103 759 2153 ἐν
790 2100 955 2171 Λιβύῃ
987 2100 1130 2151 τόνδε
1169 2099 1433 2165 Αἰγύπτιοι
1466 2100 1623 2166 λόγον
1659 2099 1886 2166 λέγουσι.

224 2182 426 2251 ἔφασαν
449 2187 495 2237 οἱ
527 2183 653 2251 ἱρέες
683 2189 769 2236 τοῦ
801 2182 1061 2250 Θηβαιέος
1088 2182 1211 2237 Διὸς
1241 2184 1326 2235 δύο
1357 2188 1592 2251 γυναῖκας
1624 2185 1803 2250 ἱερείας
1835 2187 1888 2237 ἐκ

151 2286 198 2328 25
225 2267 447 2334 Θηβέων
498 2267 769 2336 ἐξαχθῆναι
821 2268 917 2321 ὑπὸ
969 2269 1232 2327 Φοινίκων,
1286 2268 1363 2320 καὶ
1416 2266 1506 2333 τὴν
1557 2270 1649 2332 μὲν
1701 2267 1888 2320 αὐτέων

187 2381 190 2385 -
224 2351 469 2405 πυθέσθαι
508 2354 560 2406 ἐς
600 2354 797 2418 Λιβύην
835 2355 1129 2419 πρηθεῖσαν,
1164 2351 1255 2416 τὴν
1291 2354 1345 2404 δὲ
1380 2354 1430 2406 ἐς
1466 2352 1580 2406 τοὺς
1608 2350 1886 2416 ”Ελληνας·

223 2436 401 2490 ταύτας
442 2439 495 2488 δὲ
531 2439 617 2491 τὰς
655 2442 890 2504 γυναῖκας
928 2436 1053 2489 εἶναι
1089 2438 1178 2490 τὰς
1216 2435 1544 2503 ἱδρυσαμένας
1580 2438 1640 2487 τὰ
1675 2435 1889 2501 μαντήια

223 2520 418 2586 πρώτας
459 2523 524 2573 ,ἐν
575 2526 708 2574 τοῖσι
760 2520 1064 2588 εἰρημένοισι
1115 2520 1302 2572 ἔθνεσι.
1388 2518 1641 2586 εἰρομένου
1693 2519 1748 2571 δέ
1796 2541 1886 2586 μευ

280 2672 296 2698 1
331 2659 464 2700 ἐπείτε
488 2659 526 2699 Α
543 2660 576 2699 Β
592 2660 649 2701 C:
683 2660 822 2701 ἔπειτα
843 2659 1027 2700 PRSV
1184 2673 1208 2698 2
1238 2658 1469 2700 διελθόντος
1492 2659 1525 2697 Ρ
1541 2658 1578 2696 R
1596 2659 1678 2698 SV
1788 2660 1887 2707 ἀπη-

221 2713 353 2767 γμένα
372 2716 402 2755 S
416 2714 454 2753 V
472 2729 481 2754 :
511 2714 732 2767 ἀπικόμενα
751 2714 790 2754 Α
806 2715 839 2754 Β
856 2716 889 2754 C
1016 2727 1038 2764 7
1070 2713 1138 2755 οὖν
1161 2713 1197 2751 R
1214 2713 1296 2753 SV
1416 2714 1442 2751 8
1473 2713 1542 2753 alt.
1566 2715 1619 2755 τὰ
1638 2727 1719 2754 om.
1748 2713 1785 2752 R
1802 2715 1832 2753 S
1849 2714 1886 2752 V

227 2782 277 2809 10
304 2770 504 2823 χρώμενοι
525 2770 564 2809 R
579 2769 619 2808 V
732 2783 748 2807 1
760 2783 777 2809 1
811 2770 1040 2822 ἐξεδέξαντο
1060 2767 1100 2807 A
1115 2768 1149 2807 B
1166 2768 1199 2807 C
1214 2769 1261 2806 P.
1343 2768 1456 2808 ἔνθεν
1475 2767 1514 2805 Α
1528 2767 1562 2806 Β
1578 2768 1611 2806 C
1719 2781 1767 2807 12
1798 2768 1886 2820 ἐγέ-

223 2841 314 2865 νετο
334 2824 422 2864 ΑΒ
437 2825 470 2864 C
601 2827 682 2865 εἴτε
703 2823 738 2865 δ’
758 2825 798 2864 Α
813 2824 847 2863 Β
864 2825 897 2862 C
1030 2824 1106 2864 αἰεὶ
1127 2824 1161 2862 C
1182 2837 1191 2861 z
1221 2822 1281 2862 ἀεὶ
1302 2822 1390 2862 rell.
1561 2835 1611 2872 13
1640 2824 1732 2875 πρὶν
1747 2822 1787 2861 Α
1802 2823 1836 2862 Β
1853 2824 1885 2861 C
1913 2848 1917 2851 ⁴

226 2881 274 2919 18
302 2878 486 2933 πρότεροι
509 2879 542 2918 Ρ
557 2880 595 2919 R
610 2879 648 2918 V
776 2893 829 2919 20
860 2880 945 2930 ἐμοὶ
970 2878 1054 2918 PR
1070 2878 1153 2917 SV
1290 2889 1338 2916 21
1365 2877 1484 2930 ἱρήιαι
1507 2877 1541 2916 Ρ
1557 2876 1595 2915 R
1615 2877 1698 2917 SV
1719 2878 1781 2925 (it.
1804 2891 1855 2926 24
1877 2890 1885 2921 ;

224 2945 289 2985 55,
326 2935 390 2986 14)
557 2936 606 2975 τὺ
636 2934 719 2974 SV
819 2945 821 2947 ’
884 2936 1054 2987 ὕστερον
1085 2933 1118 2971 Ρ
1133 2932 1172 2971 R
1188 2932 1218 2972 S
1233 2933 1269 2970 V
1490 2945 1542 2971 22
1572 2935 1654 2973 τῶν
1677 2949 1723 2972 τε
1746 2933 1779 2971 Ρ
1796 2932 1833 2970 R
1850 2933 1886 2968 V

225 3001 278 3038 23
299 2988 440 3041 ἔχουσι
457 2987 493 3027 Β
603 3002 654 3039 24
677 2988 859 3038 Θηβαέος
878 2989 914 3027 R
934 2990 963 3028 S
976 2989 1014 3026 V
1121 2998 1173 3036 25
1195 2986 1382 3036 Θηβαίων
1398 2987 1432 3026 C
1449 2986 1487 3025 R
1504 2987 1534 3026 S
1547 2986 1586 3026 V
1698 2989 1750 3026 26
1772 2988 1825 3028 εἰς
1847 2987 1881 3024 R

224 3043 523 3097 προσθείσασαν
543 3042 594 3083 C¹
725 3058 776 3094 27
808 3043 1013 3097 ἱδρυμένας
1037 3041 1083 3081 Ρ1
1102 3041 1140 3080 R
1158 3043 1196 3081 V
1325 3043 1378 3080 28
1409 3040 1630 3095 εἰρομένου]
1654 3043 1776 3095 εἰρημ.
1804 3042 1833 3080 S
1848 3040 1886 3078 V

1931 119 1997 172 11.
2015 127 2090 182 52μ

1930 270 1954 301 2

1926 1101 1993 1153 53

1928 1365 1951 1383 0¹,

1928 1384 1953 1395 u

1925 1701 1949 1744 3

1926 2033 1994 2082 54

1922 2543 1945 2573 Ι.)
