2098 3320
26 107 62 154 1.
86 108 186 167 196
520 106 525 110 ·
850 106 1276 154 HPOAOTOT

226 255 370 288 τατος
402 235 484 286 ὅδε
527 237 649 286 κατὰ
700 234 900 301 γνώμην
947 234 1038 299 τὴν
1087 234 1343 302 ἡμετέρην,
1394 235 1460 304 τῷ
1509 235 1587 286 καὶ
1634 233 1894 302 Ἰλλυριῶν

227 318 456 371 Ἐνετοὺς
489 319 800 384 πυνθάνομαι
837 322 1072 388 χρᾶσθαι.
1161 313 1477 385 κατᾰκώμας
1512 318 1726 372 ἑκάστας
1760 317 1898 384 ἅπαξ

228 407 315 454 τοῦ
345 403 480 456 ἔτεος
513 403 725 455 ἑκάστου
762 396 982 472 ἐποιέετο
1011 403 1142 456 τάδε.
1224 403 1289 457 ὡς
1318 402 1380 455 ἂν
1404 405 1453 455 αἱ
1477 402 1714 470 παρθένοι
1736 405 1890 471 γινοί-

229 508 316 538 ατο
352 487 524 553 γάμων
557 488 744 554 ὡραῖαι,
782 488 962 541 ταύτας
998 489 1124 541 ὅκως
1164 487 1499 555 συναγάγοιεν
1538 487 1718 547 πάσας,
1753 489 1803 541 ἐς
1836 487 1893 539 ἓν

227 572 411 639 χωρίον
456 571 738 639 ἐσάγεσκον
803 572 970 631 ἁλέας,
1019 571 1165 638 πέριξ
1211 575 1264 624 δὲ
1309 571 1457 626 αὐτὰς
1502 573 1674 623 ἵστατο
1718 573 1894 637 ὅμιλος
1917 594 1940 634 5

164 680 188 710 2
228 657 433 723 ἀνδρῶν.
493 658 700 709 ἀνιστὰς
738 659 790 708 δὲ
835 659 956 708 κατὰ
1003 657 1120 722 μίαν
1170 655 1385 721 ἑκάστην
1428 653 1581 722 κῆρυξ
1615 655 1890 716 πωλέεσκε,

227 744 397 806 πρῶτα
426 743 518 805 μὲν
548 740 638 805 τὴν
664 740 1014 806 εὐειδεστάτην
1036 743 1090 792 ἐκ
1113 739 1332 800 πασέων,
1358 742 1482 806 μετὰ
1513 739 1580 799 δέ,
1616 741 1740 793 ὅκως
1771 741 1890 805 αὕτη

228 825 440 891 εὑροῦσα
492 824 685 876 πολλὸν
740 826 949 893 χρυσίον
1008 826 1231 892 πρηθείη,
1285 824 1450 888 ἄλλην
1501 823 1810 891 ἀνεκήρυσσε
1859 823 1889 888 ἣ

58 979 62 982 ι
226 908 332 973 μετ’
358 910 549 973 ἐκείνην
574 909 690 961 ἔσκε
718 908 1051 973 εὐειδεστάτη.
1114 907 1395 960 ἐπωλέοντο
1421 910 1472 959 δὲ
1497 909 1578 960 ἐπὶ
1610 906 2098 981 συνᾳικήσιηκωκὶιῑ

0 1008 211 1062 oe‘rw‘
226 994 341 1045 ὅσοι
378 997 469 1058 μὲν
511 993 568 1057 δὴ
611 994 763 1045 ἔσκον
800 993 1084 1059 εὐδαίμονες
1125 998 1222 1045 τῶν
1266 994 1603 1058 Βαβυλωνίων
1639 994 1887 1060 ἐπίγ-αμοι,
1918 1012 1968 1041 10
2084 1001 2094 1008 ‘

83 1057 201 1107 κγ
216 1074 632 1144 ’ὑπερβάλλοντες
686 1077 938 1142 ἀλλήλους
989 1076 1259 1143 ἐξωνέοντο
1306 1079 1394 1130 τὰς
1445 1076 1887 1130 καλλιστευούσας·

225 1163 340 1214 ὅσοι
364 1165 417 1214 δὲ
446 1167 531 1214 τοῦ
562 1161 716 1227 δήμου
749 1162 900 1213 ἔσκον
927 1163 1175 1229 ἐπίγαμοι,
1203 1162 1336 1213 οῦτοι
1368 1164 1420 1213 δὲ
1452 1163 1606 1215 εἴδεος
1634 1163 1725 1226 μὲν
1747 1161 1890 1213 οὐδὲν

228 1245 424 1299 ἐδέοντο
459 1252 697 1315 χρηστοῦ,
734 1249 780 1298 οἱ
822 1246 864 1298 δ’
901 1246 962 1298 ἂν
999 1245 1228 1314 χρήματά
1263 1268 1318 1298 τε
1354 1247 1433 1298 καὶ
1470 1246 1732 1314 αἰσχίονας
1763 1266 1880 1312 παρ-

164 1354 187 1396 3
227 1331 396 1385 θένους
428 1331 734 1397 ἐλάμβανον.
827 1331 892 1385 ὣς
916 1333 1010 1398 γὰρ
1043 1330 1101 1395 δὴ
1140 1329 1385 1395 διεξέλθοι
1425 1331 1451 1380 ὁ
1492 1328 1645 1396 κῆρυξ
1680 1328 1888 1382 πωλέων

225 1418 314 1470 τὰς
358 1415 701 1469 εὐειδεστάτας
747 1420 845 1468 τῶν
893 1414 1166 1483 παρθένων,
1211 1415 1388 1479 ἀνίστη
1435 1414 1495 1466 ἂν
1534 1414 1623 1479 τὴν
1665 1415 1885 1482 ἀμορφε-
1916 1439 1963 1483 ¹5

228 1500 417 1566 στάτην
445 1496 474 1565 ἢ
507 1502 553 1553 εἴ
578 1522 652 1554 τις
684 1500 871 1552 αὐτέων
906 1499 1121 1566 ἔμπηρος
1146 1498 1221 1564 ἦν,
1250 1500 1328 1551 καὶ
1353 1500 1535 1563 ταύτην
1559 1497 1884 1565 ἀνεκήρυσσε,

225 1586 367 1639 ὅστις
398 1584 536 1637 θέλοι
576 1584 851 1653 ἐλάχιστον
890 1585 1103 1652 χρυσίον
1139 1584 1318 1649 λαβὼν
1359 1581 1633 1635 συνοικέειν
1673 1582 1810 1656 αὐτῇ,
1837 1584 1888 1637 ἐς

0 1668 252 1736 namq-ul&
276 1671 343 1740 τῷ
368 1670 425 1721 τὸ
452 1668 725 1738 ἐλάχιστον
745 1668 1064 1738 ὑπισταμένῳ
1086 1667 1395 1737 προσέκειτο·
1441 1667 1498 1719 τὸ
1518 1669 1571 1719 δὲ
1594 1665 1655 1719 ἂν
1677 1667 1889 1735 χρυσίον

225 1756 416 1820 ἐγίνετο
447 1754 544 1807 ἀπὸ
574 1759 672 1806 τῶν
705 1752 929 1806 εὐειδέων
962 1752 1234 1819 παρθένων,
1270 1753 1348 1803 καὶ
1378 1753 1531 1806 οὕτως
1560 1754 1611 1803 αἱ
1648 1752 1888 1819 εὔμορφοι

223 1841 313 1892 τὰς
350 1840 605 1906 ἀμόρφους
641 1839 721 1890 καὶ
764 1836 1009 1904 ἐμπήρους
1061 1835 1363 1902 ἐξεδίδοσαν.
1441 1838 1665 1888 ἐκδοῦναι
1699 1837 1753 1887 δὲ
1796 1835 1887 1899 τὴν
1913 1859 1963 1889 20

225 1927 406 1976 ἑωυτοῦ
436 1922 679 1990 θυγατέρα
708 1923 828 1992 ὅτεῳ
861 1922 1100 1987 βούλοιτο
1135 1921 1342 1975 ἕκαστος
1370 1920 1455 1972 οὐκ
1480 1920 1597 1985 ἐξῆν
1621 1919 1732 1972 οὐδὲ
1770 1918 1887 1972 ἄνευ

225 2006 473 2075 ἐγγυητέω
506 2006 857 2074 ἀπαγαγέσθαι
881 2006 972 2070 τὴν
993 2005 1237 2072 παρθένον
1260 2004 1544 2072 πριάμενον,
1567 2004 1681 2056 ἀλλ’
1705 2006 1882 2072 ἐγγυη-

158 2112 185 2153 4
224 2094 310 2146 τὰς
361 2095 489 2160 χρῆν
539 2090 925 2156 καταστήσαντα
975 2090 1005 2155 ἧ
1056 2093 1149 2155 μὲν
1202 2088 1521 2154 συνοικήσειν
1573 2088 1708 2160 αὐτῇ,
1759 2089 1884 2140 οὕτω

225 2175 526 2243 ἀπάγεσθαι·
575 2178 616 2228 εἰ
661 2178 714 2227 δὲ
752 2176 818 2241 μὴ
864 2177 1221 2243 συμφεροίατο,
1266 2172 1540 2241 ἀποφέρειν
1583 2177 1638 2225 τὸ
1674 2174 1886 2241 χρυσίον
1899 2176 2098 2267 next:

226 2261 382 2313 ἔκειτο
419 2261 580 2325 νόμος.
660 2258 776 2325 ἐξῆν
821 2263 874 2312 δὲ
915 2259 994 2312 καὶ
1038 2259 1098 2324 ἐξ
1136 2259 1295 2324 ἄλλης
1336 2258 1547 2310 ἐλθόντα
1588 2257 1750 2322 κώμης
1797 2256 1884 2309 τὸν
1911 2235 2050 2320 ιξω

161 2366 182 2410 5
223 2345 535 2410 βουλόμενον
572 2343 829 2397 ὠνέεσθαι.
920 2346 945 2394 ὁ
985 2343 1076 2410 μέν
1117 2366 1204 2396 νυν
1246 2342 1518 2396 κάλλιστος
1554 2342 1702 2406 νόμος
1742 2341 1884 2394 οὗτός

279 2496 303 2521 2
332 2481 522 2536 χρέεσθαι
544 2484 576 2522 C
597 2499 605 2523 :
635 2487 809 2539 χρῆσθαι
832 2485 922 2525 rell.
1064 2496 1089 2533 3
1121 2484 1210 2525 ὅσαι
1233 2484 1306 2524 αιέὶ
1327 2487 1440 2533 παρθ.
1465 2481 1582 2520 Stein
1695 2479 1883 2533 γενοίατο

223 2537 357 2576 Aldus
549 2554 574 2589 4
605 2539 816 2592 συνάγοιεν
839 2540 920 2580 SV
1103 2540 1130 2576 6
1159 2539 1336 2579 ἀναστὰς
1359 2536 1450 2575 RV
1642 2548 1664 2585 7
1695 2552 1796 2584 αντη
1815 2535 1879 2576 A:

222 2593 323 2641 αὐτὴ
342 2592 381 2631 R
396 2594 426 2633 S
439 2592 478 2631 V
497 2595 600 2644 ζ-τῆ)
715 2596 741 2633 8
766 2593 851 2649 (ἂν)
867 2595 1024 2644 ἆνεκήρ.
1047 2594 1167 2632 Stein
1279 2606 1306 2643 9
1334 2592 1461 2645 ἔσχεν
1475 2593 1515 2631 V
1599 2589 1830 2639 συνοικήσει
1846 2590 1881 2628 L

226 2661 275 2685 10
304 2647 432 2698 ἔσχον
455 2649 535 2687 SV
559 2650 618 2700 (it.
646 2649 712 2703 12)
842 2663 897 2699 ,14
929 2647 1121 2700 διεξέλθοι
1143 2647 1351 2696 Bergler:
1381 2649 1418 2687 οἱ
1438 2645 1589 2698 ἐξέλθοι
1612 2646 1645 2684 L
1777 2645 1828 2682 16
1855 2646 1880 2693 ἢ

220 2715 302 2741 om.
331 2702 467 2742 RSV
579 2703 814 2746 afore'qu:
850 2707 982 2746 αὐτῶν
1001 2702 1092 2743 rell.
1204 2701 1256 2750 ἣν
1285 2702 1340 2742 S}
1371 2701 1420 2749 ἦε
1442 2698 1882 2748 PRV:÷51ABC⁰:

223 2758 261 2797 εἶ
278 2757 329 2796 Cl
526 2773 572 2809 17
604 2761 744 2807 βαλὼν
763 2759 802 2798 Α
818 2760 852 2798 Β
867 2760 899 2798 C
1098 2758 1146 2796 18
1175 2762 1232 2809 τῷ
1252 2771 1335 2797 om.
1363 2756 1393 2794 S
1406 2757 1446 2795 V
1581 2753 1825 2808 προσεκέετο
1845 2754 1879 2792 C

223 2811 271 2852 αὖ
297 2813 345 2853 G.
373 2814 593 2853 Hermann
759 2828 813 2853 20
842 2816 1049 2855 ἐκδοῦναι.
1068 2843 1078 2853 .
1100 2842 1110 2852 .
1132 2811 1331 2865 θυγατέρα
1350 2824 1431 2850 om.
1454 2811 1494 2850 R
1510 2809 1591 2850 SV
1700 2822 1752 2847 22
1782 2807 1879 2849 ἀπά-

220 2872 364 2915 γεσθαι
384 2868 424 2906 Α
439 2869 473 2906 Β
489 2869 522 2907 C
539 2869 571 2907 P
594 2869 892 2922 (ἀπαγαγέσθαι
914 2868 954 2907 R
975 2868 1163 2919 quoque)
1375 2879 1427 2916 23
1457 2867 1537 2919 χρὴ
1560 2865 1599 2902 R
1615 2863 1645 2903 S
1658 2862 1697 2901 V
1803 2861 1879 2914 μὲν

223 2921 328 2961 Reiz
344 2935 356 2961 ἐ
386 2924 466 2973 μὴν
489 2923 521 2961 L
633 2938 685 2973 24
708 2924 932 2977 ἀπάγεσθαι
954 2923 1128 2963 Gronov
1148 2936 1158 2962 :
1186 2920 1404 2975 ἀνάγεσθαι
1427 2921 1467 2959 R
1483 2918 1581 2960 SV¹
1602 2933 1611 2958 ἰ
1641 2920 1690 2960 ἂν
1709 2918 1877 2970 ἄγεσθαι

220 2977 259 3014 Α
274 2977 308 3014 Β
323 2977 356 3016 C
373 2977 405 3016 P
426 2993 435 3017 ε
466 2978 690 3031 ἀγάγεσθαι
709 2978 765 3016 V⁰
931 2990 982 3027 25
1014 2978 1151 3019 ἐκέετο
1173 2977 1207 3016 C
