2098 3320
73 74 168 126 ΙΙΙ.
194 84 261 137 ’53

913 74 1344 124 ΗΡΟΔΟΤΟὙ

302 209 595 274 διδαχθεῖσα
624 204 720 256 ὑπὸ
750 209 838 257 τοῦ
869 205 1051 272 πατρὸς
1092 205 1238 272 ἔλεγε
1273 205 1396 274 πρὸς
1427 205 1590 267 αὐτόν,
1624 207 1650 257 ὁ
1680 209 1733 259 δὲ
1762 208 1958 276 ὑποκρι-

301 291 508 356 νόμενος
539 289 636 356 ἔφη
669 289 856 354 οὐδαμὰ
886 288 1025 355 ἥξειν
1057 291 1108 343 ἐς
1138 290 1398 357 Κόρινθον,
1433 290 1538 343 ἔστ’
1569 290 1631 343 ἂν
1660 290 1962 357 πυνθάνηται

239 385 266 428 6
303 375 566 442 περιεόντα
614 373 700 424 τὸν
746 373 952 440 πατέρα.
1055 373 1436 441 ἀπαγγειλάσης
1484 372 1537 427 δὲ
1588 375 1766 441 ταύτης
1811 381 1965 428 ταῦτα

242 649 266 694 7

205 1142 273 1194 54

202 1815 268 1868 55

301 459 359 511 τὸ
408 460 573 525 τρίτον
626 456 932 525 Περίανδρος
983 456 1168 525 κήρυκα
1224 457 1406 525 πέμπει
1457 460 1769 525 βουλόμενος
1819 460 1964 515 αὐτὸς

301 545 394 610 μὲν
441 544 492 596 ἐς
540 541 794 609 Κέρκυραν
841 543 992 607 ἥκειν,
1037 544 1224 594 ἐκεῖνον
1271 546 1326 596 δὲ
1374 542 1572 596 ἐκέλευε
1620 546 1671 597 ἐς
1719 545 1963 612 Κόρινθον
1989 567 2012 609 5

303 628 602 692 ἀπικόμενον
661 626 894 694 διάδοχον
952 628 1184 694 γίνεσθαι
1242 630 1330 692 τῆς
1387 628 1689 694 τυραννίδος.
1796 649 1962 680 καται-

302 711 543 764 νέσαντος
592 710 634 762 δ’
686 712 767 763 ἐπὶ
818 711 1040 763 τούτοισι
1085 716 1171 762 τοῦ
1222 715 1394 765 παιδὸς
1446 713 1474 763 ὁ
1523 714 1614 777 μὲν
1661 714 1966 779 Περίανδρος

305 795 576 847 ἐστέλλετο
609 797 659 849 ἐς
689 794 779 858 τὴν
809 792 1080 862 Κέρκυραν,
1107 797 1134 846 ὁ
1164 797 1217 847 δὲ
1242 801 1356 849 παῖς
1385 791 1470 861 [οἱ]
1502 797 1552 848 ἐς
1581 795 1671 859 τὴν
1701 797 1962 862 Κόρινθον.

305 880 549 945 μαθόντες
597 881 649 930 δὲ
701 881 746 930 οἱ
795 882 1087 944 Κερκυραῖοι
1132 880 1319 931 τούτων
1372 879 1573 938 ἕκαστα,
1625 880 1704 931 ἵνα
1754 879 1820 945 μή
1868 887 1966 948 σφι

307 965 615 1030 Περίανδρος
639 965 689 1017 ἐς
713 962 803 1027 τὴν
827 963 997 1031 χώρην
1021 964 1268 1028 ἀπίκηται,
1297 964 1544 1015 κτείνουσι
1574 963 1660 1016 τὸν
1684 966 1961 1029 νεηνίσκον.

307 1048 417 1100 ἀντὶ
447 1047 634 1099 τούτων
662 1049 754 1112 μὲν
784 1048 1089 1113 Περίανδρος
1118 1048 1444 1114 Κερκυραίους
1477 1046 1778 1113 ἐτιμωρέετο.

392 1132 774 1197 Λακεδαιμόνιοι
793 1135 846 1184 δὲ
870 1132 1038 1201 στόλῳ
1057 1130 1258 1201 μεγάλῳ
1284 1132 1350 1185 ὡς
1370 1133 1621 1190 ἀπίκοντο,
1645 1133 1965 1200 ἐπολιόρκεον

308 1215 494 1282 Σάμον·
558 1215 943 1283 προσβαλόντες
989 1218 1042 1268 δὲ
1091 1215 1212 1282 πρὸς
1257 1215 1314 1267 τὸ
1360 1220 1526 1283 τεῖχος
1571 1221 1657 1267 τοῦ
1701 1219 1793 1282 μὲν
1843 1217 1966 1284 πρὸς

308 1299 547 1372 θαλάσσῃ
588 1303 831 1353 ἑστεῶτος
870 1300 1059 1366 πύργου
1099 1302 1221 1351 κατὰ
1259 1299 1317 1351 τὸ
1356 1298 1629 1366 προάστιον
1667 1303 1754 1362 τῆς
1792 1301 1967 1354 πόλιος

308 1384 587 1450 ἐπέβησαν,
625 1386 748 1450 μετὰ
783 1386 833 1436 δὲ
876 1384 1024 1436 αὐτοῦ
1061 1381 1410 1449 βοηθήσαντος
1450 1384 1800 1452 Πολυκράτεος
1837 1384 1968 1454 χειρὶ

307 1475 477 1541 πολλῇ
506 1467 894 1533 ἀπηλάσθησαν.
984 1470 1107 1519 κατὰ
1137 1471 1190 1520 δὲ
1225 1467 1313 1520 τὸν
1343 1466 1510 1520 ἐπάνω
1548 1469 1736 1536 πύργον
1770 1468 1857 1520 τὸν
1885 1470 1968 1521 ἐπὶ

306 1556 394 1618 τῆς
422 1551 597 1622 ῥά-χ-ιος
620 1557 706 1604 τοῦ
729 1554 867 1619 ὄρεος
900 1552 1111 1604 ἐπεόντα
1141 1550 1417 1616 ἐπεξῆλθον
1447 1554 1499 1604 οἵ
1524 1574 1579 1604 τε
1609 1554 1855 1619 ἐπίκουροι
1888 1554 1968 1605 κἀὶ

307 1638 483 1692 αὐτῶν,
514 1637 711 1702 Σαμίων
757 1636 949 1705 συχνοί,
999 1634 1259 1701 δεξάμενοι
1302 1638 1355 1687 δὲ
1398 1636 1511 1690 τοὺς
1553 1638 1968 1702 Λακεδαιμονίους

308 1721 385 1774 ἐπ’
436 1723 612 1788 ὀλίγον
669 1721 854 1788 χρόνον
913 1721 1130 1788 ἔφευγον
1180 1720 1360 1772 ὀπίσω·
1427 1723 1474 1772 οἱ
1531 1722 1585 1772 δὲ
1644 1722 1969 1787 ἐπισπόμενοι

308 1806 541 1858 ἔκτεινον.
632 1807 674 1857 εἰ
714 1804 807 1870 μέν
849 1826 935 1856 νυν
976 1807 1022 1857 οἱ
1062 1805 1331 1870 παρεόντες
1371 1806 1771 1869 Λακεδαιμονίων
1806 1806 1968 1871 ὅμοιοι

306 1891 532 1956 ἐγίνοντο
563 1889 743 1954 ταύτην
772 1888 862 1953 τὴν
896 1887 1083 1955 ἡμέρην
1112 1887 1291 1960 Ἀρχίῃ
1327 1909 1381 1940 τε
1419 1889 1497 1940 καὶ
1532 1889 1765 1961 Λυκώπῃ,
1798 1889 1968 1957 αἱρέθη

306 1973 367 2026 ἂν
399 1973 578 2039 Σάμος.
654 1973 859 2041 Ἀρχίης
882 1975 976 2039 γὰρ
1003 1973 1081 2024 καὶ
1105 1973 1348 2037 Λυκώπης
1377 1977 1547 2038 μοῦνοι
1571 1974 1971 2027 συνεσπεσόντες

307 2058 553 2125 φεύγουσι
589 2059 639 2112 ἐς
678 2056 735 2108 τὸ
774 2062 942 2125 τεῖχος
983 2061 1116 2108 τοῖσι
1157 2058 1390 2122 Σαμίοισι
1432 2054 1510 2109 καὶ
1551 2056 1972 2121 ἀποκληισθέντες

306 2145 395 2207 τῆς
459 2143 621 2194 ὀπίσω
689 2142 803 2192 ὁδοῦ
874 2139 1121 2193 ἀπέθανον
1188 2142 1242 2191 ἐν
1307 2148 1367 2213 τῇ
1439 2141 1559 2192 πόλι
1622 2149 1683 2214 τῇ
1755 2141 1968 2207 Σαμίων.

308 2226 454 2295 τρίτῳ
499 2228 551 2277 δὲ
596 2225 679 2278 ἀπ’
725 2225 938 2292 Ἀρχίεω
989 2224 1163 2276 τούτου
1216 2225 1445 2291 γεγονότι
1495 2224 1635 2294 ἄλλῳ
1679 2225 1859 2297 Ἀρχίῃ
1902 2229 1970 2295 τῷ

309 2310 499 2375 Σαμίου
537 2313 623 2360 τοῦ
663 2308 872 2377 Ἀρχίεω
911 2308 1054 2362 αὐτὸς
1096 2309 1149 2359 ἐν
1193 2307 1390 2379 Πιτάνῃ
1431 2309 1770 2375 συνεγενόμην
1799 2307 1972 2375 (δήμου

311 2395 406 2461 γὰρ
457 2393 632 2445 τούτου
690 2390 783 2457 ἣν),
838 2391 893 2446 ὃς
951 2390 1126 2456 ξείνων
1185 2390 1384 2444 πάντων
1442 2391 1666 2458 μάλιστα
1717 2394 1859 2458 ἐτίμα
1915 2414 1972 2445 τε

312 2478 524 2544 Σαμίους
577 2478 661 2528 καί
703 2479 749 2528 οἱ
797 2472 869 2546 τῷμ
909 2477 1056 2542 πατρὶ
1102 2475 1200 2542 ἔφη
1259 2474 1448 2541 Σάμιον
1491 2476 1706 2541 τοῦνομα
1751 2479 1968 2542 τεθῆναι,

368 2628 386 2652 1
419 2613 723 2667 ὑποκρινόμενος
746 2613 802 2653 P:
834 2612 1142 2666 ὑποκρινάμενος
1164 2611 1254 2651 rell.
1432 2626 1457 2662 4
1486 2611 1634 2663 πέμπει
1657 2613 1806 2666 κήρυκα
1826 2612 1865 2651 R
1889 2612 1918 2652 S
1934 2613 1973 2652 V

312 2683 335 2719 7
366 2669 409 2710 δὲ
430 2671 493 2710 καὶ
517 2670 580 2709 ἐπὶ
602 2668 684 2707 SV
848 2669 874 2707 8
903 2670 939 2708 οἴ
957 2680 1037 2708 om.
1062 2666 1197 2706 RSV
1350 2679 1399 2716 14
1430 2669 1606 2708 ἑστῶτος
1624 2666 1712 2707 ΑΒ
1820 2667 1972 2720 πύργου

310 2722 418 2776 (τοῦ)
439 2723 560 2762 Stein
672 2722 911 2774 προάστειον
930 2722 963 2760 L
1078 2732 1127 2771 15
1149 2719 1402 2774 ὑπερέβησαν
1420 2721 1460 2760 Α
1480 2721 1512 2760 Β
1526 2721 1559 2760 C
1574 2721 1609 2760 P
1718 2734 1772 2761 20
1792 2721 1971 2763 ἔκτεινον

311 2807 323 2817 .
337 2807 348 2817 .
365 2807 375 2817 .
391 2777 629 2831 παρεόντεςἹ
654 2778 903 2819 ἐκτείνοντες
925 2776 965 2814 R
981 2775 1011 2815 S
1023 2775 1063 2814 V
1199 2788 1247 2814 21
1283 2775 1471 2828 ἐγένοντο
1491 2775 1531 2814 Α
1545 2776 1580 2814 Β
1595 2775 1626 2815 S
1759 2775 1971 2830 αἱρέθησαν

311 2832 472 2883 Σαμίοις
503 2831 639 2871 RSV
803 2845 854 2870 22
885 2846 1118 2872 συνεισπεσ.
1153 2829 1272 2869 AB:
1311 2844 1485 2881 συμπεσ.
1520 2830 1655 2870 RSV
1684 2829 1787 2881 (συμ
1814 2831 1856 2870 in
1885 2830 1970 2880 lit.)

1994 990 2041 1018 10

1997 1411 2042 1451 ι5

1995 1830 2046 1860 20

1996 2247 2048 2290 25

312 2899 365 2935 24
394 2886 512 2928 πόλει
531 2886 571 2925 Α
585 2887 619 2925 Β
637 2886 670 2925 C
685 2886 716 2926 S
733 2886 809 2938 [V]
990 2898 1047 2935 ⁷27
1075 2887 1153 2937 ’γὰρ
1172 2884 1338 2936 τούτου]
1360 2886 1509 2926 τᾶὐτοῦ
1529 2889 1601 2926 τοῦ
1623 2885 1662 2924 R
1680 2899 1690 2925 ε
1718 2886 1870 2927 τάὐτοῦ
1891 2882 1972 2924 SV
2043 2878 2054 2883 ”

314 2940 432 2996 ἐτίμα
451 2941 516 2992 τε]
542 2943 707 2995 ἐτιμᾶτο
727 2940 766 2979 Α
781 2941 815 2979 Β
829 2941 863 2982 C
1031 2941 1084 3002 28
1113 2942 1260 2994 οὕνομα
1281 2938 1320 2977 R
1335 2938 1366 2978 S
1378 2939 1417 2980 V
