2098 3320
786 97 1170 146 ιΣΤοΡΙΩΝ
1228 102 1266 150 Β
1901 97 1967 147 11.
1994 82 2084 160 1‘24

196 237 358 302 ἑωυτῷ
381 230 601 284 κελεύειν
619 228 808 283 πάντας
827 230 1142 296 Αἰγυπτίους.
1193 233 1326 280 τοῖσι
1345 230 1437 294 μὲν
1456 227 1515 293 δὴ
1535 227 1867 297 ἀποδεδέχθαι
1903 251 1927 283 2

196 320 251 370 ἐκ
292 321 391 369 τῶν
427 313 752 381 λιθοτομιέων
782 317 881 366 τῶν
924 316 979 366 ἐν
1022 318 1090 383 τῷ
1132 312 1356 383 Ἀραβίῳ
1402 314 1522 380 ὄρεϊ,
1556 314 1610 364 ἐκ
1652 312 1868 365 τουτέων

196 404 362 455 ἕλκειν
395 402 567 454 λίθους
605 397 754 468 μέχρι
789 402 878 450 τοῦ
916 399 1121 450 Νείλου·
1194 396 1642 464 διαπεραιωθέντας
1683 399 1737 450 δὲ
1778 397 1867 450 τὸν

196 485 418 553 ποταμὸν
443 486 668 537 πλοίοισι
697 482 810 536 τοὺς
839 484 1010 537 λίθους
1041 481 1260 550 ἑτέροισι
1291 479 1435 547 ἔταξε
1467 480 1756 534 ἐκδέκεσθαι
1788 483 1867 534 καὶ

149 593 170 633 5
195 570 316 639 πρὸς
367 569 423 623 τὸ
473 567 696 636 Λιβυκὸν
749 568 1052 634 καλεύμενον
1110 569 1240 634 ὅρος,
1300 565 1425 633 πρὸς
1481 570 1626 618 τοῦτο
1684 567 1865 619 ἕλκειν.

195 653 461 723 ἐργάζοντο
519 656 572 706 δὲ
633 655 766 726 κατὰ,
812 651 931 704 δέκα
988 651 1226 719 μυριάδας
1280 651 1558 718 ἀνθρώπων
1608 652 1721 710 αἰεί,
1777 651 1868 715 τὴν
1906 672 1932 715 3

195 740 432 808 τρίμηνον
483 739 702 791 ἕκαστοι.
806 738 991 805 χρόνον
1035 739 1089 789 δὲ
1133 734 1433 804 ἐγγενέσθαι
1475 734 1755 806 τριβομένῳ
1800 740 1869 806 τῷ

195 828 294 894 λεῷ
336 822 455 876 δέκα
495 822 607 875 ἔτεα
641 824 733 888 μὲν
777 825 865 886 τῆς
909 823 1023 873 ὁδοῦ
1069 820 1174 873 κατ’
1209 819 1272 886 ἣν
1313 822 1482 873 εἷλκον
1520 812 1636 874 τοὺς
1677 821 1866 879 λίθους,

195 908 286 973 τὴν
307 908 506 974 ἔδειμαν
530 907 677 974 ἔργον
702 906 783 958 ε’ὸν
807 906 863 957 οὐ
888 911 1063 976 πολλῷ
1095 927 1189 976 τεῳ
1214 905 1444 957 ἔλασσον
1467 908 1554 969 τῆς
1578 906 1866 972 πυραμίδος,

123 1013 172 1044 10
196 992 261 1046 ὡς
305 993 413 1058 ἐμοὶ
457 990 646 1043 δοκέειν
689 987 793 1055 (τῆς
839 993 934 1058 γὰρ
978 994 1131 1056 μῆκος
1175 989 1269 1056 μέν
1314 992 1411 1042 εἰσι
1458 989 1609 1042 πέντε
1654 988 1865 1048 στάδιοι,
1904 1011 1932 1054 4

196 1078 335 1144 εὖρος
369 1079 423 1129 δὲ
459 1075 577 1128 δέκα
616 1077 825 1143 ὀργυιαί,
865 1077 997 1143 ὕψος
1041 1074 1111 1134 δέ,
1144 1082 1205 1148 τῇ
1247 1074 1544 1140 ὑψηλοτάτη
1591 1074 1701 1125 ἐστὶ
1746 1073 1868 1139 αὐτὴ

195 1164 394 1226 ἑωυτῆς,
426 1161 554 1212 ὀκτὼ
589 1160 798 1227 ὀργυιαί,
830 1161 974 1211 λίθου
1008 1163 1062 1212 δὲ
1097 1158 1280 1224 ξεστοῦ
1318 1159 1396 1211 καὶ
1430 1156 1557 1229 ζῴων
1587 1160 1863 1226 ἐγγεγλυμ-

194 1244 390 1312 μένων),
413 1245 591 1309 ταύτης
623 1265 678 1295 τε
708 1243 765 1308 δὴ
798 1245 858 1295 τὰ
890 1242 1008 1295 δέκα
1037 1243 1150 1296 ἔτεα
1180 1243 1420 1312 γενέσθαι
1450 1242 1529 1295 καὶ
1548 1248 1646 1295 τῶν
1671 1243 1751 1296 ἐπὶ
1782 1247 1869 1295 τοῦ

195 1331 361 1398 λόφου
393 1329 470 1383 ἐπ’
497 1330 552 1402 οὗ
588 1331 768 1381 ἑστᾶσι
799 1330 849 1380 αἱ
880 1329 1163 1395 πυραμίδες,
1189 1328 1413 1398 τῶνὺπὸ
1444 1331 1537 1395 γῆν
1569 1327 1865 1393 οἰκημάτων,

122 1436 169 1478 15
194 1417 282 1469 τὰς
324 1413 544 1468 ἐποιέετο
593 1412 744 1478 θήκας
789 1416 952 1483 ἑωυτῷ
999 1415 1052 1465 ἐν
1094 1413 1251 1483 νήσῳ,
1284 1413 1502 1481 διώρυχα
1545 1416 1632 1464 τοῦ
1677 1414 1868 1464 Νείλου

196 1499 479 1568 ἐσαγαγών.
567 1505 628 1571 τῇ
669 1500 722 1550 δὲ
762 1499 995 1565 πυραμίδι
1038 1497 1157 1570 αὐτῇ
1198 1498 1383 1567 χρόνον
1422 1496 1660 1565 γενέσθαι
1708 1498 1869 1549 εἴκοσι
1905 1515 1926 1561 5

195 1585 309 1638 ἔτεα
348 1577 628 1656 ποιευμένῃ,
672 1585 759 1647 τῆς
802 1584 912 1635 ἐστι
952 1583 1183 1654 πανταχῇ
1223 1581 1454 1649 μέτωπον
1494 1583 1708 1634 ἕκαστον
1739 1582 1868 1633 ὀκτὼ

193 1668 387 1737 πλέθρα
425 1669 603 1733 ἐούσης
634 1668 946 1736 τετραγώνου
978 1667 1056 1719 καὶ
1091 1668 1223 1735 ὕψος
1258 1669 1389 1727 ἴσον,
1421 1668 1566 1719 λίθου
1595 1668 1648 1718 δὲ
1688 1665 1869 1731 ξεστοῦ

194 1775 250 1807 τε
281 1754 361 1806 καὶ
391 1752 710 1821 ἁρμοσμένου
734 1754 795 1805 τὰ
827 1750 1067 1818 μάλιστα·
1115 1753 1275 1807 οὐδεὶς
1297 1742 1396 1804 τῶν
1425 1753 1582 1804 λίθων
1604 1749 1868 1819 τριήκοντα

123 1861 172 1918 29
195 1843 359 1892 ποδῶν
405 1836 660 1890 ἐλάσσων.
750 1835 959 1902 ἐποιήθη
1005 1839 1058 1890 δὲ
1102 1838 1198 1890 ῶδε
1242 1838 1362 1902 αὕτη
1403 1837 1433 1902 ἡ
1478 1837 1704 1904 πυραμίς,
1747 1836 1866 1888 ἀνα·
1907 1850 1960 1887 12

0 1942 107 1985 ..tm
195 1927 406 1990 βαθμῶν
446 1923 648 1990 τρόπον,
691 1924 780 1977 τὰς
822 1919 1131 1989 μετεξέτεροι
1177 1922 1415 1994 κρόσσας,
1452 1923 1499 1973 οἱ
1544 1923 1597 1973 δὲ
1641 1921 1868 1988 βωμίδας
1891 1904 2098 2002 ww*

195 1997 509 2075 ὀνομάζουσι·
574 2007 805 2071 τοιαύτην
848 2006 905 2058 τὸ
949 2011 1147 2074 πρῶτον
1192 2008 1359 2059 ἐπείτε
1403 2008 1647 2071 ἐποίησαν
1691 2004 1862 2070 αὐτήν,
1906 2029 1931 2060 2

194 2092 361 2159 ἤειρον
404 2090 517 2147 τοὺς
564 2093 853 2146 ἐπιλοίπους
897 2092 1068 2145 λίθους
1111 2099 1370 2165 μηχανῇσι
1417 2090 1583 2156 ξύλων
1626 2089 1866 2159 βραχέων

196 2175 578 2248 πεποιημένῃσι,
615 2178 840 2245 χαμᾶθεν
880 2178 972 2242 μὲν
1017 2176 1098 2229 ἐπὶ
1142 2175 1229 2228 τὸν
1273 2180 1469 2243 πρῶτον
1515 2178 1723 2245 στοῖχον
1766 2179 1865 2227 τῶν

124 2282 170 2325 ²5
197 2262 504 2328 ἀναβαθμῶν
542 2261 806 2328 ἀείροντες·
854 2261 980 2315 ὅκως
1015 2263 1070 2313 δὲ
1106 2261 1235 2313 ἀνίοι
1266 2261 1292 2312 ὁ
1327 2262 1470 2314 λίθος
1507 2259 1584 2312 ἐπ’
1617 2259 1781 2319 αὐτόν,
1815 2261 1866 2314 ἐς
1903 2281 1927 2325 3

197 2345 369 2413 ἑτέρην
398 2344 628 2414 μηχανὴν
660 2346 850 2398 ἐτίθετο
888 2348 1148 2398 ἑστεῶσαν
1179 2345 1261 2398 ἐπὶ
1296 2349 1382 2397 τοῦ
1411 2345 1607 2412 πρώτου
1638 2345 1863 2411 στοίχου,

198 2429 295 2484 ἀπὸ
325 2431 500 2483 τούτου
537 2432 590 2483 δὲ
620 2429 820 2482 ἐπὶτὸν
856 2429 1083 2497 δεύτερον
1121 2431 1314 2483 εἵλκετο
1352 2434 1560 2498 στοῖχον
1598 2428 1675 2482 ἐπ’
1706 2428 1867 2493 ἄλλης

255 2581 274 2608 1
308 2570 458 2610 ἑωυτοῦ
479 2567 517 2607 R
533 2567 616 2608 SV
800 2580 825 2606 2
854 2566 1053 2614 λιθομέων
1072 2567 1160 2606 ΑΒ
1343 2569 1370 2605 6
1399 2565 1540 2620 ἠργάζ.
1563 2566 1600 2605 Α
1616 2566 1682 2605 B:
1712 2563 1861 2620 ειργάζ.

197 2623 232 2663 C
249 2623 384 2663 RSV
579 2634 601 2671 7
634 2621 799 2663 ἕκαστοι
831 2621 1070 2672 Gomperz:
1101 2621 1279 2671 ἑκάστην
1308 2621 1342 2660 L
1479 2621 1671 2683 γενέσθαι
1693 2620 1749 2659 C:
1786 2624 1867 2662 ἐπι·

197 2679 388 2731 γενέσθαι
410 2677 447 2716 R
464 2678 494 2717 S
507 2677 546 2716 V
711 2677 738 2715 8
765 2681 851 2718 λαῶ
876 2675 912 2714 R
930 2676 960 2715 S
974 2677 1039 2717 V:
1071 2678 1243 2727 ἄλλωζι)
1265 2675 1305 2714 Α
1319 2676 1354 2714 Β
1371 2676 1404 2714 C
1419 2675 1453 2714 P
1581 2674 1726 2737 ἧιλκον
1746 2675 1787 2714 Α
1800 2675 1868 2715 B:

200 2734 391 2782 εἵλκηντο
414 2731 528 2771 RV:
560 2733 747 2773 εἵλκοντο
774 2731 805 2770 S
1031 2745 1080 2771 10
1109 2731 1259 2824 δοκέεί3
1272 2730 1352 2770 SV
1516 2732 1595 2785 γὰρ
1624 2730 1707 2770 del.
1743 2730 1865 2770 Stein

198 2786 273 2839 μὲν
299 2789 379 2840 γὰρ
406 2789 531 2838 μῆκος
558 2786 724 2826 ABC.
715 2801 724 2810 ·
756 2785 833 2838 μὲν
860 2788 938 2840 γὰρ
966 2788 1092 2837 μῆκος
1120 2786 1259 2838 μὲνΡ
1428 2798 1476 2824 12
1512 2785 1575 2837 δὲ]
1606 2802 1654 2827 τε
1682 2783 1869 2824 ABCP

203 2853 253 2892 13
279 2841 432 2891 ταύτης
454 2840 588 2881 Reiz:
617 2840 802 2892 ‘rath-⁷10)
827 2841 862 2880 L
1000 2858 1047 2882 τε
1068 2854 1152 2881 orn.
1175 2840 1309 2881 RSV
1421 2839 1465 2882 δὲ
1487 2840 1518 2880 S
1665 2852 1714 2889 14
1745 2840 1810 2894 ἐφ’
1834 2839 1869 2879 L

200 2908 256 2937 20
284 2895 449 2938 ἐλάσσω
480 2895 570 2935 RV
762 2907 812 2935 21
850 2896 1036 2950 κρόσσας
1066 2895 1173 2936 SV.
1212 2896 1368 2950 κρῶσας
1399 2895 1439 2936 R
1642 2907 1696 2946 23
1724 2894 1812 2950 ἢείρ
1813 2911 1868 2937 ων

200 2949 293 2991 RV
474 2963 527 2998 24
556 2949 741 3002 χαμάθεν
762 2951 796 2990 L
815 2956 988 3002 praeter
1008 2951 1048 2990 R
1229 2962 1283 3003 25
1311 2967 1360 2993 τε
1380 2950 1415 2991 C
1580 2951 1629 2993 ἂν
1649 2953 1711 3001 εἴη
1732 2948 1773 2991 R
1787 2911 1869 2992 SV

201 3017 253 3058 27
283 3006 319 3047 δ’
333 3006 467 3047 &uk-’12
490 3005 530 3044 R
544 3005 574 3045 S
589 3006 624 3044 V
736 3005 891 3053 ἥλκετο
910 3005 950 3045 Α
963 3005 1024 3048 Β;
1057 3005 1204 3049 ἕλκετο
1226 3006 1260 3047 C
