<?xml version="1.0" encoding="UTF-8"?>
<!DOCTYPE html PUBLIC "-//W3C//DTD XHTML 1.0 Transitional//EN"
    "http://www.w3.org/TR/xhtml1/DTD/xhtml1-transitional.dtd">
<html xmlns="http://www.w3.org/1999/xhtml" xml:lang="en" lang="en">
 <head>
  <title>
</title>
<meta http-equiv="Content-Type" content="text/html;charset=utf-8" />
  <meta name='ocr-system' content='tesseract 3.04.00' />
  <meta name='ocr-capabilities' content='ocr_page ocr_carea ocr_par ocr_line ocrx_word'/>
</head>
<body>
  <div class='ocr_page' id='page_1' title='image "./herodotihistoria01herouoft_0369.png"; bbox 0 0 2098 3320; ppageno 0'>
   <div class='ocr_carea' id='block_1_1' title="bbox 695 170 1991 236">
    <p class='ocr_par' dir='ltr' id='par_1_1' title="bbox 695 170 1991 236">
     <span class='ocr_line' id='line_1_1' title="bbox 695 170 1991 236; baseline 0.003 -18"><span class='ocrx_word' id='word_1_1' title='bbox 695 170 1073 219; x_wconf 78' lang='grc' dir='ltr'>[ΣΤΟΡΙΩΝ</span> <span class='ocrx_word' id='word_1_2' title='bbox 1135 174 1179 219; x_wconf 82' lang='grc' dir='ltr'>Δ</span> <span class='ocrx_word' id='word_1_3' title='bbox 1816 175 1900 222; x_wconf 76' lang='lat' dir='ltr'>lv,</span> <span class='ocrx_word' id='word_1_4' title='bbox 1930 186 1991 236; x_wconf 84' lang='lat'>72</span> 
     </span>
    </p>
   </div>
   <div class='ocr_carea' id='block_1_2' title="bbox 24 301 2098 2566">
    <p class='ocr_par' dir='ltr' id='par_1_2' title="bbox 36 301 2027 1473">
     <span class='ocr_line' id='line_1_2' title="bbox 107 301 1772 370; baseline 0.001 -15"><span class='ocrx_word' id='word_1_5' title='bbox 107 301 266 369; x_wconf 77' lang='grc' dir='ltr'>ὤμους</span> <span class='ocrx_word' id='word_1_6' title='bbox 312 305 412 353; x_wconf 84' lang='grc' dir='ltr'>τῶν</span> <span class='ocrx_word' id='word_1_7' title='bbox 458 301 638 360; x_wconf 83' lang='grc' dir='ltr'>ἵππων,</span> <span class='ocrx_word' id='word_1_8' title='bbox 689 302 739 353; x_wconf 82' lang='grc' dir='ltr'>αἱ</span> <span class='ocrx_word' id='word_1_9' title='bbox 787 303 840 354; x_wconf 83' lang='grc' dir='ltr'>δὲ</span> <span class='ocrx_word' id='word_1_10' title='bbox 888 303 1068 354; x_wconf 86' lang='grc' dir='ltr'>ὄπισθε</span> <span class='ocrx_word' id='word_1_11' title='bbox 1115 303 1248 369; x_wconf 83' lang='grc' dir='ltr'>παρὰ</span> <span class='ocrx_word' id='word_1_12' title='bbox 1295 302 1408 356; x_wconf 85' lang='grc' dir='ltr'>τοὺς</span> <span class='ocrx_word' id='word_1_13' title='bbox 1455 302 1638 370; x_wconf 83' lang='grc' dir='ltr'>μηροὺς</span> <span class='ocrx_word' id='word_1_14' title='bbox 1685 305 1772 356; x_wconf 79' lang='grc' dir='ltr'>τὰς</span> 
     </span>
     <span class='ocr_line' id='line_1_3' title="bbox 106 383 1769 455; baseline 0.001 -17"><span class='ocrx_word' id='word_1_15' title='bbox 106 383 354 455; x_wconf 79' lang='grc' dir='ltr'>γαστέρας</span> <span class='ocrx_word' id='word_1_16' title='bbox 397 384 834 451; x_wconf 86' lang='grc' dir='ltr'>ὑπολαμβάνουσι·</span> <span class='ocrx_word' id='word_1_17' title='bbox 896 383 1084 438; x_wconf 84' lang='grc' dir='ltr'>σκέλεα</span> <span class='ocrx_word' id='word_1_18' title='bbox 1127 389 1179 438; x_wconf 82' lang='grc' dir='ltr'>δὲ</span> <span class='ocrx_word' id='word_1_19' title='bbox 1225 387 1487 454; x_wconf 90' lang='grc' dir='ltr'>ἀμφότερα</span> <span class='ocrx_word' id='word_1_20' title='bbox 1536 385 1769 454; x_wconf 90' lang='grc' dir='ltr'>κατακρέ-</span> 
     </span>
     <span class='ocr_line' id='line_1_4' title="bbox 105 467 1772 539; baseline 0.001 -16"><span class='ocrx_word' id='word_1_21' title='bbox 105 491 254 538; x_wconf 90' lang='grc' dir='ltr'>μαται</span> <span class='ocrx_word' id='word_1_22' title='bbox 282 467 521 537; x_wconf 88' lang='grc' dir='ltr'>μετέωρα.</span> <span class='ocrx_word' id='word_1_23' title='bbox 595 469 835 539; x_wconf 85' lang='grc' dir='ltr'>χαλινοὺς</span> <span class='ocrx_word' id='word_1_24' title='bbox 859 472 913 522; x_wconf 83' lang='grc' dir='ltr'>δὲ</span> <span class='ocrx_word' id='word_1_25' title='bbox 940 471 1018 522; x_wconf 88' lang='grc' dir='ltr'>καὶ</span> <span class='ocrx_word' id='word_1_26' title='bbox 1042 470 1226 536; x_wconf 86' lang='grc' dir='ltr'>στόμια</span> <span class='ocrx_word' id='word_1_27' title='bbox 1249 471 1561 535; x_wconf 82' lang='grc' dir='ltr'>ἐμβαλόντες</span> <span class='ocrx_word' id='word_1_28' title='bbox 1585 474 1636 526; x_wconf 91' lang='grc' dir='ltr'>ἐς</span> <span class='ocrx_word' id='word_1_29' title='bbox 1658 472 1772 525; x_wconf 85' lang='grc' dir='ltr'>τοὺς</span> 
     </span>
     <span class='ocr_line' id='line_1_5' title="bbox 107 554 1772 620; baseline -0.001 -11"><span class='ocrx_word' id='word_1_30' title='bbox 107 556 287 609; x_wconf 79' lang='grc' dir='ltr'>ἵππους</span> <span class='ocrx_word' id='word_1_31' title='bbox 332 555 679 607; x_wconf 83' lang='grc' dir='ltr'>κατατείνουσι</span> <span class='ocrx_word' id='word_1_32' title='bbox 726 556 778 608; x_wconf 85' lang='grc' dir='ltr'>ἐς</span> <span class='ocrx_word' id='word_1_33' title='bbox 822 554 878 606; x_wconf 88' lang='grc' dir='ltr'>τὸ</span> <span class='ocrx_word' id='word_1_34' title='bbox 927 555 1116 620; x_wconf 83' lang='grc' dir='ltr'>πρόσθε</span> <span class='ocrx_word' id='word_1_35' title='bbox 1165 554 1324 607; x_wconf 81' lang='grc' dir='ltr'>αὐτῶν</span> <span class='ocrx_word' id='word_1_36' title='bbox 1374 556 1451 607; x_wconf 86' lang='grc' dir='ltr'>καὶ</span> <span class='ocrx_word' id='word_1_37' title='bbox 1500 555 1670 608; x_wconf 84' lang='grc' dir='ltr'>ἔπειτα</span> <span class='ocrx_word' id='word_1_38' title='bbox 1718 558 1772 607; x_wconf 92' lang='grc' dir='ltr'>ἐκ</span> 
     </span>
     <span class='ocr_line' id='line_1_6' title="bbox 59 635 1833 707; baseline -0.001 -13"><span class='ocrx_word' id='word_1_39' title='bbox 59 663 82 706; x_wconf 85' lang='lat'><strong>5</strong></span> <span class='ocrx_word' id='word_1_40' title='bbox 107 638 392 694; x_wconf 86' lang='grc' dir='ltr'>πασσάλων</span> <span class='ocrx_word' id='word_1_41' title='bbox 424 635 616 692; x_wconf 83' lang='grc' dir='ltr'>δέουσι.</span> <span class='ocrx_word' id='word_1_42' title='bbox 704 643 804 691; x_wconf 84' lang='grc' dir='ltr'>τῶν</span> <span class='ocrx_word' id='word_1_43' title='bbox 843 641 897 691; x_wconf 81' lang='grc' dir='ltr'>δὲ</span> <span class='ocrx_word' id='word_1_44' title='bbox 937 639 995 703; x_wconf 80' lang='grc' dir='ltr'>δὴ</span> <span class='ocrx_word' id='word_1_45' title='bbox 1036 640 1312 703; x_wconf 88' lang='grc' dir='ltr'>νεηνίσκων</span> <span class='ocrx_word' id='word_1_46' title='bbox 1352 644 1451 692; x_wconf 82' lang='grc' dir='ltr'>τῶν</span> <span class='ocrx_word' id='word_1_47' title='bbox 1493 641 1768 692; x_wconf 85' lang='grc' dir='ltr'>ἀποπεπνι-</span> <span class='ocrx_word' id='word_1_48' title='bbox 1812 659 1833 707; x_wconf 85' lang='grc'>5</span> 
     </span>
     <span class='ocr_line' id='line_1_7' title="bbox 106 720 1772 793; baseline -0.001 -17"><span class='ocrx_word' id='word_1_49' title='bbox 106 721 302 793; x_wconf 85' lang='grc' dir='ltr'>γμένων</span> <span class='ocrx_word' id='word_1_50' title='bbox 332 728 430 776; x_wconf 84' lang='grc' dir='ltr'>τῶν</span> <span class='ocrx_word' id='word_1_51' title='bbox 460 720 766 788; x_wconf 90' lang='grc' dir='ltr'>πεντήκοντα</span> <span class='ocrx_word' id='word_1_52' title='bbox 796 723 884 775; x_wconf 83' lang='grc' dir='ltr'>ἕνα</span> <span class='ocrx_word' id='word_1_53' title='bbox 913 723 1129 775; x_wconf 82' lang='grc' dir='ltr'>ἕκαστον</span> <span class='ocrx_word' id='word_1_54' title='bbox 1163 723 1536 789; x_wconf 79' lang='grc' dir='ltr'>ἀναβιβάζουσι</span> <span class='ocrx_word' id='word_1_55' title='bbox 1573 725 1655 776; x_wconf 85' lang='grc' dir='ltr'>ἐπὶ</span> <span class='ocrx_word' id='word_1_56' title='bbox 1684 724 1772 775; x_wconf 87' lang='grc' dir='ltr'>τὸν</span> 
     </span>
     <span class='ocr_line' id='line_1_8' title="bbox 106 805 1771 876; baseline -0.001 -14"><span class='ocrx_word' id='word_1_57' title='bbox 106 809 276 868; x_wconf 77' lang='grc' dir='ltr'>ἵππον,</span> <span class='ocrx_word' id='word_1_58' title='bbox 309 809 405 860; x_wconf 86' lang='grc' dir='ltr'>ὧδε</span> <span class='ocrx_word' id='word_1_59' title='bbox 435 805 852 873; x_wconf 80' lang='grc' dir='ltr'>ἀναβιβάζοντες,</span> <span class='ocrx_word' id='word_1_60' title='bbox 887 809 1039 860; x_wconf 81' lang='grc' dir='ltr'>ἐπεὰν</span> <span class='ocrx_word' id='word_1_61' title='bbox 1069 812 1244 875; x_wconf 85' lang='grc' dir='ltr'>νεκροῦ</span> <span class='ocrx_word' id='word_1_62' title='bbox 1274 807 1486 860; x_wconf 79' lang='grc' dir='ltr'>ἑκάστου</span> <span class='ocrx_word' id='word_1_63' title='bbox 1518 810 1650 876; x_wconf 80' lang='grc' dir='ltr'>παρὰ</span> <span class='ocrx_word' id='word_1_64' title='bbox 1680 808 1771 873; x_wconf 81' lang='grc' dir='ltr'>τὴν</span> 
     </span>
     <span class='ocr_line' id='line_1_9' title="bbox 106 889 1771 960; baseline -0.001 -14"><span class='ocrx_word' id='word_1_65' title='bbox 106 892 325 946; x_wconf 85' lang='grc' dir='ltr'>ἄκανθαν</span> <span class='ocrx_word' id='word_1_66' title='bbox 343 890 497 958; x_wconf 81' lang='grc' dir='ltr'>ξύλον</span> <span class='ocrx_word' id='word_1_67' title='bbox 516 890 665 960; x_wconf 85' lang='grc' dir='ltr'>ὀρθὸν</span> <span class='ocrx_word' id='word_1_68' title='bbox 685 890 964 944; x_wconf 86' lang='grc' dir='ltr'>διελάσωσι</span> <span class='ocrx_word' id='word_1_69' title='bbox 982 889 1133 960; x_wconf 86' lang='grc' dir='ltr'>μέχρι</span> <span class='ocrx_word' id='word_1_70' title='bbox 1152 897 1238 944; x_wconf 92' lang='grc' dir='ltr'>τοῦ</span> <span class='ocrx_word' id='word_1_71' title='bbox 1255 891 1525 960; x_wconf 83' lang='grc' dir='ltr'>τραχήλου·</span> <span class='ocrx_word' id='word_1_72' title='bbox 1551 891 1771 945; x_wconf 81' lang='grc' dir='ltr'>κάτωθεν</span> 
     </span>
     <span class='ocr_line' id='line_1_10' title="bbox 106 972 2027 1046; baseline -0.003 -16"><span class='ocrx_word' id='word_1_73' title='bbox 106 980 161 1030; x_wconf 79' lang='grc' dir='ltr'>δὲ</span> <span class='ocrx_word' id='word_1_74' title='bbox 198 974 435 1046; x_wconf 84' lang='grc' dir='ltr'>ὑπερέχει</span> <span class='ocrx_word' id='word_1_75' title='bbox 477 980 565 1028; x_wconf 88' lang='grc' dir='ltr'>τοῦ</span> <span class='ocrx_word' id='word_1_76' title='bbox 608 974 760 1042; x_wconf 81' lang='grc' dir='ltr'>ξύλου</span> <span class='ocrx_word' id='word_1_77' title='bbox 801 976 976 1029; x_wconf 89' lang='grc' dir='ltr'>τούτου</span> <span class='ocrx_word' id='word_1_78' title='bbox 1015 975 1073 1028; x_wconf 86' lang='grc' dir='ltr'>τὸ</span> <span class='ocrx_word' id='word_1_79' title='bbox 1114 977 1164 1030; x_wconf 88' lang='grc' dir='ltr'>ἐς</span> <span class='ocrx_word' id='word_1_80' title='bbox 1201 977 1384 1043; x_wconf 78' lang='grc' dir='ltr'>τόρμον</span> <span class='ocrx_word' id='word_1_81' title='bbox 1425 981 1645 1045; x_wconf 83' lang='grc' dir='ltr'>πηγνῦσι</span> <span class='ocrx_word' id='word_1_82' title='bbox 1684 981 1772 1028; x_wconf 93' lang='grc' dir='ltr'>τοῦ</span> <span class='ocrx_word' id='word_1_83' title='bbox 1803 972 2027 1025; x_wconf 56' lang='lat' dir='ltr'>:oded-1</span> 
     </span>
     <span class='ocr_line' id='line_1_11' title="bbox 36 1058 1770 1131; baseline -0.001 -16"><span class='ocrx_word' id='word_1_84' title='bbox 36 1084 85 1115; x_wconf 79' lang='grc' dir='ltr'>ιο</span> <span class='ocrx_word' id='word_1_85' title='bbox 107 1058 278 1130; x_wconf 85' lang='grc' dir='ltr'>ἐτέρου</span> <span class='ocrx_word' id='word_1_86' title='bbox 313 1060 465 1127; x_wconf 83' lang='grc' dir='ltr'>ξύλου</span> <span class='ocrx_word' id='word_1_87' title='bbox 501 1064 588 1113; x_wconf 90' lang='grc' dir='ltr'>τοῦ</span> <span class='ocrx_word' id='word_1_88' title='bbox 623 1061 703 1112; x_wconf 80' lang='grc' dir='ltr'>διὰ</span> <span class='ocrx_word' id='word_1_89' title='bbox 733 1065 820 1113; x_wconf 91' lang='grc' dir='ltr'>τοῦ</span> <span class='ocrx_word' id='word_1_90' title='bbox 850 1062 1017 1114; x_wconf 85' lang='grc' dir='ltr'>ἵππου.</span> <span class='ocrx_word' id='word_1_91' title='bbox 1108 1059 1472 1126; x_wconf 83' lang='grc' dir='ltr'>ἐπιστήσαντες</span> <span class='ocrx_word' id='word_1_92' title='bbox 1513 1063 1566 1114; x_wconf 79' lang='grc' dir='ltr'>δὲ</span> <span class='ocrx_word' id='word_1_93' title='bbox 1607 1061 1770 1131; x_wconf 83' lang='grc' dir='ltr'>κύκλῳ</span> 
     </span>
     <span class='ocr_line' id='line_1_12' title="bbox 105 1142 1873 1213; baseline -0.001 -14"><span class='ocrx_word' id='word_1_94' title='bbox 105 1146 164 1199; x_wconf 88' lang='grc' dir='ltr'>τὸ</span> <span class='ocrx_word' id='word_1_95' title='bbox 204 1149 342 1213; x_wconf 87' lang='grc' dir='ltr'>σῆμα</span> <span class='ocrx_word' id='word_1_96' title='bbox 387 1142 568 1200; x_wconf 81' lang='grc' dir='ltr'>ἱππέας</span> <span class='ocrx_word' id='word_1_97' title='bbox 611 1146 863 1199; x_wconf 87' lang='grc' dir='ltr'>τοιούτους</span> <span class='ocrx_word' id='word_1_98' title='bbox 908 1145 1264 1198; x_wconf 89' lang='grc' dir='ltr'>ἀπελαύνουσι.</span> <span class='ocrx_word' id='word_1_99' title='bbox 1354 1146 1478 1198; x_wconf 84' lang='grc' dir='ltr'>οὕτω</span> <span class='ocrx_word' id='word_1_100' title='bbox 1522 1148 1613 1211; x_wconf 80' lang='grc' dir='ltr'>μὲν</span> <span class='ocrx_word' id='word_1_101' title='bbox 1657 1146 1772 1199; x_wconf 83' lang='grc' dir='ltr'>τοὺς</span> <span class='ocrx_word' id='word_1_102' title='bbox 1809 1162 1873 1212; x_wconf 87' lang='lat'>73</span> 
     </span>
     <span class='ocr_line' id='line_1_13' title="bbox 105 1228 1769 1298; baseline -0.002 -14"><span class='ocrx_word' id='word_1_103' title='bbox 105 1228 357 1298; x_wconf 88' lang='grc' dir='ltr'>βασιλέας</span> <span class='ocrx_word' id='word_1_104' title='bbox 401 1229 662 1290; x_wconf 79' lang='grc' dir='ltr'>θάπτουσι,</span> <span class='ocrx_word' id='word_1_105' title='bbox 709 1229 822 1284; x_wconf 87' lang='grc' dir='ltr'>τοὺς</span> <span class='ocrx_word' id='word_1_106' title='bbox 866 1232 919 1282; x_wconf 80' lang='grc' dir='ltr'>δὲ</span> <span class='ocrx_word' id='word_1_107' title='bbox 963 1229 1149 1284; x_wconf 87' lang='grc' dir='ltr'>ἄλλους</span> <span class='ocrx_word' id='word_1_108' title='bbox 1193 1230 1399 1289; x_wconf 89' lang='grc' dir='ltr'>Σκύθας,</span> <span class='ocrx_word' id='word_1_109' title='bbox 1449 1231 1602 1282; x_wconf 81' lang='grc' dir='ltr'>ἐπεὰν</span> <span class='ocrx_word' id='word_1_110' title='bbox 1648 1231 1769 1282; x_wconf 90' lang='grc' dir='ltr'>ἀπο-</span> 
     </span>
     <span class='ocr_line' id='line_1_14' title="bbox 108 1312 1773 1384; baseline -0.001 -15"><span class='ocrx_word' id='word_1_111' title='bbox 108 1315 314 1376; x_wconf 87' lang='grc' dir='ltr'>θάνωσι,</span> <span class='ocrx_word' id='word_1_112' title='bbox 364 1313 660 1384; x_wconf 85' lang='grc' dir='ltr'>περιάγουσι</span> <span class='ocrx_word' id='word_1_113' title='bbox 702 1317 748 1367; x_wconf 81' lang='grc' dir='ltr'>οῖ</span> <span class='ocrx_word' id='word_1_114' title='bbox 793 1313 1058 1383; x_wconf 84' lang='grc' dir='ltr'>ἀγχοτάτω</span> <span class='ocrx_word' id='word_1_115' title='bbox 1106 1312 1443 1382; x_wconf 87' lang='grc' dir='ltr'>προσήκοντες</span> <span class='ocrx_word' id='word_1_116' title='bbox 1490 1317 1611 1366; x_wconf 82' lang='grc' dir='ltr'>κατὰ</span> <span class='ocrx_word' id='word_1_117' title='bbox 1659 1314 1773 1368; x_wconf 86' lang='grc' dir='ltr'>τοὺς</span> 
     </span>
     <span class='ocr_line' id='line_1_15' title="bbox 108 1396 1774 1473; baseline -0.001 -19"><span class='ocrx_word' id='word_1_118' title='bbox 108 1401 290 1470; x_wconf 82' lang='grc' dir='ltr'>φίλους</span> <span class='ocrx_word' id='word_1_119' title='bbox 320 1402 375 1453; x_wconf 87' lang='grc' dir='ltr'>ἐν</span> <span class='ocrx_word' id='word_1_120' title='bbox 405 1398 627 1473; x_wconf 82' lang='grc' dir='ltr'>ἁμάξῃσι</span> <span class='ocrx_word' id='word_1_121' title='bbox 659 1396 927 1466; x_wconf 85' lang='grc' dir='ltr'>κειμένους,</span> <span class='ocrx_word' id='word_1_122' title='bbox 955 1404 1055 1451; x_wconf 87' lang='grc' dir='ltr'>τῶν</span> <span class='ocrx_word' id='word_1_123' title='bbox 1085 1401 1138 1451; x_wconf 83' lang='grc' dir='ltr'>δὲ</span> <span class='ocrx_word' id='word_1_124' title='bbox 1169 1399 1382 1453; x_wconf 82' lang='grc' dir='ltr'>ἕκαστος</span> <span class='ocrx_word' id='word_1_125' title='bbox 1411 1399 1774 1464; x_wconf 85' lang='grc' dir='ltr'>ὑποδεκόμενος</span> 
     </span>
    </p>

    <p class='ocr_par' dir='ltr' id='par_1_3' title="bbox 35 1481 1773 1556">
     <span class='ocr_line' id='line_1_16' title="bbox 35 1481 1773 1556; baseline -0.001 -21"><span class='ocrx_word' id='word_1_126' title='bbox 35 1505 83 1547; x_wconf 85' lang='lat'>15</span> <span class='ocrx_word' id='word_1_127' title='bbox 108 1483 315 1556; x_wconf 83' lang='grc' dir='ltr'>εὐωχέει</span> <span class='ocrx_word' id='word_1_128' title='bbox 335 1483 450 1538; x_wconf 79' lang='grc' dir='ltr'>τοὺς</span> <span class='ocrx_word' id='word_1_129' title='bbox 481 1481 751 1550; x_wconf 79' lang='grc' dir='ltr'>ἑπομένους</span> <span class='ocrx_word' id='word_1_130' title='bbox 776 1483 855 1535; x_wconf 89' lang='grc' dir='ltr'>καὶ</span> <span class='ocrx_word' id='word_1_131' title='bbox 885 1484 952 1554; x_wconf 78' lang='grc' dir='ltr'>τῷ</span> <span class='ocrx_word' id='word_1_132' title='bbox 980 1484 1134 1553; x_wconf 81' lang='grc' dir='ltr'>νεκρῷ</span> <span class='ocrx_word' id='word_1_133' title='bbox 1162 1482 1363 1536; x_wconf 88' lang='grc' dir='ltr'>πάντων</span> <span class='ocrx_word' id='word_1_134' title='bbox 1386 1486 1650 1550; x_wconf 85' lang='grc' dir='ltr'>παρατιθεῖ</span> <span class='ocrx_word' id='word_1_135' title='bbox 1674 1487 1773 1535; x_wconf 83' lang='grc' dir='ltr'>τῶν</span> 
     </span>
    </p>

    <p class='ocr_par' dir='ltr' id='par_1_4' title="bbox 24 1563 2098 1890">
     <span class='ocr_line' id='line_1_17' title="bbox 24 1563 1772 1635; baseline -0.002 -12"><span class='ocrx_word' id='word_1_136' title='bbox 24 1563 28 1566; x_wconf 45' lang='grc'><strong>’</strong></span> <span class='ocrx_word' id='word_1_137' title='bbox 110 1570 188 1623; x_wconf 88' lang='grc' dir='ltr'>καὶ</span> <span class='ocrx_word' id='word_1_138' title='bbox 210 1574 346 1623; x_wconf 84' lang='grc' dir='ltr'>τοῖσι</span> <span class='ocrx_word' id='word_1_139' title='bbox 376 1569 601 1622; x_wconf 84' lang='grc' dir='ltr'>ἄλλοισι·</span> <span class='ocrx_word' id='word_1_140' title='bbox 643 1565 829 1635; x_wconf 89' lang='grc' dir='ltr'>ἡμέρας</span> <span class='ocrx_word' id='word_1_141' title='bbox 859 1570 914 1620; x_wconf 80' lang='grc' dir='ltr'>δὲ</span> <span class='ocrx_word' id='word_1_142' title='bbox 943 1566 1316 1635; x_wconf 87' lang='grc' dir='ltr'>τεσσεράκοντα</span> <span class='ocrx_word' id='word_1_143' title='bbox 1347 1567 1473 1619; x_wconf 81' lang='grc' dir='ltr'>οὕτω</span> <span class='ocrx_word' id='word_1_144' title='bbox 1505 1570 1552 1620; x_wconf 84' lang='grc' dir='ltr'>οἱ</span> <span class='ocrx_word' id='word_1_145' title='bbox 1584 1569 1772 1620; x_wconf 82' lang='grc' dir='ltr'>ἰδιῶται</span> 
     </span>
     <span class='ocr_line' id='line_1_18' title="bbox 107 1650 1831 1723; baseline -0.002 -15"><span class='ocrx_word' id='word_1_146' title='bbox 107 1654 443 1723; x_wconf 85' lang='grc' dir='ltr'>περιάγονται,</span> <span class='ocrx_word' id='word_1_147' title='bbox 492 1653 664 1706; x_wconf 85' lang='grc' dir='ltr'>ἔπειτα</span> <span class='ocrx_word' id='word_1_148' title='bbox 708 1652 994 1706; x_wconf 88' lang='grc' dir='ltr'>θάπτονται.</span> <span class='ocrx_word' id='word_1_149' title='bbox 1086 1650 1340 1719; x_wconf 81' lang='grc' dir='ltr'>θάψαντες</span> <span class='ocrx_word' id='word_1_150' title='bbox 1391 1654 1444 1704; x_wconf 82' lang='grc' dir='ltr'>δὲ</span> <span class='ocrx_word' id='word_1_151' title='bbox 1490 1654 1536 1704; x_wconf 83' lang='grc' dir='ltr'>οἱ</span> <span class='ocrx_word' id='word_1_152' title='bbox 1589 1652 1773 1704; x_wconf 88' lang='grc' dir='ltr'>Σκύθαι</span> <span class='ocrx_word' id='word_1_153' title='bbox 1804 1656 1831 1704; x_wconf 82' lang='lat'>&#39;2</span> 
     </span>
     <span class='ocr_line' id='line_1_19' title="bbox 108 1736 2098 1811; baseline -0.003 -19"><span class='ocrx_word' id='word_1_154' title='bbox 108 1741 422 1807; x_wconf 90' lang='grc' dir='ltr'>καθαίρονται</span> <span class='ocrx_word' id='word_1_155' title='bbox 466 1739 631 1808; x_wconf 81' lang='grc' dir='ltr'>τρόπῳ</span> <span class='ocrx_word' id='word_1_156' title='bbox 677 1741 866 1807; x_wconf 80' lang='grc' dir='ltr'>τοιῷδε·</span> <span class='ocrx_word' id='word_1_157' title='bbox 930 1736 1247 1811; x_wconf 67' lang='grc' dir='ltr'>σμησ-άμενοι</span> <span class='ocrx_word' id='word_1_158' title='bbox 1289 1738 1378 1790; x_wconf 80' lang='grc' dir='ltr'>τὰς</span> <span class='ocrx_word' id='word_1_159' title='bbox 1423 1738 1648 1804; x_wconf 82' lang='grc' dir='ltr'>κεφαλὰς</span> <span class='ocrx_word' id='word_1_160' title='bbox 1693 1736 1773 1787; x_wconf 87' lang='grc' dir='ltr'>καὶ</span> <span class='ocrx_word' id='word_1_161' title='bbox 1802 1736 2098 1804; x_wconf 39' lang='lat' dir='ltr'>hamb-*3⁸0*</span> 
     </span>
     <span class='ocr_line' id='line_1_20' title="bbox 108 1818 1768 1890; baseline -0.002 -14"><span class='ocrx_word' id='word_1_162' title='bbox 108 1823 468 1890; x_wconf 82' lang='grc' dir='ltr'>ἐκπλυνάμενοι</span> <span class='ocrx_word' id='word_1_163' title='bbox 497 1827 695 1875; x_wconf 86' lang='grc' dir='ltr'>ποιεῦσι</span> <span class='ocrx_word' id='word_1_164' title='bbox 724 1822 836 1890; x_wconf 89' lang='grc' dir='ltr'>περὶ</span> <span class='ocrx_word' id='word_1_165' title='bbox 866 1821 922 1873; x_wconf 85' lang='grc' dir='ltr'>τὸ</span> <span class='ocrx_word' id='word_1_166' title='bbox 953 1826 1100 1887; x_wconf 86' lang='grc' dir='ltr'>σῶμα</span> <span class='ocrx_word' id='word_1_167' title='bbox 1128 1818 1261 1873; x_wconf 89' lang='grc' dir='ltr'>τάδε·</span> <span class='ocrx_word' id='word_1_168' title='bbox 1309 1823 1459 1873; x_wconf 79' lang='grc' dir='ltr'>ἐπεὰν</span> <span class='ocrx_word' id='word_1_169' title='bbox 1489 1819 1617 1886; x_wconf 90' lang='grc' dir='ltr'>ξύλα</span> <span class='ocrx_word' id='word_1_170' title='bbox 1648 1819 1768 1885; x_wconf 91' lang='grc' dir='ltr'>στή-</span> 
     </span>
    </p>

    <p class='ocr_par' dir='ltr' id='par_1_5' title="bbox 34 1902 1920 2320">
     <span class='ocr_line' id='line_1_21' title="bbox 34 1902 1770 1977; baseline -0.001 -16"><span class='ocrx_word' id='word_1_171' title='bbox 34 1927 86 1958; x_wconf 86' lang='lat'>20</span> <span class='ocrx_word' id='word_1_172' title='bbox 109 1930 243 1962; x_wconf 93' lang='grc' dir='ltr'>σωσι</span> <span class='ocrx_word' id='word_1_173' title='bbox 264 1910 376 1977; x_wconf 91' lang='grc' dir='ltr'>τρία</span> <span class='ocrx_word' id='word_1_174' title='bbox 405 1910 457 1963; x_wconf 91' lang='grc' dir='ltr'>ἐς</span> <span class='ocrx_word' id='word_1_175' title='bbox 487 1907 691 1973; x_wconf 84' lang='grc' dir='ltr'>ἄλληλα</span> <span class='ocrx_word' id='word_1_176' title='bbox 716 1904 997 1971; x_wconf 89' lang='grc' dir='ltr'>κεκλιμένα,</span> <span class='ocrx_word' id='word_1_177' title='bbox 1023 1905 1135 1972; x_wconf 86' lang='grc' dir='ltr'>περὶ</span> <span class='ocrx_word' id='word_1_178' title='bbox 1158 1909 1312 1957; x_wconf 90' lang='grc' dir='ltr'>ταῦτα</span> <span class='ocrx_word' id='word_1_179' title='bbox 1335 1905 1511 1958; x_wconf 88' lang='grc' dir='ltr'>πίλους</span> <span class='ocrx_word' id='word_1_180' title='bbox 1535 1902 1770 1972; x_wconf 81' lang='grc' dir='ltr'>εἰρινέους</span> 
     </span>
     <span class='ocr_line' id='line_1_22' title="bbox 108 1987 1770 2061; baseline -0.002 -14"><span class='ocrx_word' id='word_1_181' title='bbox 108 1993 458 2061; x_wconf 90' lang='grc' dir='ltr'>περιτείνουσι,</span> <span class='ocrx_word' id='word_1_182' title='bbox 487 1987 871 2060; x_wconf 85' lang='grc' dir='ltr'>συμφράξαντες</span> <span class='ocrx_word' id='word_1_183' title='bbox 903 1993 956 2042; x_wconf 79' lang='grc' dir='ltr'>δὲ</span> <span class='ocrx_word' id='word_1_184' title='bbox 987 1990 1051 2044; x_wconf 82' lang='grc' dir='ltr'>ὡς</span> <span class='ocrx_word' id='word_1_185' title='bbox 1079 1987 1303 2055; x_wconf 90' lang='grc' dir='ltr'>μάλιστα</span> <span class='ocrx_word' id='word_1_186' title='bbox 1331 1989 1503 2043; x_wconf 89' lang='grc' dir='ltr'>λίθους</span> <span class='ocrx_word' id='word_1_187' title='bbox 1533 1991 1588 2041; x_wconf 90' lang='grc' dir='ltr'>ἐκ</span> <span class='ocrx_word' id='word_1_188' title='bbox 1618 1989 1770 2057; x_wconf 86' lang='grc' dir='ltr'>πυρὸς</span> 
     </span>
     <span class='ocr_line' id='line_1_23' title="bbox 108 2070 1920 2147; baseline -0.003 -16"><span class='ocrx_word' id='word_1_189' title='bbox 108 2075 380 2147; x_wconf 86' lang='grc' dir='ltr'>διαφανέας</span> <span class='ocrx_word' id='word_1_190' title='bbox 424 2074 746 2143; x_wconf 90' lang='grc' dir='ltr'>ἐσβάλλουσι</span> <span class='ocrx_word' id='word_1_191' title='bbox 787 2077 839 2130; x_wconf 86' lang='grc' dir='ltr'>ἐς</span> <span class='ocrx_word' id='word_1_192' title='bbox 879 2072 1083 2147; x_wconf 70' lang='grc' dir='ltr'>σκάφην</span> <span class='ocrx_word' id='word_1_193' title='bbox 1129 2071 1357 2139; x_wconf 90' lang='grc' dir='ltr'>κειμένην</span> <span class='ocrx_word' id='word_1_194' title='bbox 1398 2075 1452 2125; x_wconf 93' lang='grc' dir='ltr'>ἐν</span> <span class='ocrx_word' id='word_1_195' title='bbox 1491 2070 1630 2143; x_wconf 78' lang='grc' dir='ltr'>μέσῳ</span> <span class='ocrx_word' id='word_1_196' title='bbox 1671 2079 1770 2126; x_wconf 87' lang='grc' dir='ltr'>τῶν</span> <span class='ocrx_word' id='word_1_197' title='bbox 1808 2071 1920 2112; x_wconf 56' lang='grc' dir='ltr'>Μ·</span> 
     </span>
     <span class='ocr_line' id='line_1_24' title="bbox 107 2155 1875 2228; baseline -0.003 -13"><span class='ocrx_word' id='word_1_198' title='bbox 107 2160 272 2228; x_wconf 74' lang='grc' dir='ltr'>ξύλων</span> <span class='ocrx_word' id='word_1_199' title='bbox 302 2184 357 2215; x_wconf 91' lang='grc' dir='ltr'>τε</span> <span class='ocrx_word' id='word_1_200' title='bbox 388 2162 466 2214; x_wconf 89' lang='grc' dir='ltr'>καὶ</span> <span class='ocrx_word' id='word_1_201' title='bbox 496 2166 596 2216; x_wconf 82' lang='grc' dir='ltr'>τῶν</span> <span class='ocrx_word' id='word_1_202' title='bbox 628 2162 806 2214; x_wconf 89' lang='grc' dir='ltr'>πίλων.</span> <span class='ocrx_word' id='word_1_203' title='bbox 897 2159 1007 2211; x_wconf 87' lang='grc' dir='ltr'>ἔστι</span> <span class='ocrx_word' id='word_1_204' title='bbox 1046 2155 1100 2210; x_wconf 88' lang='grc' dir='ltr'>δέ</span> <span class='ocrx_word' id='word_1_205' title='bbox 1137 2165 1236 2225; x_wconf 91' lang='grc' dir='ltr'>σφι</span> <span class='ocrx_word' id='word_1_206' title='bbox 1272 2155 1513 2223; x_wconf 89' lang='grc' dir='ltr'>κάνναβις</span> <span class='ocrx_word' id='word_1_207' title='bbox 1544 2155 1768 2225; x_wconf 89' lang='grc' dir='ltr'>φυομένη</span> <span class='ocrx_word' id='word_1_208' title='bbox 1809 2171 1875 2221; x_wconf 90' lang='grc'>74</span> 
     </span>
     <span class='ocr_line' id='line_1_25' title="bbox 108 2240 1770 2320; baseline -0.004 -21"><span class='ocrx_word' id='word_1_209' title='bbox 108 2248 163 2299; x_wconf 90' lang='grc' dir='ltr'>ἐν</span> <span class='ocrx_word' id='word_1_210' title='bbox 191 2254 252 2320; x_wconf 83' lang='grc' dir='ltr'>τῇ</span> <span class='ocrx_word' id='word_1_211' title='bbox 282 2247 421 2318; x_wconf 87' lang='grc' dir='ltr'>χώρῃ</span> <span class='ocrx_word' id='word_1_212' title='bbox 451 2245 585 2310; x_wconf 81' lang='grc' dir='ltr'>πλὴν</span> <span class='ocrx_word' id='word_1_213' title='bbox 615 2242 899 2312; x_wconf 84' lang='grc' dir='ltr'>παχύτητος</span> <span class='ocrx_word' id='word_1_214' title='bbox 930 2243 1008 2295; x_wconf 88' lang='grc' dir='ltr'>καὶ</span> <span class='ocrx_word' id='word_1_215' title='bbox 1036 2240 1282 2310; x_wconf 88' lang='grc' dir='ltr'>μεγάθεος</span> <span class='ocrx_word' id='word_1_216' title='bbox 1305 2247 1371 2311; x_wconf 80' lang='grc' dir='ltr'>τῷ</span> <span class='ocrx_word' id='word_1_217' title='bbox 1401 2243 1524 2312; x_wconf 77' lang='grc' dir='ltr'>λίνῳ</span> <span class='ocrx_word' id='word_1_218' title='bbox 1558 2244 1770 2310; x_wconf 91' lang='grc' dir='ltr'>ἐμφερε-</span> 
     </span>
    </p>

    <p class='ocr_par' dir='ltr' id='par_1_6' title="bbox 35 2323 1775 2566">
     <span class='ocr_line' id='line_1_26' title="bbox 35 2323 1774 2403; baseline -0.003 -22"><span class='ocrx_word' id='word_1_219' title='bbox 35 2349 84 2393; x_wconf 81' lang='lat'>²5</span> <span class='ocrx_word' id='word_1_220' title='bbox 108 2328 284 2397; x_wconf 89' lang='grc' dir='ltr'>στάτη·</span> <span class='ocrx_word' id='word_1_221' title='bbox 330 2328 480 2403; x_wconf 88' lang='grc' dir='ltr'>ταύτῃ</span> <span class='ocrx_word' id='word_1_222' title='bbox 524 2333 578 2382; x_wconf 80' lang='grc' dir='ltr'>δὲ</span> <span class='ocrx_word' id='word_1_223' title='bbox 612 2333 788 2399; x_wconf 79' lang='grc' dir='ltr'>πολλῷ</span> <span class='ocrx_word' id='word_1_224' title='bbox 826 2325 1098 2395; x_wconf 86' lang='grc' dir='ltr'>ὑπερφέρει</span> <span class='ocrx_word' id='word_1_225' title='bbox 1128 2327 1157 2391; x_wconf 89' lang='grc' dir='ltr'>ἡ</span> <span class='ocrx_word' id='word_1_226' title='bbox 1192 2323 1446 2392; x_wconf 89' lang='grc' dir='ltr'>κάνναβις.</span> <span class='ocrx_word' id='word_1_227' title='bbox 1536 2327 1655 2391; x_wconf 80' lang='grc' dir='ltr'>αὕτη</span> <span class='ocrx_word' id='word_1_228' title='bbox 1694 2326 1774 2377; x_wconf 87' lang='grc' dir='ltr'>καὶ</span> 
     </span>
     <span class='ocr_line' id='line_1_27' title="bbox 107 2409 1775 2482; baseline -0.004 -15"><span class='ocrx_word' id='word_1_229' title='bbox 107 2413 353 2482; x_wconf 81' lang='grc' dir='ltr'>αὐτομάτη</span> <span class='ocrx_word' id='word_1_230' title='bbox 388 2416 466 2467; x_wconf 90' lang='grc' dir='ltr'>καὶ</span> <span class='ocrx_word' id='word_1_231' title='bbox 499 2411 801 2482; x_wconf 89' lang='grc' dir='ltr'>σπειρομένη</span> <span class='ocrx_word' id='word_1_232' title='bbox 834 2409 1030 2479; x_wconf 89' lang='grc' dir='ltr'>φύεται,</span> <span class='ocrx_word' id='word_1_233' title='bbox 1064 2412 1142 2463; x_wconf 89' lang='grc' dir='ltr'>καὶ</span> <span class='ocrx_word' id='word_1_234' title='bbox 1174 2409 1234 2476; x_wconf 83' lang='grc' dir='ltr'>ἐξ</span> <span class='ocrx_word' id='word_1_235' title='bbox 1259 2409 1407 2475; x_wconf 84' lang='grc' dir='ltr'>αὐτῆς</span> <span class='ocrx_word' id='word_1_236' title='bbox 1440 2409 1654 2478; x_wconf 89' lang='grc' dir='ltr'>Θρήικες</span> <span class='ocrx_word' id='word_1_237' title='bbox 1684 2412 1775 2475; x_wconf 80' lang='grc' dir='ltr'>μὲν</span> 
     </span>
     <span class='ocr_line' id='line_1_28' title="bbox 109 2493 1772 2566; baseline -0.004 -15"><span class='ocrx_word' id='word_1_238' title='bbox 109 2501 188 2553; x_wconf 87' lang='grc' dir='ltr'>καὶ</span> <span class='ocrx_word' id='word_1_239' title='bbox 227 2501 404 2566; x_wconf 84' lang='grc' dir='ltr'>εἵματα</span> <span class='ocrx_word' id='word_1_240' title='bbox 447 2503 700 2552; x_wconf 81' lang='grc' dir='ltr'>ποιεῦνται</span> <span class='ocrx_word' id='word_1_241' title='bbox 743 2501 876 2549; x_wconf 84' lang='grc' dir='ltr'>τοῖσι</span> <span class='ocrx_word' id='word_1_242' title='bbox 917 2493 1137 2548; x_wconf 89' lang='grc' dir='ltr'>λινέοισι</span> <span class='ocrx_word' id='word_1_243' title='bbox 1182 2496 1462 2560; x_wconf 88' lang='grc' dir='ltr'>ὁμοιότατα.</span> <span class='ocrx_word' id='word_1_244' title='bbox 1553 2494 1654 2547; x_wconf 81' lang='grc' dir='ltr'>οὐδ’</span> <span class='ocrx_word' id='word_1_245' title='bbox 1694 2493 1772 2553; x_wconf 85' lang='grc' dir='ltr'>ἄν,</span> 
     </span>
    </p>
   </div>
   <div class='ocr_carea' id='block_1_3' title="bbox 106 2625 1777 3164">
    <p class='ocr_par' dir='ltr' id='par_1_7' title="bbox 106 2625 1777 3120">
     <span class='ocr_line' id='line_1_29' title="bbox 161 2625 1777 2696; baseline -0.004 -25"><span class='ocrx_word' id='word_1_246' title='bbox 161 2644 187 2671; x_wconf 78' lang='lat'>2</span> <span class='ocrx_word' id='word_1_247' title='bbox 215 2647 537 2684; x_wconf 83' lang='grc' dir='ltr'>κατακρεμανται</span> <span class='ocrx_word' id='word_1_248' title='bbox 560 2630 600 2668; x_wconf 90' lang='lat' dir='ltr'>R</span> <span class='ocrx_word' id='word_1_249' title='bbox 615 2629 697 2669; x_wconf 90' lang='lat' dir='ltr'>SV</span> <span class='ocrx_word' id='word_1_250' title='bbox 917 2639 944 2677; x_wconf 86' lang='lat'>3</span> <span class='ocrx_word' id='word_1_251' title='bbox 974 2627 1039 2668; x_wconf 75' lang='grc' dir='ltr'>καὶ</span> <span class='ocrx_word' id='word_1_252' title='bbox 1059 2627 1252 2678; x_wconf 84' lang='grc' dir='ltr'>χαλινοὺς</span> <span class='ocrx_word' id='word_1_253' title='bbox 1275 2625 1310 2663; x_wconf 92' lang='grc' dir='ltr'>Β</span> <span class='ocrx_word' id='word_1_254' title='bbox 1475 2628 1514 2666; x_wconf 85' lang='grc' dir='ltr'>ἐς</span> <span class='ocrx_word' id='word_1_255' title='bbox 1536 2638 1616 2664; x_wconf 89' lang='lat' dir='ltr'>om.</span> <span class='ocrx_word' id='word_1_256' title='bbox 1640 2625 1777 2696; x_wconf 49' lang='lat' dir='ltr'>R&#39;SV</span> 
     </span>
     <span class='ocr_line' id='line_1_30' title="bbox 106 2680 1776 2791; baseline -0.002 -11"><span class='ocrx_word' id='word_1_257' title='bbox 106 2686 335 2781; x_wconf 51' lang='grc' dir='ltr'>ἎΒρὲσΙὲεν</span> <span class='ocrx_word' id='word_1_258' title='bbox 355 2687 390 2725; x_wconf 80' lang='lat' dir='ltr'>L</span> <span class='ocrx_word' id='word_1_259' title='bbox 421 2753 471 2780; x_wconf 89' lang='lat'>10</span> <span class='ocrx_word' id='word_1_260' title='bbox 491 2687 662 2791; x_wconf 55' lang='grc' dir='ltr'>βικὸτοέἔ</span> <span class='ocrx_word' id='word_1_261' title='bbox 663 2683 743 2778; x_wconf 53' lang='lat'>0111}</span> <span class='ocrx_word' id='word_1_262' title='bbox 753 2682 850 2775; x_wconf 57' lang='lat' dir='ltr'>{VB</span> <span class='ocrx_word' id='word_1_263' title='bbox 868 2736 901 2775; x_wconf 92' lang='lat' dir='ltr'>C</span> <span class='ocrx_word' id='word_1_264' title='bbox 943 2680 1346 2778; x_wconf 56' lang='grc' dir='ltr'>τὸιάτῖεῐΐάαῗτῗςὸᾘνὸ</span> <span class='ocrx_word' id='word_1_265' title='bbox 1359 2734 1398 2773; x_wconf 91' lang='lat' dir='ltr'>V</span> <span class='ocrx_word' id='word_1_266' title='bbox 1418 2749 1427 2774; x_wconf 71' lang='grc' dir='ltr'><strong><em>ε</em></strong></span> <span class='ocrx_word' id='word_1_267' title='bbox 1453 2694 1776 2788; x_wconf 49' lang='grc' dir='ltr'>πείιέἔήγέἔῖἷὲ</span> 
     </span>
     <span class='ocr_line' id='line_1_31' title="bbox 109 2788 1776 2848; baseline -0.005 -13"><span class='ocrx_word' id='word_1_268' title='bbox 109 2796 231 2836; x_wconf 87' lang='lat' dir='ltr'>Stein</span> <span class='ocrx_word' id='word_1_269' title='bbox 364 2809 381 2835; x_wconf 94' lang='lat'>1</span> <span class='ocrx_word' id='word_1_270' title='bbox 393 2810 408 2836; x_wconf 93' lang='lat'>1</span> <span class='ocrx_word' id='word_1_271' title='bbox 442 2795 564 2848; x_wconf 82' lang='grc' dir='ltr'>(περὶ)</span> <span class='ocrx_word' id='word_1_272' title='bbox 579 2796 627 2836; x_wconf 82' lang='grc' dir='ltr'>τὸ</span> <span class='ocrx_word' id='word_1_273' title='bbox 645 2792 806 2832; x_wconf 83' lang='lat' dir='ltr'>Reiske</span> <span class='ocrx_word' id='word_1_274' title='bbox 939 2803 989 2841; x_wconf 87' lang='lat'>13</span> <span class='ocrx_word' id='word_1_275' title='bbox 1009 2790 1254 2844; x_wconf 79' lang='grc' dir='ltr'>περιάγωσιν</span> <span class='ocrx_word' id='word_1_276' title='bbox 1273 2791 1312 2829; x_wconf 90' lang='lat' dir='ltr'><strong>R</strong></span> <span class='ocrx_word' id='word_1_277' title='bbox 1327 2790 1366 2828; x_wconf 93' lang='lat' dir='ltr'>V</span> <span class='ocrx_word' id='word_1_278' title='bbox 1504 2802 1551 2838; x_wconf 90' lang='lat'>14</span> <span class='ocrx_word' id='word_1_279' title='bbox 1577 2788 1719 2840; x_wconf 83' lang='grc' dir='ltr'>ἇμοίξηι</span> <span class='ocrx_word' id='word_1_280' title='bbox 1736 2789 1776 2827; x_wconf 95' lang='grc' dir='ltr'><strong>Α</strong></span> 
     </span>
     <span class='ocr_line' id='line_1_32' title="bbox 113 2843 1776 2904; baseline -0.004 -14"><span class='ocrx_word' id='word_1_281' title='bbox 113 2862 162 2901; x_wconf 84' lang='lat'>15</span> <span class='ocrx_word' id='word_1_282' title='bbox 189 2855 272 2892; x_wconf 83' lang='grc' dir='ltr'>τῶν</span> <span class='ocrx_word' id='word_1_283' title='bbox 293 2855 440 2904; x_wconf 83' lang='grc' dir='ltr'>νεκρῶν</span> <span class='ocrx_word' id='word_1_284' title='bbox 462 2850 496 2889; x_wconf 90' lang='lat' dir='ltr'>C</span> <span class='ocrx_word' id='word_1_285' title='bbox 580 2847 770 2890; x_wconf 84' lang='grc' dir='ltr'>ἁπάντων</span> <span class='ocrx_word' id='word_1_286' title='bbox 787 2846 1078 2900; x_wconf 83' lang='grc' dir='ltr'>παραπλησίως</span> <span class='ocrx_word' id='word_1_287' title='bbox 1098 2845 1340 2898; x_wconf 86' lang='grc' dir='ltr'>παρατίθησι</span> <span class='ocrx_word' id='word_1_288' title='bbox 1365 2845 1442 2886; x_wconf 86' lang='grc' dir='ltr'>ὅσα</span> <span class='ocrx_word' id='word_1_289' title='bbox 1461 2847 1571 2886; x_wconf 81' lang='grc' dir='ltr'>τοῖσι</span> <span class='ocrx_word' id='word_1_290' title='bbox 1587 2843 1628 2882; x_wconf 91' lang='grc' dir='ltr'><strong>Α</strong></span> <span class='ocrx_word' id='word_1_291' title='bbox 1641 2843 1676 2882; x_wconf 89' lang='grc' dir='ltr'>Β</span> <span class='ocrx_word' id='word_1_292' title='bbox 1692 2843 1725 2882; x_wconf 93' lang='lat' dir='ltr'>C</span> <span class='ocrx_word' id='word_1_293' title='bbox 1740 2844 1776 2882; x_wconf 93' lang='lat' dir='ltr'>P</span> 
     </span>
     <span class='ocr_line' id='line_1_33' title="bbox 112 2897 1776 2955; baseline -0.004 -11"><span class='ocrx_word' id='word_1_294' title='bbox 112 2907 163 2945; x_wconf 89' lang='lat'>16</span> <span class='ocrx_word' id='word_1_295' title='bbox 189 2909 275 2948; x_wconf 76' lang='grc' dir='ltr'>τοῖς</span> <span class='ocrx_word' id='word_1_296' title='bbox 296 2906 336 2945; x_wconf 90' lang='lat' dir='ltr'>R</span> <span class='ocrx_word' id='word_1_297' title='bbox 352 2905 391 2944; x_wconf 92' lang='lat' dir='ltr'>V</span> <span class='ocrx_word' id='word_1_298' title='bbox 500 2918 667 2955; x_wconf 79' lang='grc' dir='ltr'>τεσσαρ.</span> <span class='ocrx_word' id='word_1_299' title='bbox 694 2903 728 2943; x_wconf 93' lang='lat' dir='ltr'>C</span> <span class='ocrx_word' id='word_1_300' title='bbox 745 2901 834 2941; x_wconf 89' lang='lat' dir='ltr'>RV</span> <span class='ocrx_word' id='word_1_301' title='bbox 1003 2902 1053 2940; x_wconf 90' lang='lat'>18</span> <span class='ocrx_word' id='word_1_302' title='bbox 1083 2900 1239 2953; x_wconf 77' lang='grc' dir='ltr'>καταίρ.</span> <span class='ocrx_word' id='word_1_303' title='bbox 1263 2900 1296 2938; x_wconf 93' lang='lat' dir='ltr'>C</span> <span class='ocrx_word' id='word_1_304' title='bbox 1312 2899 1343 2939; x_wconf 90' lang='lat' dir='ltr'>S</span> <span class='ocrx_word' id='word_1_305' title='bbox 1519 2911 1573 2938; x_wconf 86' lang='lat'>20</span> <span class='ocrx_word' id='word_1_306' title='bbox 1604 2897 1776 2951; x_wconf 84' lang='grc' dir='ltr'>ἐρινέους</span> 
     </span>
     <span class='ocr_line' id='line_1_34' title="bbox 109 2951 1776 3012; baseline -0.005 -14"><span class='ocrx_word' id='word_1_307' title='bbox 109 2959 150 2998; x_wconf 91' lang='grc' dir='ltr'><strong>Α</strong></span> <span class='ocrx_word' id='word_1_308' title='bbox 165 2960 200 2999; x_wconf 92' lang='grc' dir='ltr'>Β</span> <span class='ocrx_word' id='word_1_309' title='bbox 214 2960 248 3000; x_wconf 91' lang='lat' dir='ltr'>C</span> <span class='ocrx_word' id='word_1_310' title='bbox 406 2973 454 2998; x_wconf 86' lang='lat'>21</span> <span class='ocrx_word' id='word_1_311' title='bbox 489 2958 679 3012; x_wconf 83' lang='grc' dir='ltr'>ἐκπύρους</span> <span class='ocrx_word' id='word_1_312' title='bbox 699 2956 739 2995; x_wconf 90' lang='grc' dir='ltr'>Α</span> <span class='ocrx_word' id='word_1_313' title='bbox 753 2957 788 2995; x_wconf 92' lang='grc' dir='ltr'>Β</span> <span class='ocrx_word' id='word_1_314' title='bbox 804 2956 838 2995; x_wconf 92' lang='lat' dir='ltr'>C</span> <span class='ocrx_word' id='word_1_315' title='bbox 995 2968 1045 3004; x_wconf 83' lang='lat'>24</span> <span class='ocrx_word' id='word_1_316' title='bbox 1076 2954 1269 3008; x_wconf 77' lang='grc' dir='ltr'>μεγέθους</span> <span class='ocrx_word' id='word_1_317' title='bbox 1289 2953 1329 2992; x_wconf 92' lang='grc' dir='ltr'><strong>Α</strong></span> <span class='ocrx_word' id='word_1_318' title='bbox 1344 2954 1379 2992; x_wconf 92' lang='grc' dir='ltr'>Β</span> <span class='ocrx_word' id='word_1_319' title='bbox 1494 2951 1617 2995; x_wconf 85' lang='grc' dir='ltr'>λινέω</span> <span class='ocrx_word' id='word_1_320' title='bbox 1640 2953 1679 2991; x_wconf 91' lang='lat' dir='ltr'>R</span> <span class='ocrx_word' id='word_1_321' title='bbox 1694 2952 1724 2991; x_wconf 90' lang='lat' dir='ltr'>S</span> <span class='ocrx_word' id='word_1_322' title='bbox 1738 2953 1776 2991; x_wconf 96' lang='lat' dir='ltr'>V</span> 
     </span>
     <span class='ocr_line' id='line_1_35' title="bbox 109 3007 1777 3064; baseline -0.004 -11"><span class='ocrx_word' id='word_1_323' title='bbox 109 3026 162 3064; x_wconf 84' lang='lat'>25</span> <span class='ocrx_word' id='word_1_324' title='bbox 202 3018 334 3056; x_wconf 80' lang='grc' dir='ltr'>ταῦτα</span> <span class='ocrx_word' id='word_1_325' title='bbox 368 3014 409 3053; x_wconf 92' lang='lat' dir='ltr'>R</span> <span class='ocrx_word' id='word_1_326' title='bbox 424 3014 453 3054; x_wconf 91' lang='lat' dir='ltr'>S</span> <span class='ocrx_word' id='word_1_327' title='bbox 466 3014 505 3053; x_wconf 96' lang='lat' dir='ltr'>V</span> <span class='ocrx_word' id='word_1_328' title='bbox 657 3012 825 3059; x_wconf 86' lang='grc' dir='ltr'>κάναβις</span> <span class='ocrx_word' id='word_1_329' title='bbox 857 3010 891 3050; x_wconf 92' lang='lat' dir='ltr'>C</span> <span class='ocrx_word' id='word_1_330' title='bbox 906 3007 965 3049; x_wconf 82' lang='lat' dir='ltr'>Rl</span> <span class='ocrx_word' id='word_1_331' title='bbox 978 3008 1032 3048; x_wconf 86' lang='lat' dir='ltr'>V1</span> <span class='ocrx_word' id='word_1_332' title='bbox 1247 3010 1300 3047; x_wconf 85' lang='lat'>26</span> <span class='ocrx_word' id='word_1_333' title='bbox 1340 3008 1416 3060; x_wconf 82' lang='grc' dir='ltr'>μὲν</span> <span class='ocrx_word' id='word_1_334' title='bbox 1450 3009 1533 3049; x_wconf 90' lang='lat' dir='ltr'><strong>del.</strong></span> <span class='ocrx_word' id='word_1_335' title='bbox 1575 3008 1777 3058; x_wconf 86' lang='lat' dir='ltr'><strong>Krueger</strong></span> 
     </span>
     <span class='ocr_line' id='line_1_36' title="bbox 107 3066 699 3120; baseline -0.007 -12"><span class='ocrx_word' id='word_1_336' title='bbox 107 3081 159 3120; x_wconf 77' lang='lat'>27</span> <span class='ocrx_word' id='word_1_337' title='bbox 191 3072 536 3120; x_wconf 81' lang='grc' dir='ltr'>εἴματοποιεῦνται</span> <span class='ocrx_word' id='word_1_338' title='bbox 559 3067 599 3105; x_wconf 92' lang='lat' dir='ltr'>R</span> <span class='ocrx_word' id='word_1_339' title='bbox 618 3066 699 3106; x_wconf 93' lang='lat' dir='ltr'>SV</span> 
     </span>
    </p>

    <p class='ocr_par' dir='ltr' id='par_1_8' title="bbox 163 3118 1609 3164">
     <span class='ocr_line' id='line_1_37' title="bbox 163 3118 1609 3164; baseline -0.006 0"><span class='ocrx_word' id='word_1_340' title='bbox 163 3136 265 3164; x_wconf 76' lang='grc' dir='ltr'>Ηῡτ.</span> <span class='ocrx_word' id='word_1_341' title='bbox 290 3136 317 3164; x_wconf 89' lang='lat'>1.</span> <span class='ocrx_word' id='word_1_342' title='bbox 1557 3118 1609 3157; x_wconf 84' lang='lat'>23</span> 
     </span>
    </p>
   </div>
  </div>
 </body>
</html>
