2098 3320
786 68 1162 115 ΙΣΤΟΡΙΩΝ
1228 69 1266 114 Β

189 199 427 267 πιρώμιος
468 194 772 266 γενόμἐνον],
807 199 886 250 καὶ
927 198 1039 250 οὔτε
1076 200 1128 252 ἐς
1163 197 1279 249 θεὸν
1320 198 1434 250 οὔτε
1476 198 1527 251 ἐς
1568 196 1705 264 ἥρωα
1743 196 1853 248 ἀνέ-

188 287 349 349 δησαν
393 282 584 346 αὐτούς.
674 282 884 349 πίρωμις
929 281 983 334 δέ
1027 284 1141 334 ἐστι
1186 281 1291 333 κατ’
1337 281 1566 333 Ἑλλάδα
1612 286 1857 348 γλῶσσαν

190 366 342 422 καλὸς
381 366 612 435 κάγαθός.
700 365 792 432 ἤδη
838 363 907 418 ὧν
951 371 1050 419 τῶν
1096 368 1146 418 αἱ
1188 366 1374 419 εἰκόνες
1416 365 1564 431 ἦσαν,
1607 365 1857 420 τοιούτους

188 450 550 504 ἃπεδείκνυσάν
582 457 747 518 σφεας
777 449 967 505 πάντας
997 451 1187 511 ἐόντας,
1223 454 1349 503 θεῶν
1380 453 1434 503 δὲ
1466 453 1661 503 πολλὸν
1692 451 1852 502 ἀπαλ-

140 557 163 598 5
187 534 482 604 λαγμένους.
556 535 614 588 τὸ
645 537 698 587 δὲ
723 536 966 603 πρότερον
988 540 1088 588 τῶν
1119 536 1312 602 ἀνδρῶν
1334 536 1525 587 τούτων
1556 534 1697 588 θεοὺς
1730 535 1857 587 εἶναι

186 619 301 675 τοὺς
334 621 387 672 ἐν
419 621 652 689 Αἰγύπτῳ
684 618 933 688 ἄρχοντας
957 618 1210 673 οἰκέοντας
1234 619 1336 685 ἅμα
1365 624 1497 671 τοῖσι
1528 620 1851 685 ἀνθρώποισι,

188 704 268 756 καὶ
298 704 487 757 τούτων
510 706 605 756 αἰεὶ
638 704 725 756 ἕνα
756 704 843 756 τὸν
876 703 1145 770 κρατέοντα
1177 704 1318 756 εἶναι·
1373 705 1592 755 ὕστατον
1622 706 1674 755 δὲ
1705 703 1855 768 αὐτῆς

184 793 497 854 βασιλεῦσαι
518 787 682 855 Ἷὶρον
706 787 794 840 τὸν
825 788 1051 855 Ὀσίριος
1081 792 1247 847 παῖδα,
1281 787 1367 840 τὸν
1398 787 1700 840 Ἀπόλλωνα
1722 786 1849 839 ‘'EA-

183 879 334 938 ληνες
352 857 666 939 ὀνομάζουσι·
698 877 874 924 τοῦτον
896 874 1286 925 καταπαύσαντα
1303 876 1526 940 Τυφῶνα
1544 877 1856 937 βασιλεῦσαι

114 977 161 1007 ιο
183 957 399 1009 ὕστατον
423 958 692 1025 Αἰγύπτου.
757 955 962 1025 ’Ὁσιρις
993 956 1048 1009 δέ
1070 959 1182 1009 ἐστι
1207 958 1457 1010 Διόνυσος
1483 958 1605 1008 κατὰ
1628 955 1855 1008 Ἑλλάδα

183 1046 446 1108 γλῶσσαν.

267 1125 357 1178 Ἐν
378 1124 607 1192 ’Έλλησι
637 1125 729 1192 μέν
758 1147 846 1179 νυν
870 1126 1105 1179 νεώτατοι
1128 1130 1226 1178 τῶν
1258 1128 1384 1178 θεῶν
1414 1125 1697 1191 νομίζονται
1728 1125 1854 1177 εἶναι

182 1208 466 1277 Ἡρακλέης
504 1232 557 1263 τε
601 1211 680 1263 καὶ
713 1211 966 1264 Διόνυσος
1007 1210 1087 1261 καὶ
1129 1208 1258 1268 Πάν,
1293 1209 1407 1276 παρ’
1439 1211 1761 1276 Αἰγυπτίοισι
1800 1211 1853 1261 δὲ

184 1296 298 1346 Πὰν
326 1298 420 1360 μὲν
449 1295 781 1363 ἀρχαιότατος
811 1295 892 1346 καὶ
922 1299 1022 1346 τῶν
1053 1295 1179 1346 ὀκτὼ
1203 1299 1302 1346 τῶν
1326 1294 1535 1360 πρώτων
1565 1291 1853 1361 λεγομένων

110 1397 157 1439 15
184 1381 328 1439 θεῶν,
362 1378 645 1447 Ἡρακλέης
677 1381 730 1432 δὲ
759 1383 859 1431 τῶν
897 1377 1137 1446 δευτέρων
1172 1383 1271 1430 τῶν
1309 1378 1527 1430 δυώδεκα
1562 1376 1852 1445 λεγομένων

183 1463 324 1523 εἶναι,
370 1464 620 1518 Διόνυσος
663 1467 717 1516 δὲ
760 1468 859 1516 τῶν
903 1465 1098 1530 τρίτων,
1143 1463 1190 1515 οἳ
1235 1465 1289 1514 ἐκ
1328 1467 1428 1514 τῶν
1466 1462 1683 1515 δυώδεκα
1727 1464 1853 1514 θεῶν

183 1546 430 1616 ε’γένοντο.
502 1547 748 1615 “Ηρακλέ”ι“
776 1551 868 1614 μὲν
900 1547 958 1613 δὴ
983 1548 1083 1599 ὅσα
1105 1547 1244 1600 αὐτοὶ
1268 1547 1537 1614 Αἰγύπτιοί
1563 1553 1695 1613 φασι
1726 1546 1852 1598 εἶναι

183 1632 296 1685 ἔτεα
325 1635 377 1687 ἐς
397 1630 622 1699 Ἀμασιν
661 1631 903 1700 βασιλέα,
938 1630 1218 1696 δεδήλωταί
1254 1653 1339 1697 μοι
1370 1631 1578 1697 πρόσθε·
1627 1630 1760 1682 Πανὶ
1796 1633 1851 1683 δὲ

180 1716 256 1768 ἔτι
300 1718 489 1770 τούτων
536 1717 727 1770 πλέονα
774 1716 979 1784 λέγεται
1028 1716 1170 1775 εἶναι,
1225 1716 1458 1785 Διονύσῳ
1511 1714 1552 1767 δ’
1602 1713 1851 1783 ἐλάχιστα

109 1819 159 1849 20
180 1801 380 1861 τούτων,
417 1802 495 1854 καὶ
525 1803 680 1872 τούτῳ
706 1803 1096 1869 πεντακισχίλια
1120 1801 1199 1852 καὶ
1229 1800 1378 1867 μύρια
1406 1800 1691 1866 λογίζονται
1722 1799 1849 1851 εἶναι

182 1887 232 1939 ἐς
258 1884 481 1952 Ἀμασιν
521 1886 764 1952 βασιλέα.
855 1887 933 1938 καὶ
965 1890 1116 1937 ταῦτα
1148 1885 1413 1952 Αἰγύπτιοι
1443 1885 1685 1951 ἀτρεκέως
1716 1883 1847 1950 φασὶ

124 2039 128 2041 μ
182 1970 501 2030 ἐπίστασθαι,
536 1972 638 2023 αἰεί
669 1992 725 2023 τε
761 1970 1078 2038 λογιζόμενοι
1110 1970 1189 2021 καὶ
1220 1970 1316 2021 αἰεὶ
1347 1969 1759 2036 ἀπογραφόμενοι
1788 1969 1849 2019 τὰ

181 2053 310 2106 ἔτεα.
400 2055 634 2125 Διονύσῳ
664 2054 757 2120 μέν
787 2076 872 2107 νυν
903 2059 970 2124 τῷ
1008 2056 1062 2106 ἐκ
1093 2052 1318 2119 Σεμέλης
1349 2055 1435 2116 τῆς
1468 2052 1669 2117 Κάδμου
1697 2058 1844 2118 λεγο-

178 2137 310 2208 μένῳ
355 2138 594 2206 γενέσθαι
641 2141 763 2191 κατὰ
807 2141 951 2207 χίλια
996 2134 1272 2204 [ἑξακόσια]
1313 2137 1428 2190 ἔτεα
1468 2131 1583 2203 [καὶ]
1622 2135 1848 2201 μάλιστά

107 2247 154 2289 25
181 2224 292 2275 ἐστι
339 2226 390 2278 ἐς
437 2222 538 2289 ε’μέ,
584 2223 830 2291 “Ηρακλέἰ“
876 2226 929 2275 δὲ
974 2227 1040 2292 τῷ
1089 2220 1373 2287 Ἀλκμήνης
1421 2223 1544 2272 κατὰ
1592 2222 1849 2272 εἰνακόσια

179 2303 344 2374 [ἔτεα],
396 2308 528 2360 Πανὶ
573 2311 626 2361 δὲ
669 2314 737 2378 τῷ
783 2304 874 2375 [ἐκ]
923 2307 1227 2372 Πηνελόπης
1273 2305 1346 2370 (ἐκ
1397 2305 1575 2370 ταύτης
1623 2307 1718 2372 γὰρ
1769 2305 1848 2356 καὶ

177 2389 371 2458 Ἑρμέω
393 2392 597 2459 λέγεται
619 2391 857 2460 γενέσθαι
879 2391 976 2444 ὑπὸ
997 2389 1262 2455 Ἑλλήνων
1286 2391 1312 2440 ὁ
1336 2388 1470 2453 Πάν)
1504 2387 1710 2441 ἐλάσσω
1735 2388 1847 2441 ἔτεά

179 2476 292 2528 ἐστι
313 2481 411 2529 τῶν
432 2481 689 2544 Τρωικῶν,
718 2479 840 2528 κατὰ
864 2476 1136 2528 ὀκτακόσια
1157 2474 1383 2539 μάλιστα
1406 2476 1457 2528 ἐς
1483 2472 1584 2539 ἐμέ.
1660 2473 1846 2525 τούτων

180 2556 248 2612 ὧν
278 2560 577 2629 ἀμφοτέρων
607 2559 821 2629 πάρεστι
850 2563 1071 2629 χρᾶσθαι
1102 2560 1241 2611 τοῖσί
1266 2580 1339 2612 τις
1370 2559 1598 2610 πείσεται
1632 2556 1843 2623 λεγομέ-

239 2712 257 2739 1
289 2700 359 2740 alt.
384 2702 424 2742 ἐς
444 2713 526 2742 om.
551 2700 592 2740 R
777 2713 802 2750 4
832 2698 1004 2751 πάντας]
1030 2699 1173 2740 αὐτοὺς
1193 2697 1408 2748 Athenag.
1433 2698 1514 2748 leg.
1537 2697 1590 2735 28
1714 2697 1838 2745 ἀπηλ.

182 2753 266 2794 RS
281 2754 317 2793 V
336 2753 437 2795 Ath.
606 2757 633 2794 6
662 2757 877 2797 οὖκεοντας
900 2754 939 2793 Α
954 2754 989 2793 Β
1006 2754 1038 2793 Ρ
1059 2753 1158 2792 Ath.
1326 2764 1373 2801 13
1405 2754 1607 2805 Ἡρακλῆς
1630 2751 1663 2790 L
1687 2751 1749 2803 (it.
1772 2753 1842 2801 15)

183 2820 232 2859 14
261 2822 325 2860 pr.
348 2814 432 2851 τῶν
451 2823 533 2850 orn.
559 2810 598 2848 R
736 2810 906 2864 πρώτων
925 2818 1018 2861 λεγ.
1042 2821 1124 2848 om.
1151 2807 1232 2847 SV
1440 2819 1489 2857 19
1517 2806 1686 2847 πλείονα
1706 2806 1793 2845 ΑΒ
1809 2806 1844 2844 C

179 2876 232 2914 24
261 2863 449 2917 ἑξακόσια
469 2865 564 2906 ἔτεα
584 2866 649 2907 καὶ
670 2865 790 2917 χίλια
810 2864 867 2904 L:
893 2865 1060 2904 seclusa
1081 2862 1163 2902 del.
1189 2861 1478 2901 Wilamowitz
1627 2872 1679 2909 25
1710 2864 1841 2902 ἐννακ.

182 2918 317 2958 RSV
498 2922 552 2959 26
583 2920 676 2961 ἔτεα
695 2933 777 2960 om.
804 2917 989 2959 PRSV
1101 2921 1146 2959 ἐκ
1165 2929 1247 2957 om.
1275 2917 1412 2956 RSV
1589 2918 1642 2955 28
1671 2918 1845 2958 κατὰτὰ

180 2973 220 3011 Α
233 2973 268 3011 Β
379 2973 431 3025 μέ
452 2973 492 3013 R

1900 69 1967 117 ΙΙ.
1993 82 2083 132 143

1893 382 1985 431 144

1892 557 1917 588 2

1891 1141 1980 1191 145

1887 1567 1910 1597 2

1883 2476 1978 2537 146
