2098 3320
755 118 1128 185 ιΣΤοΡιΩΝ
1190 139 1226 185 Γ
1874 146 2083 209 111.146

163 269 216 319 ἐκ
255 270 342 331 τῆς
382 265 540 331 νήσου
580 268 695 320 τότε
737 269 888 320 ἐπεὰν
929 267 1074 323 αὐτὸς
1114 269 1377 334 βούληται·
1427 271 1694 333 ἐπεποίητο
1736 269 1829 336 γάρ

99 343 102 345 Δ
162 353 209 404 οἱ
241 350 423 419 κρυπτὴ
458 350 640 418 διῶρυξ
659 353 712 403 ἐκ
737 355 823 416 τῆς
848 353 1152 418 ἀκροπόλιος
1178 352 1407 420 φέρουσα
1430 354 1512 406 ἐπὶ
1543 352 1826 430 θάλασσαν.

161 434 306 490 αὐτὸς
349 438 440 501 μὲν
484 435 541 500 δὴ
589 437 615 486 6
661 435 966 503 Μαιάνδριος
1013 436 1214 489 ἐκπλέει
1261 438 1314 488 ἐκ
1360 440 1447 501 τῆς
1492 436 1673 503 Σάμου,
1716 437 1829 491 τοὺς
1864 462 1888 505 3

162 519 203 571 δ’
235 519 521 586 ἐπικούρους
557 520 745 574 πάντας
782 519 1000 575 ὁπλίσας
1039 522 1065 571 6
1103 523 1362 588 Χαρίλεως
1403 522 1482 573 καὶ
1512 521 1829 575 ἀναπετάσας

115 605 247 669 5τὰς
295 604 454 660 πύλας
503 603 647 670 ἐξῆκε
696 606 776 657 ἐπὶ
826 605 938 659 τοὺς
991 605 1194 672 Πέρσας
1240 606 1352 657 οὔτε
1402 605 1829 671 προσδεκομένους

161 693 385 741 τοιοῦτον
416 688 558 741 οὐδὲν
589 688 850 743 δοκέοντάς
881 711 935 742 τε
967 689 1024 754 δὴ
1058 689 1220 743 πάντα
1251 689 1588 756 συμβεβάναι.
1678 692 1825 755 ἐμπε-

152 773 339 827 σόντες
369 775 421 825 δὲ
454 775 501 825 οἱ
533 774 781 840 ἐπίκουροι
803 779 900 826 τῶν
926 773 1172 841 Περσέων
1204 775 1317 828 τοὺς
1341 773 1829 851 διφροφορευμένους

161 879 215 910 τε
267 858 345 910 καὶ
391 858 550 925 λόγου
597 859 838 910 πλείστου
891 859 1064 912 ἐόντας
1113 860 1346 912 ἔκτεινον.
1437 859 1516 910 καὶ
1559 859 1696 910 οὗτοι
1738 861 1830 924 μὲν
1860 880 1886 921 4

160 946 314 994 ταῦτα
353 942 565 1002 ἐποίευν,
607 943 636 1008 ἡ
679 945 731 995 δὲ
774 942 905 1007 ἄλλη
951 942 1157 1010 στρατιὴ
1200 944 1229 1008 ἡ
1276 942 1502 1010 Περσικὴ
1534 941 1826 1008 ἐπεβοήθεε,

90 1048 139 1078 10
160 1026 467 1093 πιεζεύμενοι
513 1029 566 1078 δὲ
614 1029 659 1079 οἱ
708 1028 958 1094 ἐπίκουροι
1007 1029 1171 1080 ὀπίσω
1216 1026 1588 1092 ’κατειλήθησαν
1636 1029 1686 1080 ἐς
1738 1027 1830 1092 τὴν

160 1111 450 1177 ἀκρόπολιν.
539 1110 753 1177 Ὀτάνης
803 1115 855 1164 δὲ
912 1114 937 1163 6
993 1112 1271 1180 στρατηγὸς
1324 1113 1440 1164 ἰδὼν
1491 1111 1648 1166 πάθος
1698 1111 1828 1179 μέγα
1864 1128 1952 1177 147

161 1194 366 1263 Πέρσας
395 1196 707 1250 πεπονθότας
744 1194 855 1262 (τὰς
897 1194 1013 1263 μὲν)
1047 1199 1255 1251 ἐντολὰς
1291 1192 1382 1263 [τε]
1412 1199 1499 1250 τὰς
1538 1197 1751 1263 Δαρεῖός
1781 1198 1827 1248 οἱ

159 1279 494 1333 ἀποστέλλων
523 1280 833 1342 ἐνετέλλετο,
864 1280 987 1348 μήτε
1020 1283 1227 1334 κτείνειν
1257 1280 1444 1347 μηδένα
1474 1282 1674 1346 Σαμίων
1704 1279 1827 1346 μήτε

158 1365 606 1432 ἀνδραποδίζεσθαι
655 1365 851 1418 ἀπαθέα
897 1387 950 1418 τε
1006 1371 1168 1418 κακῶν
1216 1367 1483 1418 ἀποδοῦναι
1533 1365 1623 1429 τὴν
1671 1368 1827 1429 νῆσον

88 1468 135 1510 ¹5
161 1452 469 1510 Συλοσῶντι,
519 1449 733 1504 τουτέων
782 1453 875 1517 μὲν
921 1455 1019 1503 τῶν
1069 1449 1314 1502 ἐντολέων
1356 1448 1666 1515 μεμνημένος
1714 1451 1824 1502 ἐπε-

159 1532 452 1595 λανθάνετο,
502 1536 528 1585 ὁ
580 1537 633 1587 δὲ
689 1534 996 1603 παρήγγειλε
1048 1542 1109 1607 τῇ
1157 1542 1364 1608 στρατιῇ
1418 1533 1579 1586 πάντα
1631 1539 1716 1586 τὸν
1767 1533 1828 1586 ἂν

159 1617 380 1685 λάβωσι,
423 1620 502 1672 καὶ
545 1618 699 1686 ἄνδρα
749 1620 827 1672 καὶ
872 1624 1040 1679 παῖδα,
1080 1620 1259 1684 ὁμοίως
1306 1619 1531 1671 κτείνειν.
1620 1620 1830 1670 ἐνθαῦτα
1858 1637 1882 1667 2

159 1706 248 1768 τῆς
301 1706 537 1771 στρατιῆς
589 1706 634 1756 οἱ
687 1707 779 1770 μὲν
833 1704 922 1768 τὴν
974 1705 1246 1772 ἀκρόπολιν
1296 1704 1631 1770 ἐπολιόρκεον,
1682 1704 1728 1754 οἱ
1777 1705 1829 1754 δὲ

160 1786 378 1840 ἔκτεινον
419 1787 582 1841 πάντα
606 1788 707 1858 ,τὸν
750 1790 977 1854 ἐμποδὼν
1017 1789 1295 1855 γινόμενον,
1340 1789 1518 1853 ὁμοίως
1554 1787 1607 1838 ἕν
1647 1809 1701 1838 τε
1743 1789 1827 1855 ἱρῷ

87 1893 139 1924 20
163 1871 242 1924 καὶ
272 1870 366 1937 ἔξω
399 1874 517 1939 ἱροῦ.
586 1872 891 1940 Μαιάνδριος
922 1872 964 1924 δ’
996 1874 1212 1939 ἀποδρὰς
1237 1874 1290 1923 ἐκ
1313 1875 1400 1936 τῆς
1432 1871 1599 1936 Σάμου
1629 1870 1828 1922 ἐκπλέει
1865 1874 1955 1934 148

161 1957 212 2011 ἐς
242 1958 602 2024 Λακεδαίμονα·
651 1958 948 2023 ἀπικόμενος
979 1960 1033 2009 δὲ
1071 1959 1120 2009 ἐς
1158 1955 1309 2020 αὐτὴν
1342 1956 1431 2037 καὶ.
1453 1954 1828 2021 ἀνενεικάμενος

160 2042 221 2092 τὰ
257 2040 390 2110 ἔχων
428 2040 713 2110 ἐξεχώρησε
751 2044 914 2095 ἐποίεε
957 2041 1137 2093 τοιάδε·
1190 2042 1316 2094 ὅκως
1362 2039 1572 2106 ποτήρια
1614 2037 1828 2107 ἀργύρεά

161 2146 216 2178 τε
247 2126 328 2178 καὶ
358 2126 550 2195 χρύσεα
586 2131 833 2193 προθ-εῖτο,
870 2128 916 2178 οἱ
952 2128 1045 2192 μὲν
1082 2124 1379 2191 θεράποντες
1416 2124 1563 2176 αὐτοῦ
1603 2122 1916 2189 ἐξέσμωνία
1944 2134 2098 2182 sel-01

162 2208 300 2269 αὐτά,
351 2212 377 2261 6
430 2211 471 2263 δ’
521 2210 581 2263 ἂν
632 2211 718 2263 τὸν
771 2212 954 2280 χρόνον
1006 2214 1180 2262 τοῦτον
1234 2207 1507 2274 Κλεομένεϊ
1558 2212 1623 2277 τῷ
1677 2207 1824 2260 Ἀνα-

89 2315 137 2356 25
161 2292 427 2360 ξανδρίὸεω
473 2298 527 2347 ἐν
570 2296 775 2362 λόγοισι
822 2296 932 2354 ἐών,
980 2294 1307 2360 βασιλεύοντι
1351 2292 1594 2359 Σπάρτης,
1638 2292 1827 2358 προῆγέ

159 2399 244 2443 μιν
282 2380 332 2432 ἐς
366 2381 427 2430 τὰ
461 2380 607 2431 οἰκία·
655 2381 780 2433 ὅκως
824 2382 877 2432 δὲ
907 2381 1061 2432 ’ίδοιτο
1103 2380 1128 2429 ὁ
1170 2376 1456 2442 Κλεομένης
1497 2379 1558 2428 τὰ
1599 2374 1823 2443 ποτήρια,

163 2462 453 2529 ἀπεθώμαζέ
500 2485 553 2516 τε
602 2464 680 2515 καὶ
731 2462 1096 2528 ἐξεπλήσσετο·
1161 2464 1186 2513 6
1231 2465 1284 2513 δὲ
1329 2461 1390 2513 ἂν
1435 2459 1632 2513 ἐκέλευε
1679 2459 1827 2512 αὐτὸν

162 2545 509 2614 ἀποφέρεσθαι
539 2548 702 2600 αὐτῶν
740 2538 839 2600 ὅσα
877 2548 1135 2613 βούλοιτο.
1224 2551 1368 2597 τοῦτο
1401 2546 1479 2597 καὶ
1511 2546 1584 2599 δὶς
1617 2544 1694 2597 καὶ
1724 2545 1827 2611 τρὶς

1863 2563 1887 2593 ἰ»)

216 2697 242 2735 3
283 2687 428 2726 ἐκπλεῖ
457 2686 494 2724 R
511 2686 541 2726 S
555 2685 593 2723 V
771 2700 794 2734 4
836 2686 1035 2738 Χαρίληος
1068 2685 1104 2723 R
1120 2685 1150 2725 S
1164 2684 1202 2722 V
1385 2686 1412 2722 6
1450 2687 1611 2724 τοιοῦτο
1641 2683 1679 2723 Α
1695 2683 1728 2722 Β
1746 2684 1779 2722 C
1795 2684 1828 2723 P

166 2753 216 2779 10
245 2738 471 2792 πιεζόμενοι
493 2741 526 2780 C
542 2741 575 2779 P
781 2753 828 2779 12
857 2741 930 2782 τὰς
949 2739 1024 2790 μὲν
1043 2740 1137 2779 add.
1162 2739 1297 2778 Cobet
1451 2755 1498 2778 τε
1520 2739 1603 2777 del.
1629 2738 1828 2789 Krueger

162 2797 199 2835 οἱ
218 2807 301 2835 om.
324 2794 463 2834 ABC
570 2807 618 2845 15
648 2794 803 2837 τούτων
822 2794 1066 2834 ABRSV
1177 2807 1225 2833 21
1261 2797 1424 2835 ἐνενεικ.
1452 2792 1589 2832 RSV
1699 2806 1752 2843 23
1780 2811 1825 2834 τε

161 2861 243 2888 om.
266 2849 355 2888 AB
375 2849 410 2888 E
575 2850 783 2904 προθέοντα
807 2850 994 2889 Bredow
1162 2848 1329 2901 ἐξέσμον
1352 2848 1390 2885 R
1615 2860 1667 2896 24
1698 2849 1772 2889 ἀνὰ
1793 2848 1827 2887 Ε

161 2907 312 2945 τοῦτον
339 2907 413 2945 τὸν
441 2903 590 2958 χρόνον
622 2905 760 2944 RSV
887 2909 944 2957 τῷ
981 2911 1057 2945 Κλ.
1093 2908 1150 2956 τῷ
1184 2903 1224 2942 Α
1241 2903 1276 2942 Β
1293 2902 1376 2941 CE
1394 2902 1427 2941 P
1593 2904 1647 2941 26
1689 2905 1710 2942 ὁ
1742 2916 1822 2942 om.

162 2957 201 2995 A
215 2958 250 2996 B
267 2958 300 2996 C
315 2958 349 2997 E
365 2958 400 2997 P
525 2972 575 3009 27
608 2960 774 3010 ἐπεθώμ.
794 2958 877 2997 ΑΒ
890 2959 943 2998 E:
977 2958 1168 3009 ε’πεθωύμ.
1188 2958 1244 2996 C:
1275 2959 1469 3008 ἆπεθώυμ.
1490 2957 1522 2995 Ρ
1633 2958 1677 2999 ὃς
1696 2956 1780 2996 ΑΒ
1793 2957 1827 2996 C

163 3013 217 3050 28
237 3012 506 3066 ἀποφέρεσθαι
528 3012 655 3055 ὁκόσα
685 3013 718 3052 Ε
1741 3022 1761 3033 s
