2098 3320
93 108 182 160 111.

211 98 302 171 144

215 504 305 553 145

275 1612 300 1656 υ)

974 110 1020 155 H
1036 106 1400 157 ΡΟΔΟΤΟΎ

347 243 432 289 τοῦ
465 241 772 305 Μαιανδρίου
805 245 1082 292 στασιῶται
1107 240 1186 292 καὶ
1217 240 1363 296 αὐτὸς
1389 238 1695 307 Μαιάνδριος
1725 242 2010 309 ἐκχωρῆσαι

346 324 399 373 ἐκ
430 325 516 387 τῆς
548 321 720 387 νήσου.
815 323 1200 379 καταινέσαντος
1236 324 1279 377 δ’
1309 326 1392 378 ἐπὶ
1427 326 1647 377 τούτοισι
1676 323 1902 383 Ὀτάνεω,
1929 325 2009 377 καὶ

345 406 688 472 σπεισαμένου
712 413 810 461 τῶν
830 407 1074 475 Περσέων
1100 411 1147 462 οἱ
1171 409 1414 462 πλείστου
1436 408 1565 474 ἄξιοι
1590 410 1792 476 θρόνους
1813 408 2010 476 θέμενοι

346 492 663 544 κατεναντίον
713 496 820 557 τῆς·
847 493 1145 560 ἀκροπόλιος
1195 493 1419 546 κατέατο.
1509 495 1799 563 Μαιανδρίῳ
1845 496 1898 546 δὲ
1940 499 2007 564 τῷ

342 575 561 645 τυράννῳ
594 575 652 641 ἦν
692 578 942 646 ἀδελφεὸς
983 578 1400 646 ὑπομαργότερος,
1435 584 1502 648 τῷ
1538 578 1724 643 οὕνομα
1760 577 2004 646 ἧν-Χαρί-
2031 601 2054 642 5

342 665 487 713 λεως·
536 661 676 714 οὗτος
709 662 737 712 ὅ
767 672 814 714 τι
845 661 902 726 δὴ
935 661 1221 730 ἐξαμαρτὼν
1251 665 1304 715 ἐν
1334 663 1549 735 γορχύρῃ
1579 662 1791 715 ἐδέδετο·
1839 662 1918 715 καὶ
1948 662 2006 727 δὴ

340 744 453 796 τότε
497 746 782 800 ἐπακούσας
821 768 874 799 τε
912 749 973 798 τὰ
1018 747 1349 814 πρησσόμενα
1394 749 1474 800 καὶ
1513 747 1759 814 διακύψας
1798 748 1894 800 διῖῖιι
1920 749 2008 812 τῆς

342 829 600 895 γοργύρης,
635 830 699 884 ὡς
733 831 832 883 εἶδε
863 831 978 885 τοὺς
1009 831 1215 898 Πέρσας
1247 833 1502 898 εἰρηναίως
1532 830 1845 897 κατημένους,
1879 823 2008 898 ἐβόα

338 933 393 964 τε
442 914 520 965 καὶ
569 915 667 982 ἔφη
717 914 884 983 λέγων
935 918 1223 986 Μαιανδρίῳ
1273 915 1438 968 θέλειν
1490 918 1656 968 ἐλθεῖν
1708 917 1759 971 ἐς
1804 916 2003 984 λόγους.

339 998 624 1052 ἐπακούσας
663 1002 716 1051 δὲ
754 1001 780 1051 ὁ
821 999 1129 1067 Μαιάνδριος
1164 1000 1417 1055 λύσαντας
1452 1000 1599 1053 αὐτὸν
1639 999 1837 1054 ἐκέλευε
1865 1000 2005 1068 ἄγειν

338 1082 453 1148 παρ’
506 1084 709 1136 ἑωυτόν.
809 1085 874 1140 ὡς
926 1088 982 1138 δὲ
1034 1084 1166 1154 ἄχθη
1217 1085 1449 1154 τάχιστα,
1499 1084 1768 1152 λοιδορέων
1819 1106 1875 1138 τε
1925 1086 2005 1139 καὶ

339 1167 546 1231 κακίζων
604 1189 689 1233 μιν
745 1168 976 1222 ἀνέπειθε
1030 1168 1292 1222 ἐπιθέσθαι
1343 1174 1476 1222 τοῖσι
1533 1168 1786 1242 Πέρσῃσι,
1839 1168 2006 1238 λέγων

337 1250 518 1304 τοιάδε·
595 1252 718 1318 Ἐμὲ
776 1253 885 1319 μέν,
951 1252 989 1306 ὦ
1053 1254 1255 1307 κάκιστε
1313 1255 1518 1321 ἀνδρῶν,
1580 1254 1728 1307 ἐόντα
1786 1259 2004 1307 σεωυτοῦ

336 1335 585 1403 ἀδελφεὸν
611 1339 689 1389 καὶ
714 1336 1023 1403 ἀδικήσαντα
1048 1338 1188 1392 οὐδὲν
1210 1337 1348 1404 ἄξιον
1371 1342 1556 1405 δεσμοῦ
1579 1337 1737 1404 δήσας
1761 1338 2004 1406 γοργύρης

336 1419 569 1485 ἠξίωσας,
619 1421 772 1488 ὁρέων
818 1425 870 1475 δὲ
919 1423 1030 1476 τοὺς
1077 1422 1283 1490 Πέρσας
1329 1422 1678 1488 ἐκβάλλοντάς
1721 1422 1777 1475 τέ
1820 1444 1881 1475 σε
1925 1423 2004 1476 καὶ

334 1503 534 1558 ἄνοικον
566 1505 826 1560 ποιέοντας
861 1507 918 1558 οὐ
952 1515 1139 1578 τολμᾷς
1179 1510 1459 1567 τείσασθαι,
1495 1508 1622 1559 οὕτω
1659 1506 1717 1572 δή
1749 1528 1795 1559 τι
1831 1507 2004 1562 ἐόντας

335 1588 568 1644 εὐπετέας
598 1594 920 1659 χειρωθῆναι;
975 1592 1091 1644 ἀλλ’
1124 1594 1170 1644 εἵ
1206 1614 1283 1644 τοι
1315 1592 1380 1644 σύ
1417 1598 1580 1660 σφεας
1612 1591 2000 1659 καταρρώδηκας,

334 1674 441 1737 ἐμοὶ
473 1673 556 1729 δὸς
587 1675 700 1729 τοὺς
742 1677 1042 1744 ἐπικούρους,
1081 1677 1163 1728 καί
1207 1672 1374 1743 σφεας
1411 1677 1508 1743 ἐγὼ
1544 1675 1887 1743 τιμωρήσομαι
1915 1678 2003 1740 τῆς

333 1756 507 1810 ἐνθάδε
539 1757 748 1824 ἀπίξιος·
800 1760 948 1812 αὐτὸν
979 1759 1120 1813 δέσε
1150 1760 1404 1828 ἐκπέμψαι
1430 1762 1483 1812 ἐκ
1508 1763 1593 1825 τῆς
1624 1758 1779 1825 νήσου
1809 1760 2003 1826 ἕτοιμός

331 1843 447 1908 εἰμι.
537 1849 689 1896 ταῦτα
736 1841 878 1908 ἔλεξε
923 1846 948 1896 ὁ
998 1845 1271 1913 Χαρίλεως·
1330 1843 1636 1912 Μαιάνδριος
1679 1847 1733 1897 δὲ
1775 1842 2003 1910 ὑπέλαβε

329 1926 417 1978 τὸν
462 1928 634 1995 λόγον,
684 1928 749 1983 ὡς
793 1931 882 1994 μὲν
928 1930 1027 1996 ἐγὼ
1080 1928 1249 1993 δοκέω,
1295 1930 1382 1982 οὐκ
1430 1931 1481 1983 ἐς
1523 1934 1669 1981 τοῦτο
1714 1929 2002 1997 ἀφροσύνης

332 2011 630 2077 ἀπικόμενος
668 2013 732 2067 ὡς
773 2012 912 2078 δόξαι
947 2013 1037 2078 τὴν
1080 2016 1264 2066 ἑωυτοῦ
1307 2014 1512 2080 δύναμιν
1548 2013 1874 2082 περιέσεσθαι
1912 2016 2002 2078 τῆς

329 2095 594 2158 βασιλέος,
639 2098 774 2149 ἀλλὰ
818 2097 1079 2164 φθονήσας
1127 2103 1326 2164 μᾶλλον
1372 2103 1663 2151 Συλοσῶντι
1705 2099 1750 2150 εἰ
1793 2098 2002 2176 ἀπονητὶ,

333 2179 518 2242 ἔμελλε
557 2180 955 2249 ἀπολάμψεσθαι
995 2181 1226 2250 ἀκέραιον
1273 2182 1362 2246 τὴν
1405 2183 1567 2235 πόλιν.
1658 2182 1887 2253 ἐρεθ-ί-σας
1930 2178 1999 2234 ὧν

334 2263 448 2317 τοὺς
494 2263 700 2332 Πέρσας
750 2265 901 2331 ἤθελε
955 2266 1020 2320 ὡς
1069 2265 1415 2319 ἀσθενέστατα
1467 2269 1675 2331 ποιῆσαι
1724 2268 1787 2317 τὰ
1838 2264 2000 2332 Σάμια

334 2345 599 2414 πρήγματα
660 2349 738 2401 καὶ
796 2351 920 2402 οὕτω
980 2351 1316 2417 παραδιδόναι,
1380 2351 1432 2403 εὗ
1491 2348 1877 2416 ἐξεπιστάμενος
1934 2349 1999 2404 ὡς

335 2432 579 2486 παθόντες
625 2435 671 2485 οἱ
720 2432 917 2501 Πέρσαι
970 2439 1127 2487 κακῶς
1181 2433 1731 2501 προσεμπικρανέεσθαι
1782 2433 1998 2499 ἔμελλον

334 2519 468 2567 τοῖσι
511 2518 762 2581 Σαμίοισι,
804 2518 943 2572 εἰδώς
984 2540 1038 2570 τε
1083 2522 1246 2588 ἑωυτῷ
1293 2518 1532 2585 ἀσφαλέα
1572 2518 1769 2570 ἔκδυσιν
1813 2519 1996 2569 ἐοῦσαν

394 2666 411 2692 Ι
446 2659 692 2707 στρατιῶται
712 2655 752 2695 Α
767 2655 800 2694 Β
818 2656 851 2693 C
982 2670 1006 2694 2
1038 2654 1215 2697 Ὀτάνεω
1239 2655 1272 2694 Ρ
1290 2669 1299 2694 :
1330 2655 1519 2697 Ὀτάνεος
1540 2655 1627 2694 rell.
1753 2669 1777 2704 4
1807 2670 1994 2697 κατεναν-

336 2708 431 2750 τίων
463 2709 503 2747 R
672 2711 867 2752 ἐκατέατο
899 2710 1064 2750 RSV:
1103 2713 1209 2752 ἐκαθ.
1244 2710 1431 2749 ABCP
1651 2722 1676 2759 5
1708 2710 1908 2780 Χαρίληος
1936 2709 1996 2748 S.
1985 2722 1996 2731 ·

336 2764 541 2817 Χαρίλλος
573 2764 664 2802 RV
903 2777 923 2813 7
954 2764 1052 2806 τότε
1081 2779 1162 2805 om.
1196 2765 1333 2804 RSV
1565 2765 1591 2803 8
1620 2769 1663 2803 et
1686 2776 1735 2814 14
1762 2762 1939 2818 γοργύης
1959 2762 1994 2802 C

342 2831 389 2868 14
419 2821 538 2867 δῆσαι
566 2819 745 2873 γοργύρῃ
777 2819 915 2858 RSV
1115 2831 1162 2869 15
1191 2819 1242 2861 τέ
1266 2832 1347 2858 om.
1378 2819 1416 2856 R
1434 2818 1513 2858 SV
1707 2820 1758 2859 16
1785 2821 1994 2859 ποιεῦντας

2031 1022 2082 1052 10

2027 1446 2075 1488 15

2026 1863 2078 1895 20

2024 2284 2072 2325 25

339 2871 380 2910 R
395 2873 424 2912 S
438 2873 478 2912 V
587 2878 735 2923 τολμᾶι
757 2874 792 2913 C
902 2873 1091 2915 τίσασθαι
1117 2874 1148 2913 L
1262 2886 1311 2924 17
1341 2874 1425 2926 τοι]
1447 2891 1487 2914 τι
1509 2873 1545 2912 Β
1630 2872 1938 2926 καταρρωδήσας
1956 2872 1992 2911 C
2045 2913 2056 2919 ,

337 2941 392 2966 20
419 2931 551 2969 ταῦτα
570 2927 613 2969 δὲ
633 2928 670 2966 Α
684 2927 718 2967 Β
736 2928 768 2966 C
786 2929 818 2966 P
1009 2929 1211 2980 Χαρίληος
1233 2928 1272 2966 R
1289 2928 1319 2967 S
1332 2927 1371 2967 V
1616 2940 1669 2977 25
1700 2927 1770 2979 ὡς]
1793 2930 1834 2969 ἐς
1855 2927 1895 2966 R
1909 2926 1992 2967 SV

338 2995 389 3032 27
421 2986 550 3024 κακῶς
570 2996 650 3023 om.
675 2983 713 3021 Α
729 2983 763 3020 Β
780 2983 812 3020 C
924 2982 1045 3037 πάρος
1067 2983 1425 3036 ἐμπικρανέσεσθαι
1449 2982 1487 3020 R
1504 2982 1534 3021 S
1548 2982 1586 3020 V
