2098 3320
708 117 1085 167 ΙΣΤΟΡΙΩΝ
1126 120 1192 187 ‘A
1826 118 1912 169 1V.
1943 131 2020 180 151

121 248 259 320 νήσῳ
291 248 424 314 πλὴν
455 247 566 303 ἑνὸς
590 247 849 315 ἐξαυάνθη.
925 249 1255 318 χρεωμένοισι
1280 252 1335 304 δὲ
1357 253 1491 303 τοῖσι
1516 251 1787 317 Θηραίοισι

121 333 369 403 προέφερε
411 333 440 398 ἡ
487 334 648 399 Πυθίη
701 333 792 398 τὴν
843 335 894 387 ἐς
938 335 1135 400 Λιβύην
1188 335 1433 400 ἀποικίην.
1521 334 1684 388 ἐπείτε
1735 336 1786 386 δὲ
1827 355 1853 387 2

124 422 272 471 κακοῦ
301 417 442 470 οὐδὲν
474 416 533 482 ἣν
572 424 670 486 σφι
705 421 882 486 μῆχος,
915 417 1170 480 πέμπουσι
1211 421 1262 473 ἐς
1303 417 1501 486 Κρήτην
1543 417 1788 486 ἀγγέλους

122 501 406 569 διζημένους
460 503 506 555 εἴ
554 523 627 556 τις
679 505 887 569 Κρητῶν
931 498 961 566 ἢ
1004 504 1246 568 μετοίκων
1291 502 1561 571 ἀπιγμένος
1613 504 1685 567 εἵη
1738 504 1790 556 ἐς

0 582 2 584 V
75 612 97 652 5
123 587 335 654 Λιβύην.
424 586 855 654 περιπλανώμενοι
891 588 945 638 δὲ
976 586 1126 651 αὐτὴν
1147 587 1299 639 ,οὗτοι
1340 588 1576 640 ἀπίκοντο
1618 587 1696 638 καὶ
1739 589 1790 640 ἐς

0 667 1 670 ¹
115 671 315 741 Ἴτανον
359 671 523 731 πόλιν,
573 670 628 723 ἐν
672 671 824 743 ταύτῃ
870 673 922 723 δὲ
970 672 1314 739 συμμίσγουσι
1359 671 1498 738 ἀνδρὶ
1545 670 1791 739 πορφυρέϊ

122 762 190 827 τῷ
230 755 417 821 οὕνομα
455 753 516 820 ἦν
562 755 841 830 Κορώβιος,
886 754 940 809 ὃς
981 754 1078 823 ἔφη
1117 755 1198 807 ὑπ’
1241 755 1435 821 ἀνέμων
1475 756 1790 823 ἀπενειχθεὶς

123 839 391 895 ἀπικέσθαι
413 842 464 894 ἐς
489 840 684 906 Λιβύην
709 840 788 892 καὶ
814 840 1006 906 Λιβύης
1037 841 1087 898 ἐς
1113 839 1350 892 Πλατέαν
1381 843 1552 905 νῆσον.
1626 842 1790 910 μισθῷ
1831 862 1855 906 3

123 928 178 979 δὲ
207 929 383 977 τοῦτον
417 924 683 979 πείσαντες
714 923 843 992 ,ἦγον
886 926 937 979 ἐς
976 923 1167 992 Θήρην,
1204 926 1256 976 ἐκ
1299 926 1352 977 δὲ
1395 923 1567 991 Θήρης
1608 924 1791 976 ἔπλεον

52 1032 100 1062 10
126 1008 430 1062 κατάσκοποι
459 1008 634 1077 ἄνδρες
662 1010 724 1061 τὰ
755 1014 926 1076 πρῶτα
954 1008 1010 1061 οὐ
1048 1010 1248 1061 πολλοί·
1298 1007 1710 1076 κατηγησαμένου
1738 1010 1792 1060 δὲ

123 1099 210 1146 τοῦ
255 1094 519 1161 Κορωβίου
558 1095 610 1148 ἐς
645 1093 738 1159 τὴν
778 1097 935 1159 νῆσον
979 1093 1163 1158 ταύτην
1201 1093 1258 1157 δὴ
1301 1092 1391 1157 τὴν
1431 1091 1671 1145 Πλατέαν
1708 1091 1792 1144 τὸν

123 1181 215 1245 μὲν
258 1178 521 1246 Κορώβιον
558 1179 813 1246 λείπουσι,
853 1178 991 1231 σιτία
1027 1179 1517 1246 παρακαταλιπόντες
1557 1178 1694 1230 ὅσων
1734 1176 1792 1240 δὴ

123 1267 308 1329 μηνῶν,
371 1262 509 1315 αὐτοὶ
571 1265 624 1315 δὲ
691 1264 874 1316 ἔπλεον
941 1261 1032 1327 τὴν
1091 1263 1338 1332 ταχίστην
1395 1261 1794 1329 ἀπαγγελέοντες

127 1348 399 1415 Θηραίοισι
427 1346 539 1415 περὶ
568 1350 657 1412 τῆς
689 1345 862 1413 νήσου.
950 1348 1333 1413 ἀποδημεόντων
1364 1349 1417 1399 δὲ
1446 1347 1632 1399 τούτων
1655 1345 1793 1399 πλέω
1832 1356 1920 1408 152

51 1455 98 1495 15
125 1433 308 1501 χρόνον
343 1436 432 1484 τοῦ
465 1430 795 1500 συγκειμένου
833 1432 922 1485 τὸν
966 1432 1230 1499 Κορώβιον
1271 1430 1479 1484 ἐπέλιπε
1516 1433 1577 1482 τὰ
1617 1429 1793 1483 πάντα.

125 1518 250 1582 μετὰ
286 1519 340 1569 δὲ
375 1521 493 1582 νηῦς
531 1507 709 1583 Σαμίη,
745 1520 833 1581 τῆς
871 1517 1147 1584 ναύκληρος
1187 1515 1247 1581 ἧν
1290 1519 1534 1575 Κωλαῖος,
1569 1513 1796 1567 πλέουσα

127 1599 205 1654 ἐπ’
231 1601 484 1669 Αἰγύπτου
515 1601 795 1670 ἀπηνείχθη
821 1603 872 1655 ἐς
895 1601 986 1666 τὴν
1012 1599 1251 1653 Πλατέαν
1282 1600 1481 1666 ταύτην·
1528 1600 1796 1665 πυθόμενοι

127 1687 179 1738 δὲ
208 1687 256 1738 οἱ
285 1683 464 1752 Σάμιοι
495 1687 627 1755 παρὰ
657 1690 743 1737 τοῦ
781 1687 1045 1753 Κορωβίου
1081 1685 1169 1738 τὸν
1199 1684 1362 1738 πάντα
1391 1686 1546 1751 λόγον
1585 1685 1720 1736 σιτία
1750 1686 1795 1735 οἱ

126 1772 351 1823 ἐνιαυτοῦ
383 1770 758 1824 καταλείπουσι.
849 1770 986 1823 αὐτοὶ
1011 1773 1065 1823 δὲ
1095 1769 1398 1840 ἀναχθέντες
1428 1771 1481 1821 ἐκ
1517 1772 1604 1834 τῆς
1640 1766 1796 1833 νήσου
1835 1791 1860 1821 2

50 1879 100 1908 20
127 1854 207 1907 καὶ
246 1855 542 1924 γλιχόμενοι
580 1855 835 1923 Αἰγύπτου
876 1855 1077 1914 ἔπλεον,
1123 1855 1493 1922 ἀποφερόμενοι
1537 1853 1795 1923 ἀπηλιώτῃ
1814 1845 2098 1923 &RQ-,Cn

125 1938 308 2009 ἀνέμῳ.
398 1939 477 1991 καὶ
521 1939 577 1991 οὐ
617 1941 715 2007 γὰρ
754 1940 880 1992 ἀνίει
926 1940 983 1992 τὸ
1027 1944 1231 2005 πνεῦμα,
1275 1937 1559 2005 Ἡρακλέας
1605 1935 1797 2002 στήλας

126 2021 542 2092 διεκπερήσαντες
573 2025 811 2077 ἀπίκοντο
850 2026 901 2078 ἐς
936 2025 1258 2091 Ταρτησσόν,
1294 2024 1400 2095 θείῃ
1432 2023 1601 2094 πομπῇ
1639 2022 1794 2091 χρεώ·

124 2129 280 2174 μενοι.
369 2107 425 2159 τὸ
477 2110 530 2160 δὲ
583 2109 820 2176 ἐμπόριον
872 2113 1017 2161 τοῦτο
1071 2107 1132 2172 ἣν
1182 2106 1428 2174 ἀκήρατον
1486 2111 1660 2158 τοῦτον
1711 2105 1797 2158 τὸν
1839 2124 1864 2167 3

125 2193 324 2261 χρόνον,
378 2193 510 2244 ὥστε
561 2192 1004 2257 ἀπονοστήσαντες
1064 2193 1198 2245 οὗτοι
1255 2193 1414 2245 ὀπίσω
1473 2190 1688 2258 μέγιστα
1739 2189 1803 2262 δὴ·

55 2301 102 2340 ²5
124 2275 392 2342 Ἑλλήνων
436 2277 637 2331 πάντων
677 2282 776 2330 τῶν
818 2278 957 2343 ἡμεῖς
1003 2277 1260 2345 ἀτρεκείην
1300 2278 1441 2342 ἴδμεν
1479 2277 1533 2327 ἐκ
1577 2274 1797 2342 φορτίων

125 2360 418 2429 ἐκέρδησαν,
443 2360 567 2427 μετά
598 2383 656 2429 γε
687 2362 989 2429 Σώστρατον
1018 2366 1105 2414 τὸν
1132 2356 1485 2427 Λαοδάμαντος
1509 2357 1794 2426 Αἰγινήτην·

127 2446 281 2516 τούτῳ
312 2447 407 2513 γὰρ
439 2445 525 2497 οὐκ
555 2444 634 2498 οἷά
663 2445 718 2498 τέ
749 2447 860 2498 ἐστι
892 2446 1054 2513 ἐρίσαι
1084 2445 1261 2497 ἄλλον.
1336 2447 1383 2497 οἱ
1414 2446 1468 2496 δὲ
1499 2442 1678 2509 Σάμιοι
1708 2441 1797 2506 τὴν
1837 2464 1864 2506 4

127 2528 338 2595 δεκάτην
379 2535 478 2582 τῶν
517 2531 807 2597 ἐπικερδίων
848 2529 1106 2594 ἐξελόντες
1141 2528 1203 2593 ἓξ
1239 2527 1462 2580 τάλαντα
1496 2525 1797 2591 ἐποιήσαντο

183 2683 209 2721 3
239 2678 312 2723 σφι
333 2669 384 2719 ἦν
406 2671 442 2710 R
461 2670 544 2710 SV
710 2671 738 2708 6
767 2673 1061 2722 συμμισθοῦσιν
1085 2670 1122 2708 R
1138 2669 1168 2709 S
1183 2669 1219 2707 V
1360 2679 1382 2717 7
1416 2668 1639 2720 Κουρώβιος
1662 2666 1702 2705 R
1718 2662 1799 2706 SV

129 2723 364 2778 ἀπενεχθεὶς
376 2724 416 2765 Α
430 2725 465 2763 Β
481 2725 515 2764 C
533 2725 572 2764 R
586 2724 616 2764 S
631 2724 668 2763 V
779 2726 805 2763 8
826 2724 1060 2766 ἀπικέεσθαι
1079 2725 1116 2764 R
1134 2738 1142 2763 :
1170 2722 1399 2773 ἀπιγίεσθαι
1416 2723 1469 2763 V:
1502 2720 1751 2774 ἀπαγέεσθαι
1766 2721 1797 2760 S

129 2779 338 2821 Πλάταιαν
355 2780 388 2819 Ρ
403 2780 442 2819 R
457 2779 487 2820 S
501 2780 540 2818 V
557 2780 620 2830 (it.
635 2784 700 2818 ter
715 2779 842 2831 infra)
959 2792 1005 2817 12
1033 2786 1226 2820 καταλιπ.
1244 2777 1282 2816 Α
1300 2777 1334 2816 Β
1351 2778 1384 2816 C
1399 2777 1433 2816 P
1544 2777 1640 2818 303'11
1656 2778 1704 2825 δὴ
1721 2773 1772 2814 C¹
1788 2789 1797 2814 x

130 2834 230 2876 ὅσον
249 2833 318 2875 δύο
340 2833 371 2874 S
596 2847 646 2883 13
677 2833 1015 2886 ἀπαγγέλλοντες
1042 2833 1078 2871 R
1096 2833 1126 2873 S
1141 2831 1178 2870 V
1403 2832 1451 2870 16
1478 2833 1583 2882 μετὰ
1603 2829 1647 2873 δὲ
1667 2833 1799 2872 ταῦτα

130 2887 170 2926 Α
186 2888 219 2926 B
235 2889 269 2928 C
452 2901 498 2938 17
531 2887 598 2929 ἀπ’
622 2889 656 2927 Ρ
670 2888 708 2927 R
723 2888 754 2928 S
767 2888 806 2926 V
929 2888 1138 2940 ἀπηνέχθη
1162 2886 1200 2924 R
1216 2887 1245 2925 S
1260 2886 1298 2925 V
1479 2897 1528 2936 19
1557 2884 1797 2938 ἆνεχθέντες

131 2943 162 2981 S
175 2943 214 2981 V
325 2954 375 2982 21
409 2943 521 2993 ἀνήει
537 2943 572 2982 C
683 2955 735 2981 22
766 2942 1080 2994 διεκπρὴσαντες
1093 2942 1127 2981 C
1239 2953 1291 2990 24
1322 2940 1366 2981 δὲ
1380 2941 1414 2980 C
1527 2950 1582 2990 25
1609 2939 1799 2994 ἀτρεκίην

130 2999 250 3048 ἴσμεν
272 2997 305 3036 L
514 3010 565 3047 27
597 2999 674 3047 τὴν
695 2996 870 3045 δεκάτην
892 3009 973 3036 om.
999 2997 1034 3035 R
1053 2997 1082 3035 S
1098 2996 1135 3034 V
1336 2996 1390 3034 28
1421 2995 1613 3043 ἐποίησαν
1634 2993 1674 3032 Α
1688 2994 1722 3032 Β
1738 2993 1796 3034 C:

133 3052 327 3101 ἐποίησαν
347 3054 396 3093 τὸ
416 3052 455 3090 V
