2098 3320
84 95 166 143 lv,
198 107 259 155 37
918 93 963 140 11
984 93 1350 141 POAOTOT
1531 105 1535 109 «
1616 136 1620 141 ,
1867 84 1888 97 “

303 224 495 290 Κόλχοι
530 222 823 287 κατήκοντες
847 225 927 275 ἐπὶ
953 223 1042 287 τὴν
1066 225 1277 290 βορηίην
1304 223 1588 283 θάλασσαν,
1615 226 1666 278 ἐς
1690 224 1778 289 τὴν
1803 228 1967 279 Φᾶσις

301 307 519 372 ποταμὸς
552 308 749 357 ἐκδιδοῖ.
827 312 980 358 ταῦτα
1010 307 1228 374 τέσσερα
1261 308 1407 359 ἔθνεα
1436 307 1586 359 οἰκέει
1618 310 1672 359 ἐκ
1703 307 1966 374 θαλάσσης
2020 356 2021 359 ,

0 394 263 454 *sm-0438
302 394 352 444 ἐς
383 391 667 442 θάλασσαν.
743 393 969 443 ἐνθεῦτεν
994 394 1045 442 δὲ
1078 395 1134 442 τὸ
1166 391 1288 459 πρὸς
1321 391 1537 459 ἑσπέρης
1561 392 1703 463 ἀκταὶ
1733 391 1966 459 διφάσιαι

302 475 384 528 ἀπ’
417 475 567 540 αὐτῆς
600 477 944 528 κατατείνουσι
975 477 1026 529 ἐς
1058 474 1344 535 θάλασσαν,
1377 477 1464 529 τὰς
1495 475 1964 543 ε’γὼᾶπηγήσομαι.

237 583 262 614 2
303 561 445 613 ἔνθεν
488 562 579 625 μὲν
624 560 653 625 ἡ
699 559 820 624 ἀκτὴ
865 560 895 625 ἡ
941 559 1083 627 ἑτέρη
1126 562 1189 611 τὰ
1233 560 1355 627 πρὸς
1398 560 1586 628 βορέην
1631 559 1729 612 ἀπὸ
1773 559 2013 625 Φάσιος5

303 643 550 712 ἀρξαμένη
597 643 931 711 παρατέταται
972 646 1021 698 ἐς
1064 643 1333 697 θάλασσαν
1374 644 1506 712 παρά
1546 666 1600 696 τε
1639 644 1727 697 τὸν
1769 645 1968 697 Πόντον

305 730 384 781 καὶ
427 729 514 781 τὸν
553 727 944 793 Ἑλλήσποντον
987 727 1136 797 μέχρι
1181 731 1378 796 Σιγείου
1419 734 1505 780 τοῦ
1542 733 1781 797 Τρωικοῦ,
1814 730 1876 780 τὰ
1914 731 1968 782 δὲ

303 813 426 881 πρὸς
455 814 599 866 νότου
627 813 656 878 ἡ
689 813 809 877 αὐτὴ
842 814 963 878 αὕτη
997 812 1116 877 ἀκτὴ
1152 813 1250 866 ἀπὸ
1286 818 1373 864 τοῦ
1411 817 1746 881 Μυριανδικοῦ
1782 813 1968 866 κόλπου

302 903 389 950 τοῦ
431 902 552 965 πρὸς
597 899 806 970 Φοινίκῃ
853 897 1076 963 κειμένου
1120 898 1269 950 τείνει
1311 900 1371 949 τὰ
1416 899 1466 951 ἐς
1512 897 1780 950 θάλασσαν
1821 897 1970 966 μέχρι

302 984 544 1050 Τριοπίου
567 982 732 1050 ἄκρης.
800 981 950 1034 οἰκέει
975 982 1017 1034 δ’
1043 983 1096 1034 ἐν
1119 990 1180 1055 τῇ
1203 983 1324 1054 ἆκτῇ
1349 983 1500 1054 ταύτῃ
1526 982 1671 1035 ἔθνεα
1701 982 1970 1049 ἀνθρώπων
1998 1004 2047 1035 10

196 1080 266 1128 39
305 1066 584 1134 τριήκοντα.
661 1068 782 1131 αὕτη
806 1066 898 1133 μέν
923 1088 1010 1119 νυν
1033 1067 1062 1132 ἡ
1089 1066 1230 1134 ἑτέρη
1254 1072 1354 1118 τῶν
1385 1066 1588 1126 ἀκτέων,
1614 1067 1643 1132 ἡ
1668 1069 1721 1119 δὲ
1745 1067 1803 1131 δὴ
1829 1065 1968 1133 ἑτέρη

306 1151 404 1204 ἀπὸ
463 1151 708 1220 Περσέων
766 1150 1013 1219 ἀρξαμένη
1075 1151 1407 1219 παρατέταται
1471 1153 1523 1205 ἐς
1578 1150 1667 1215 τὴν
1725 1150 1971 1219 Ἐρυθρὴν

307 1235 593 1295 θάλασσαν,
640 1236 673 1301 ἤ
716 1258 769 1289 τε
814 1235 1042 1302 Περσικὴ
1098 1238 1176 1289 καὶ
1227 1235 1325 1288 ἀπὸ
1376 1235 1556 1301 ταύτης
1607 1234 1896 1301 ἐκδεκομένη
1941 1236 1971 1300 ἡ

308 1321 554 1387 Ἀσσυρίη
593 1322 673 1373 καὶ
710 1320 808 1372 ἀπὸ
839 1320 1116 1388 Ἀσσυρίης
1145 1321 1175 1385 ἡ
1206 1320 1439 1388 Ἀραβίη·
1484 1319 1630 1387 λήγει
1658 1323 1712 1371 δὲ
1748 1321 1885 1385 αὕτη,
1916 1319 1974 1371 οὐ

0 1404 538 1480 »αμα-,λήγουσα
579 1407 621 1457 εἰ
658 1405 724 1470 μὴ
757 1405 907 1474 νόμῳ,
947 1407 998 1459 ἐς
1038 1405 1125 1456 τὸν
1165 1406 1351 1457 κόλπον
1391 1405 1476 1456 τὸν
1505 1403 1764 1471 Ἀράβιον,
1797 1406 1849 1457 ἐς
1886 1402 1974 1455 τὸν
2001 1426 2049 1466 15

251 1513 277 1544 2
312 1495 527 1556 Δαρεῖος
561 1491 615 1541 ἐκ
651 1493 736 1540 τοῦ
772 1491 962 1541 Νείλου
1005 1490 1223 1557 διώρυχα
1259 1487 1497 1556 ἐσήγαγε.
1570 1487 1719 1556 μέχρι
1754 1487 1846 1554 μέν
1887 1508 1974 1539 νυν

309 1576 547 1639 Φοινίκης
576 1573 673 1626 ἀπὸ
712 1572 955 1640 Περσέων
995 1578 1158 1642 χῶρος
1190 1573 1380 1626 πλατὺς
1417 1573 1495 1624 καὶ
1531 1573 1721 1626 πολλός
1757 1573 1885 1631 ἐστι,
1915 1571 1974 1623 ’τὸ

310 1658 352 1710 δ’
384 1658 483 1711 ἀπὸ
526 1660 760 1722 Φοινίκης
800 1657 1009 1725 παρήκει
1050 1660 1130 1710 διὰ
1172 1660 1327 1722 τῆσδε
1364 1660 1453 1722 τῆς
1492 1655 1814 1721 θαλάσσηςὴ
1852 1655 1973 1720 ἀκτὴ

311 1743 432 1807 αὕτη
475 1743 609 1809 παρά,
649 1764 703 1794 τε
745 1743 925 1809 Συρίην
964 1742 1054 1807 τὴν
1098 1743 1450 1806 Παλαιστίνην
1491 1742 1570 1794 καὶ
1612 1742 1880 1808 Αἴγυπτον,
1925 1741 1976 1793 ἐς

202 1842 274 1891 40
311 1827 401 1892 τὴν
432 1834 654 1897 τελευτᾷ·
703 1829 755 1879 ἐν
779 1834 839 1900 τῇ
871 1825 1017 1879 ἔθνεά
1048 1828 1158 1878 ἐστι
1188 1827 1299 1893 τρία
1328 1830 1500 1892 μοῦνα.
1575 1829 1728 1878 ταῦτα
1756 1827 1847 1890 μὲν
1877 1823 1976 1876 ἀπὸ
2001 1845 2055 1874 20

312 1911 556 1978 Περσέων
595 1914 657 1963 τὰ
696 1911 819 1978 πρὸς
855 1910 1072 1979 ἑσπέρης
1111 1914 1198 1976 τῆς
1229 1910 1405 1974 Ἀσίης
1443 1909 1626 1977 ἔχοντά
1665 1911 1791 1968 ε’στι,
1822 1910 1884 1960 τὰ
1923 1909 1978 1959 δὲ

314 1996 586 2063 κατύπερθε
616 1994 858 2063 Περσέων
885 1997 965 2048 καὶ
998 1994 1187 2060 Μήδων
1213 1995 1292 2046 καὶ
1317 1995 1611 2061 Σασπείρων
1637 1993 1714 2045 καὶ
1739 1994 1974 2060 Κόλχων,

312 2082 374 2131 τὰ
404 2080 525 2147 πρὸς
555 2080 626 2145 ἠῶ
657 2101 712 2131 τε
741 2081 820 2132 καὶ
850 2079 996 2144 ἥλιον
1028 2078 1388 2139 ἀνατέλλοντα,
1415 2078 1556 2130 ἔνθεν
1586 2079 1679 2142 μὲν
1708 2077 1738 2142 ἡ
1762 2075 1978 2142 Ἐρυθρὴ

313 2163 522 2231 παρήκει
561 2163 817 2223 θάλασσα,
860 2168 981 2230 πρὸς
1021 2163 1186 2231 βορέω
1228 2165 1282 2215 δὲ
1320 2163 1350 2227 ἡ
1395 2163 1596 2226 Κασπίη
1641 2183 1696 2213 τε
1741 2159 1980 2212 θάλασσα

253 2273 280 2305 2
316 2250 396 2301 καὶ
427 2250 453 2299 ὁ
476 2247 689 2316 Ἀράξης
719 2249 955 2313 ποταμός,
981 2247 1108 2315 ῥέων
1139 2246 1261 2314 πρὸς
1290 2247 1435 2311 ἥλιον
1466 2247 1759 2314 ἀνίσχοντα.
1831 2242 1980 2312 μέχρι
2005 2262 2053 2303 25

316 2335 369 2386 δὲ
398 2337 486 2398 τῆς
516 2333 726 2397 Ἰνδικῆς
760 2331 971 2384 οἰκέεται
1001 2333 1031 2397 ἡ
1068 2331 1235 2396 Ἀσίη·
1283 2331 1340 2382 τὸ
1369 2333 1422 2382 δὲ
1452 2329 1551 2383 ἀπὸ
1585 2329 1764 2394 ταύτης
1801 2327 1980 2394 ἔρημος

373 2486 397 2511 2
427 2475 559 2514 ταῦτα
577 2473 629 2513 τὰ
647 2470 830 2525 τέσσαρα,
851 2470 986 2510 RSV
1108 2483 1133 2519 3
1164 2468 1338 2522 ἑσπέρην
1366 2468 1502 2508 RSV
1623 2481 1647 2516 4
1678 2466 1819 2518 αὐτῆς]
1843 2465 1982 2514 ἀντίης

320 2528 354 2567 Ρ
375 2540 485 2567 man.
507 2540 591 2566 rec.
746 2539 771 2575 5
800 2527 850 2566 τὸ
871 2527 967 2579 πρὸς
989 2529 1114 2578 βορῆν
1137 2525 1176 2563 R
1193 2525 1222 2564 S
1236 2525 1272 2563 V
1422 2524 1448 2560 6
1478 2525 1534 2565 εἷς
1557 2522 1647 2561 RV
1791 2533 1813 2570 7
1843 2520 1980 2573 Σιγίου

318 2582 407 2622 ΑΒ
423 2582 458 2621 C
623 2582 649 2620 8
679 2581 798 2622 νότον
820 2581 860 2619 R
875 2580 957 2619 SV
1068 2582 1170 2628 αὕτη
1190 2592 1268 2617 om.
1290 2578 1329 2616 R
1345 2578 1424 2617 SV
1537 2579 1802 2627 Μαριανδικοῦ
1823 2574 1863 2613 R
1878 2574 1981 2614 SV:

319 2637 490 2678 ·ανδύων
510 2637 547 2674 Α
563 2635 597 2674 Β
618 2650 627 2675 :
655 2640 851 2677 -ανδυνῶν
870 2636 904 2674 C
920 2635 966 2685 P,
990 2647 1098 2674 corr.
1126 2634 1171 2673 L.
1197 2632 1382 2672 Dindorf
1541 2645 1568 2681 9
1595 2631 1781 2679 Φοινίκην
1803 2629 1841 2668 R
1857 2627 1977 2682 S[V]

325 2705 375 2730 12
403 2693 452 2732 τὸ
474 2690 673 2732 e’sRSV
843 2703 891 2739 13
921 2687 1335 2738 «alfiaanRSV
1390 2723 1396 2729 .
1447 2689 1624 2735 ἐκδεδομ.
1649 2683 1757 2723 SV:
1787 2681 1980 2732 ἐκδομῙῖ

321 2745 663 2795 ἡοῐῐι.ΡΗΞν
887 2758 935 2794 14
966 2742 1295 2796 &who-&RSV
1433 2738 1725 2790 hom.RSV
1852 2736 1981 2778 δὲκαὶ

323 2803 422 2850 αὐτὴ
445 2800 484 2838 R
499 2800 534 2837 V
549 2800 579 2838 S
604 2799 744 2851 (αὕτη)
888 2811 935 2848 15
965 2811 1030 2848 pr.
1053 2799 1126 2839 τὸν
1145 2810 1226 2836 om.
1253 2796 1287 2835 P
1302 2795 1340 2833 R
1357 2795 1437 2835 SV
1567 2807 1618 2833 21.
1651 2791 1826 2845 ἑσπέρην
1846 2791 1886 2830 R
1901 2790 1982 2830 SV

323 2857 412 2895 ἐστι
433 2867 515 2893 om.
539 2854 580 2892 A
594 2853 676 2893 BC
826 2866 879 2892 22
908 2853 1112 2903 Σαπείρων
1135 2851 1174 2890 R
1190 2850 1271 2890 SV
1421 2861 1473 2898 23
1503 2847 1642 2897 ἠέλιον
1663 2846 1703 2887 R
1718 2845 1800 2886 SV
1821 2845 1884 2899 (it.
1908 2847 1981 2897 25)

322 2921 374 2957 24
404 2910 551 2968 πρὸς...
570 2940 578 2948 .
598 2909 787 2965 θάλασσα
804 2920 886 2948 om.
911 2907 950 2946 A
967 2907 1000 2946 B
1015 2906 1049 2946 C
1214 2905 1267 2943 26
1295 2905 1321 2953 ἡ
1341 2917 1422 2944 om.
1447 2904 1482 2943 A
1500 2903 1535 2942 B
1549 2902 1582 2942 C
