2098 3320
28 67 120 117 111.
151 68 224 119 66

206 1066 230 1108 υ)

166 1393 234 1441 68

887 67 1316 119 ΗΡΟΔΟΤΟὙ

267 203 509 266 παρεοῦσι
547 200 751 264 ἀπιστίη
795 199 962 265 πολλὴ
1004 200 1277 270 ὑπεκέχυτο
1317 201 1432 255 τοὺς
1469 200 1658 269 μάγους
1698 202 1834 271 ἔχειν
1873 205 1934 255 τὰ

268 282 548 350 πρήγματα,
589 283 705 334 ἀλλ’
749 283 1022 348 ἠπιστέατο
1070 286 1151 338 ἐπὶ
1194 287 1411 358 διαβολῇ
1451 287 1608 339 εἰπεῖν
1653 287 1934 353 Καμβύσεα

268 370 329 419 τὰ
360 367 468 419 εἶπε
501 368 611 434 περὶ
642 372 727 419 τοῦ
758 367 996 435 Σμέρδιος
1030 368 1259 428 θανάτου,
1293 371 1373 422 ἵνα
1403 372 1449 422 οἱ
1482 372 1802 443 ἐκπολεμωθῇ
1835 375 1934 424 πᾶν

269 452 324 503 τὸ
356 452 626 519 Περσικόν.
718 452 851 504 οὗτοι
880 452 973 518 μέν
1005 475 1091 506 νυν
1121 453 1395 517 ἠπιστέατο
1430 453 1639 521 Σμέρδιν
1662 459 1747 507 τὸν
1777 456 1933 523 Κύρου
1992 459 1995 462 ’

269 534 495 601 βασιλέα
531 538 825 588 ἐνεστεῶτα·
873 541 1043 591 δεινῶς
1082 539 1176 605 γὰρ
1217 539 1295 590 καὶ
1326 539 1352 589 6
1383 537 1695 604 Πρηξάσπης
1731 538 1935 606 ἔξαρνος

269 620 329 684 ἦν
375 620 441 685 μὴ
490 622 582 685 μὲν
627 622 913 673 ἀποκτεῖναι
961 620 1187 689 Σμέρδιν·
1253 622 1308 674 οὐ
1355 625 1450 689 γὰρ
1500 621 1559 687 ἧν
1607 626 1652 675 οἱ
1704 625 1937 691 ἀσφαλὲς

272 704 560 770 Καμβύσεω
606 707 1014 770 τετελευτηκότος
1058 705 1213 772 φάναι
1259 706 1344 759 τὸν
1391 707 1553 774 Κύρου
1593 708 1699 759 υἱὸν
1735 709 1934 760 ἀπολω-

270 788 468 841 λεκέναι
489 790 789 861 αὐτοχειρίῃ.
855 791 880 840 6
904 792 956 842 δὲ
981 790 1038 854 δὴ
1058 789 1216 858 μάγος
1236 790 1630 855 τελευτήσαντος
1650 792 1937 858 Καμβύσεω

270 875 425 927 ἀδεῶς
457 875 784 939 ἐβασίλευσε,
817 875 1132 939 ἐπιβατεύων
1169 880 1255 927 τοῦ
1289 875 1545 941 ὁμωνύμου
1581 875 1820 943 Σμέρδιος
1854 881 1940 927 τοῦ

271 958 451 1025 Κύρου,
489 961 648 1024 μῆνας
686 961 811 1010 ἑπτὰ
852 959 964 1012 τοὺς
1008 960 1292 1013 ἐπιλοίπους
1337 960 1589 1032 Καμβύσῃ
1625 962 1676 1014 ἐς
1711 962 1774 1012 τὰ
1813 961 1940 1012 ὀκτὼ

272 1043 385 1094 ἔτεα
413 1046 501 1108 τῆς
537 1043 841 1109 πληρώσιος·
888 1046 942 1095 ἐν
976 1048 1111 1095 τοῖσι
1149 1042 1421 1108 ἀπεδέξατο
1460 1047 1510 1097 ἐς
1548 1043 1660 1097 τοὺς
1695 1045 1941 1109 ὑπηκόους

272 1126 459 1180 πάντας
491 1126 777 1194 εὐεργεσίας
807 1126 1046 1195 μεγάλας,
1073 1128 1204 1180 ὥστε
1235 1128 1578 1183 ἀποθανόντος
1607 1128 1755 1180 αὐτοῦ
1785 1129 1940 1180 πόθον

273 1212 411 1279 ἔχειν
463 1210 652 1265 πάντας
695 1212 809 1265 τοὺς
854 1214 908 1264 ἐν
952 1220 1011 1284 τῇ
1057 1212 1222 1284 Ἀσίῃ,
1272 1211 1432 1279 πάρεξ
1476 1211 1634 1265 αὐτῶν
1680 1211 1938 1279 Περσέων.

273 1295 562 1363 διαπέμψας
605 1298 701 1363 γὰρ
745 1298 771 1346 6
811 1295 969 1363 μάγος
1012 1299 1062 1350 ἐς
1106 1300 1204 1349 πᾶν
1250 1297 1391 1351 ἔθνος
1439 1302 1537 1349 τῶν
1574 1295 1695 1365 ἦρχε
1736 1301 1942 1363 προεῖπε

273 1381 503 1444 ἀτελείην
535 1379 660 1432 εἶναι
692 1381 959 1448 στρατηίης
991 1382 1070 1433 καὶ
1101 1382 1259 1448 φόρου
1290 1381 1366 1433 ἐπ’
1397 1381 1509 1433 ἔτεα
1539 1382 1664 1448 τρία.
1739 1386 1943 1448 προεῖπε

272 1467 362 1529 μὲν
403 1463 460 1528 δὴ
498 1469 650 1516 ταῦτα
687 1466 861 1517 αὐτίκα
898 1465 1220 1530 ἐνιστάμενος
1256 1467 1307 1519 ἐς
1350 1465 1440 1530 τὴν
1486 1464 1660 1534 ἀρχήν,
1693 1466 1852 1535 ὀγδόῳ
1889 1467 1941 1516 δὲ

272 1549 389 1614 μηνὶ
435 1548 635 1616 ἐγένετο
679 1547 954 1614 κατάδηλος
994 1550 1159 1619 τρόπῳ
1202 1552 1390 1619 τοιῷδε·
1445 1549 1660 1615 Ὀτάνης
1705 1548 1765 1614 ἦν
1805 1553 1939 1615 Φαρ-

218 1650 222 1654 ‘
274 1632 477 1685 νάσπεω
514 1636 605 1699 μὲν
645 1638 775 1693 παῖς,
809 1632 945 1700 γένεϊ
979 1636 1033 1686 δὲ
1073 1635 1151 1686 καὶ
1192 1632 1415 1702 χρήμασι
1455 1634 1624 1700 ὅμοιος
1663 1638 1730 1704 τῷ
1767 1633 1941 1702 πρώτῳ

275 1717 534 1784 Περσέων·
581 1718 724 1771 οὗτος
758 1718 786 1768 6
828 1717 1042 1783 Ὀτάνης
1083 1723 1275 1784 πρῶτος
1321 1718 1614 1771 ὑπώπτευσε
1657 1717 1743 1770 τὸν
1782 1716 1944 1784 μάγον

276 1802 341 1884 ᾡς
372 1802 459 1853 οὐκ
490 1804 563 1867 εἴη
597 1804 623 1853 6
657 1802 818 1869 Κύρου
849 1801 1056 1869 Σμέρδις
1087 1802 1201 1854 ἀλλ’
1231 1803 1285 1857 ὅς
1327 1823 1418 1869 περ
1453 1801 1529 1868 ἧν,
1563 1807 1679 1875 τῇδε
1709 1807 1939 1867 συμβαλ-

274 1887 502 1951 λόμενος,
545 1888 620 1938 ὅτι
664 1908 717 1938 τε
762 1886 848 1938 οὐκ
894 1886 1131 1954 ἐξεφοίτα
1175 1889 1230 1938 ἐκ
1277 1890 1365 1951 τῆς
1409 1888 1707 1954 ἀκροπόλιος
1752 1885 1831 1938 καὶ
1869 1885 1945 1936 ὅτι

276 1971 362 2022 οὐκ
395 1970 567 2023 ἐκάλεε
607 1973 657 2025 ἐς
695 1973 818 2039 ὄψιν
859 1974 1021 2040 ἑωυτῷ
1064 1971 1240 2023 οὐδένα
1284 1976 1382 2022 τῶν
1423 1972 1643 2037 λογίμων
1685 1968 1942 2038 Περσέων.

277 2055 594 2108 ὑποπτεύσας
642 2054 696 2107 δέ
742 2076 826 2120 μιν
873 2057 1035 2108 ἐποίεε
1090 2054 1223 2107 τάδε·
1295 2055 1419 2123 ἔσχε
1469 2055 1617 2106 αὐτοῦ
1665 2053 1945 2120 Καμβύσης

279 2138 539 2206 θυγατέρα,
581 2147 641 2212 τῇ
686 2134 871 2204 οὕνομα
916 2138 977 2204 ἦν
1022 2140 1283 2204 Φαιδυμίη·
1332 2139 1421 2203 τὴν
1466 2138 1618 2203 αὐτὴν
1663 2138 1721 2203 δὴ
1764 2138 1946 2201 ταύτην

279 2223 386 2291 εἶχε
421 2224 534 2275 τότε
564 2225 590 2274 6
620 2222 778 2290 μάγος
821 2223 899 2275 καὶ
938 2225 1089 2295 ταύτῃ
1131 2245 1185 2275 τε
1224 2225 1451 2275 συνοίκεε
1488 2223 1567 2275 καὶ
1603 2230 1718 2296 τῇσι
1753 2221 1946 2293 ἄλλῃσι
2004 2243 2018 2253 ”

280 2308 478 2379 πάσῃσι
522 2309 638 2379 τῇσι
681 2312 767 2359 τοῦ
815 2308 1105 2372 Καμβύσεω
1152 2306 1362 2374 γυναιξί.
1452 2306 1661 2372 πέμπων
1705 2306 1762 2370 δὴ
1808 2304 1876 2357 ὧν
1921 2306 1946 2355 ὁ

339 2460 362 2495 4
395 2449 529 2487 ἐπιστ.
554 2446 592 2484 R
608 2446 687 2485 SV
798 2458 822 2495 5
855 2429 1082 2486 ἐνεσάεῶτα
1104 2444 1393 2484 Valckenaer:
1426 2445 1658 2485 ἀνεστεῶτα
1675 2443 1708 2482 L
1820 2446 1841 2483 ὁ
1861 2455 1942 2482 om.

284 2502 323 2540 R
347 2502 376 2539 S
398 2501 436 2539 V
600 2502 627 2538 6
668 2499 764 2551 μὲν]
804 2517 871 2550 μιν
912 2500 951 2538 R
974 2500 1004 2538 S
1025 2500 1062 2537 V
1170 2501 1208 2539 οἱ
1245 2499 1296 2546 ἧν
1334 2499 1372 2537 R
1392 2498 1476 2538 SV
1639 2500 1665 2536 8
1707 2496 1770 2550 δὲ]
1806 2496 1881 2548 μὲν
1913 2497 1947 2535 C

282 2570 309 2604 9
354 2556 596 2603 ἐβασίλευεν
638 2556 675 2594 R
700 2555 729 2594 S
752 2555 790 2592 V
960 2568 1004 2593 11
1051 2553 1155 2595 οἷσιν
1196 2554 1233 2591 R
1258 2554 1287 2592 S
1312 2554 1349 2591 V
1460 2555 1515 2594 εἷς
1552 2553 1645 2591 RV
1814 2564 1859 2599 14
1893 2550 1949 2591 ὧν

286 2611 323 2648 R
339 2611 368 2649 S
384 2611 420 2648 V
537 2623 583 2660 15
615 2610 804 2658 ἀτελείην
825 2611 851 2648 d
871 2624 879 2647 :
912 2610 1079 2658 ἀτελίην
1099 2609 1131 2647 L
1244 2611 1435 2661 στρατιῆς
1458 2608 1496 2646 R
1513 2608 1542 2646 S
1557 2608 1593 2645 V
1708 2608 1756 2645 16
1786 2605 1946 2647 ἀνιστά-

282 2683 402 2714 μενος
436 2665 570 2703 ABC
591 2666 622 2702 P
810 2677 855 2712 17
901 2664 1130 2712 κατάδηλος
1164 2666 1206 2704 ὃς
1239 2662 1288 2711 ἦν
1326 2664 1361 2700 R
1379 2662 1458 2701 SV
1650 2663 1695 2699 18
1738 2661 1877 2708 ὁμοίως
1914 2661 1947 2698 C

290 2733 338 2770 19
369 2724 389 2760 6
409 2734 490 2760 om.
516 2720 545 2758 S
560 2719 599 2757 V
621 2719 684 2769 (it.
709 2721 778 2757 26³
940 2718 1233 2768 ὑπόπτευσε(ν)
1256 2718 1293 2756 Α
1308 2718 1342 2755 Β
1359 2717 1439 2756 SV
1513 2726 1517 2729 ·
1613 2729 1666 2755 2ο
1695 2717 1790 2768 ὅπερ
1813 2716 1851 2754 R
1867 2715 1949 2753 SV

286 2775 596 2824 συμβαλόμενος
611 2773 651 2811 Α
665 2774 697 2811 Β
713 2774 745 2811 C
762 2774 793 2811 P
906 2786 957 2810 22
981 2773 1176 2813 ἐκάλεσεν
1190 2772 1223 2811 C
1335 2785 1386 2820 23
1409 2771 1509 2822 ἔσχε
1525 2770 1567 2812 δὲ
1585 2770 1618 2809 C
1721 2773 1742 2810 6
1760 2774 1891 2820 Καμβ.
1915 2769 1948 2807 Ρ

286 2841 336 2876 24
366 2829 558 2878 Φαιδυμίη
581 2829 620 2866 R
638 2828 839 2866 SV-Zon.
865 2827 977 2866 Ann.
1004 2828 1057 2867 iv.
1086 2841 1138 2866 2:
1167 2826 1343 2878 Φαιδύμη
1365 2826 1451 2864 ΑΒ
1468 2826 1548 2864 CP
1710 2827 1757 2874 δὴ
1779 2853 1788 2863 .
1816 2853 1825 2863 .
1850 2822 1946 2864 τότε

285 2895 366 2922 om.
404 2883 539 2922 RSV
705 2895 756 2931 25
797 2899 842 2922 τε
875 2896 954 2921 om.
992 2882 1222 2920 CPRSV

1968 982 2015 1010 10

1971 1823 2019 1852 20
