2098 3320
772 122 1152 199 ΙΣΤΟΡΙΩΝ
1213 152 1259 199 Δ

185 284 266 337 οἶα
279 280 513 346 ’Έλλησί
529 301 585 333 τε
603 277 920 345 ὁμιλήσαντα
944 280 1024 333 καὶ
1041 279 1306 347 Ἑλλήνων
1330 283 1386 336 οὗ
1405 288 1473 354 τῷ
1498 284 1850 357 ἀσθενεστάτῳ

185 373 412 440 σοφιστῇ
466 365 753 437 Πυθαγόρῃ,
808 365 1282 419 κατασκευάσασθαι
1336 369 1600 436 ἀνδρεῶνα,
1657 371 1708 424 ἐς
1765 371 1851 423 τὸν

185 450 554 506 πανδοκεύοντα
582 454 680 502 τῶν
711 450 881 502 ἀστῶν
911 450 1024 504 τοὺς
1055 451 1276 518 πρώτους
1310 453 1387 504 καὶ
1420 452 1700 521 εὐωχέοντα
1731 456 1847 507 ἀνα-

185 534 439 590 διδάσκειν
469 533 535 589 ὧς
563 533 677 586 οὔτε
707 533 854 588 αὐτὸς
884 534 995 587 οὔτε
1027 537 1073 587 οἱ
1105 537 1354 600 συμπόται
1391 537 1540 589 αὐτοῦ
1575 538 1687 591 οὔτε
1716 541 1762 592 οἱ
1797 541 1851 591 ἐκ

136 642 161 685 5
184 620 370 674 τούτων
406 618 502 672 αἰεὶ
538 618 792 686 γινόμενοι
829 618 1207 680 ἀποθανέονται,
1241 620 1356 673 ἀλλ’
1387 619 1565 686 ἥξουσι
1600 624 1651 676 ἐς
1686 627 1853 691 χῶρον

1891 156 1978 205 IV.
2007 169 2079 219 95

1891 389 1915 432 3

184 709 360 759 τοῦτον
398 705 480 757 ἵνα
516 703 612 756 αἰεὶ
652 702 932 770 περιεόντες
969 703 1138 769 ἕξουσι
1174 706 1235 756 τὰ
1271 703 1432 758 πάντα
1468 705 1645 773 ἀγαθά.
1736 709 1789 760 ἐν
1820 706 1857 778 ᾧ
1887 724 1913 767 4

185 792 240 844 δὲ
286 790 450 842 ἐποίεε
500 789 563 840 τὰ
614 786 990 856 καταλεχθέντα
1041 788 1122 840 καὶ
1174 788 1320 856 ἔλεγε
1370 794 1537 850 ταῦτα,
1590 792 1645 843 ἐν
1694 792 1851 862 τούτῳ

187 873 454 942 κατάγαιον
494 873 674 939 οἴκημα
710 871 948 924 ἐποιέετο.
1037 872 1103 927 ὡς
1138 871 1193 925 δέ
1232 876 1278 926 οἱ
1323 874 1608 929 παντελέως
1649 875 1755 945 εἶχε
1794 876 1852 927 τὸ

186 961 380 1026 οἴκημα,
419 959 473 1010 ἐκ
510 959 604 1023 μὲν
642 960 741 1009 τῶν
783 957 1017 1024 Θρηίκων
1057 956 1330 1025 ἠφανίσθη,
1364 961 1588 1025 καταβὰς
1628 961 1682 1012 δὲ
1721 959 1851 1012 κάτω

114 1065 164 1096 10
187 1046 239 1099 ἐς
274 1048 330 1096 τὸ
369 1040 636 1110 κατάγαιον
671 1042 852 1107 οἴκημα
888 1044 1111 1094 διαιτᾶτο
1148 1041 1224 1095 ἐπ’
1256 1042 1368 1096 ἔτεα
1399 1045 1525 1110 τρία.
1600 1046 1645 1096 οἱ
1677 1043 1732 1096 δέ
1766 1066 1851 1110 μιν

185 1128 396 1182 ἐπόθεόν
441 1149 496 1180 τε
544 1126 623 1179 καὶ
670 1124 907 1179 ἐπένθεον
955 1125 1020 1181 ὡς
1067 1129 1328 1179 τεθνεῶτα·
1391 1126 1606 1198 τετάρτῳ
1652 1131 1706 1181 δὲ
1754 1128 1853 1181 ἔτεϊ

185 1212 346 1282 ἐφάνη
378 1216 512 1265 τοῖσι
545 1208 745 1279 Θρήιξι,
781 1210 860 1263 καὶ
891 1212 1018 1264 οὕτω
1048 1210 1233 1264 πιθανά
1264 1217 1361 1279 σφι
1393 1211 1591 1279 ἐγένετο
1614 1214 1675 1264 τὰ
1706 1213 1853 1281 ἔλεγε

138 1311 148 1316 “
186 1299 213 1350 ὃ
247 1295 516 1364 Σάλμοξις.
588 1294 742 1348 ταῦτά
784 1296 920 1363 φασί
954 1317 1040 1361 μιν
1077 1299 1301 1362 ποιῆσαι.
1391 1296 1489 1364 ἐγὼ
1525 1299 1579 1350 δὲ
1614 1298 1725 1365 περὶ
1759 1300 1853 1364 μὲν

185 1382 362 1435 τούτου
394 1382 473 1435 καὶ
503 1385 590 1434 τοῦ
621 1380 890 1448 καταγαίου
927 1379 1192 1447 οἰκήματος
1229 1381 1341 1433 οὔτε
1372 1380 1597 1434 ἀπιστέω
1635 1381 1750 1435 οὔτε
1783 1379 1853 1435 ὧν

114 1487 162 1529 15
186 1467 404 1521 πιστεύω
433 1487 482 1519 τι
524 1467 658 1531 λίην,
702 1463 856 1517 δοκέω
901 1467 954 1517 δὲ
999 1470 1241 1518 πολλοῖσι
1292 1466 1431 1518 ἔτεσι
1479 1467 1720 1534 πρότερον
1765 1466 1853 1519 τὸν

1890 1296 1967 1358 96

186 1549 443 1618 Σάλμοξιν
492 1554 668 1603 τοῦτον
711 1548 951 1617 γενέσθαι
1002 1550 1325 1617 Πυθαγόρεω.
1413 1552 1514 1603 εἴτε
1557 1553 1611 1603 δὲ
1654 1549 1856 1618 ἐγένετό
1886 1570 1911 1602 2

185 1657 260 1692 τις
297 1633 549 1703 Σάλμοξις
583 1633 857 1703 ἅνθρωπος,
891 1633 980 1687 εἴτ’
1010 1634 1122 1686 ἐστὶ
1158 1635 1344 1700 δαίμων
1380 1656 1455 1689 τις
1491 1634 1676 1707 Γέτῃσι
1712 1635 1855 1689 οὗτος

145 1734 148 1736 ’
188 1721 468 1791 ἐπιχώριος,
500 1718 732 1788 χαιρέτω.
806 1719 943 1771 οὗτοι
963 1722 1056 1785 μὲν
1080 1718 1138 1784 δὴ
1169 1720 1332 1790 τρόπῳ
1358 1720 1559 1790 τοιούτῳ
1583 1720 1856 1787 χρεώμενοι

188 1805 253 1860 ὦς
284 1805 626 1875 ἐχειρώθησαν
653 1802 751 1857 ὑπὸ
783 1802 1043 1872 Περσέων,
1077 1804 1275 1869 εἵποντο
1306 1808 1372 1874 τῷ
1403 1802 1543 1874 ἄλλῳ
1576 1808 1788 1874 στρατῷ.

113 1909 166 1957 20
273 1895 486 1958 Δαρεῖος
516 1891 569 1943 δὲ
600 1889 665 1943 ὣς
695 1889 900 1942 ἀπίκετο
932 1889 1012 1941 καὶ
1042 1889 1068 1940 ὁ
1099 1887 1246 1953 πεζὸς
1275 1886 1358 1953 ἅμ’
1381 1889 1510 1959 αὐτῷ
1538 1887 1751 1956 στρατὸς
1773 1888 1855 1941 ἐπὶ

186 1978 274 2027 τὸν
296 1973 517 2043 Ἴστρον,
551 1975 761 2027 ἐνθαῦτα
800 1971 1088 2039 διαβάντων
1122 1972 1323 2026 πάντων
1367 1977 1579 2041 Δαρεῖος
1619 1972 1855 2026 ἐκέλευσε

186 2058 300 2114 τούς
327 2055 427 2127 (τε)
448 2058 627 2112 Ἴωνας
650 2058 742 2123 τὴν
767 2059 977 2127 σχεδίην
999 2058 1255 2111 λύσαντας
1280 2057 1490 2110 ἕπεσθαι
1523 2057 1627 2110 κατ’
1650 2057 1855 2124 ἤπειρον

187 2145 351 2215 ἑωυτῷ
383 2144 464 2196 καὶ
500 2147 587 2196 τὸν
622 2145 676 2196 ἐκ
713 2147 813 2195 τῶν
849 2147 974 2195 νεῶν
1011 2143 1245 2210 στρατόν.
1332 2142 1626 2207 μελλόντων
1666 2144 1719 2194 δὲ
1756 2146 1854 2194 τῶν

187 2227 368 2281 Ἰώνων
390 2228 530 2281 λύειν
563 2228 642 2280 καὶ
674 2225 860 2280 ποιέειν
889 2229 950 2279 τᾶ
983 2228 1282 2292 κελευόμενα
1315 2227 1459 2291 Κώης
1484 2227 1510 2277 ὁ
1533 2224 1851 2294 Ἐρξάνδρου,

115 2332 163 2373 25
188 2312 465 2381 στρατηγὸς
493 2313 589 2365 ἐὼν
621 2312 993 2376 Μυτιληναίων,
1022 2309 1163 2375 ἔλεξε
1198 2312 1395 2381 Δαρείῳ
1420 2310 1552 2371 τάδε,
1578 2311 1854 2376 πυθόμενος

185 2397 426 2465 πρότερον
471 2399 518 2450 εἵ
560 2399 606 2450 οἱ
647 2398 802 2465 φίλον
844 2397 917 2460 εἵη
964 2395 1167 2463 γνώμην
1212 2394 1548 2448 ἀποδέκεσθαι
1590 2396 1724 2462 παρὰ
1766 2399 1853 2446 τοῦ

185 2481 498 2548 βουλομένου
520 2482 922 2534 ἀποδείκνυσθαι·
961 2478 1035 2531 ⁹52
1056 2483 1293 2546 βασιλεῦ,
1319 2479 1401 2531 ἐπὶ
1422 2482 1516 2546 γῆν
1533 2481 1630 2547 γὰρ
1648 2478 1853 2544 μέλλεις

237 2621 267 2659 6
294 2621 354 2662 ἀεὶ
377 2620 469 2659 RV
578 2618 788 2674 περιόντες
810 2618 849 2656 R
864 2618 945 2658 SV
1055 2619 1107 2659 τὰ
1127 2617 1210 2658 del.
1238 2617 1436 2667 Krueger
1591 2617 1618 2655 8
1648 2615 1853 2669 κατάγεον

187 2674 227 2714 R
245 2674 328 2714 SV
350 2674 415 2728 (it.
440 2674 507 2727 14)
668 2673 850 2715 ἐποιέετο
866 2702 875 2712 .
897 2703 906 2712 .
927 2702 936 2713 .
957 2675 1103 2724 οἴκημα
1124 2673 1217 2724 (10)
1242 2685 1323 2712 om.
1349 2672 1390 2711 R
1404 2671 1485 2711 SV
1638 2676 1853 2714 παντελῶς

185 2729 272 2770 ΑΒ
290 2729 324 2768 C
510 2741 560 2768 10
589 2732 753 2770 διετᾶτο
775 2728 809 2767 C
993 2739 1041 2775 13
1073 2731 1094 2768 ὀ
1114 2740 1195 2766 om.
1219 2726 1308 2765 AB
1324 2726 1358 2765 C
1539 2739 1588 2774 14
1618 2725 1765 2766 τούτου
1787 2727 1851 2767 καὶ

184 2796 266 2825 om.
289 2783 427 2824 ΑΒΕ
549 2784 603 2825 ὦν
623 2789 667 2823 et
686 2801 727 2824 τι
748 2796 832 2823 om.
850 2782 884 2820 P
898 2782 936 2821 R
952 2781 981 2820 S
995 2781 1034 2821 V
1202 2783 1253 2820 16
1282 2780 1564 2834 Πυθαγόραιων
1585 2782 1622 2822 εἴ
1641 2781 1690 2829 δὴ
1713 2780 1751 2818 R
1769 2779 1851 2819 SV

190 2851 238 2889 17
267 2856 330 2881 τις
347 2856 399 2893 γε
421 2838 513 2878 RV
624 2837 717 2890 εἴτ’]
740 2836 840 2879 εἶδέ
860 2837 899 2875 R
916 2836 998 2875 SV
1182 2838 1231 2876 18
1260 2837 1363 2876 οὕτω
1386 2835 1478 2874 RV
1658 2847 1712 2873 20
1741 2835 1807 2875 καὶ
1828 2838 1850 2876 ὖ

186 2906 268 2934 om.
292 2893 326 2932 C
454 2892 520 2945 ἅμ’
541 2895 649 2945 αὐτῷ
670 2905 752 2933 om.
780 2891 813 2930 P
827 2891 866 2930 R
881 2891 911 2929 S
925 2892 965 2930 V
1095 2891 1269 2944 στρατὸς
1289 2903 1371 2931 om.
1398 2890 1431 2928 C
1597 2902 1651 2928 22
1680 2905 1728 2929 τε
1747 2888 1846 2928 add.

187 2947 308 2988 Stein
529 2959 582 2996 23
612 2948 687 2987 τὸν
707 2949 752 2987 ἐκ
772 2958 856 2984 om.
882 2945 912 2984 S
928 2945 963 2983 V
1160 2957 1215 2995 24
1244 2948 1290 2998 ὁρ
1310 2943 1498 2998 ἑξάνδρου
1521 2942 1585 2984 R:
1618 2947 1639 2984 ὁ
1661 2945 1742 2997 ῥεξ.
1766 2942 1850 2983 SV

187 3002 280 3056 (aut
299 3002 407 3057 ῥηξ.)
575 3012 626 3049 25
659 3007 805 3040 Μιτυλ.
832 3000 866 3038 L

1892 1901 1960 1952 97

1890 2162 1915 2194 2
