2098 3320
723 112 1100 161 ΙΣΤΟΡΙΩΝ
1163 115 1208 163 Δ
1835 116 1922 165 IV.
1952 129 2041 178 134

122 242 569 302 ἀπαλλάσσεσθαι,
602 242 718 309 πρὶν
754 239 784 307 ἢ
824 243 903 295 καὶ
939 244 1020 296 ἐπὶ
1056 249 1141 297 τὸν
1165 247 1368 312 Ῐστρον
1406 246 1572 298 ιθῦσαι
1605 245 1906 361 Σκύθαςωιωλ

121 328 371 381 λύσοντας
405 326 495 391 τὴν
526 326 766 394 γέφυραν,
799 350 829 392 η
862 329 945 379 καί
978 351 1026 380 τι
1048 328 1192 381 Ἴωσι
1234 330 1375 395 δόξαι
1411 352 1467 394 τρ
1496 330 1651 396 ᾐμέας
1688 332 1793 383 οῗόι
1803 365 1914 406 uod
1805 322 2098 399 “hs-,w

121 435 176 479 te
206 412 349 465 ἔσται
380 410 769 479 ἐξεργάσασθαι.
860 413 1108 479 Γωβρύης
1134 417 1224 479 μὲν
1255 419 1406 466 ταῦτα
1437 415 1791 481 συνεβούλευε,
1819 412 1970 435 ’¹⁴⁰⁸‘

119 499 246 564 μετὰ
275 499 329 549 δὲ
357 494 451 561 νύξ
475 517 531 547 τε
560 494 760 563 ἐγένετο
793 497 872 548 καὶ
898 501 1109 564 Δαρεῖος
1133 500 1316 567 ἐχρᾶτο
1339 500 1399 570 τῇ
1423 501 1596 572 γνώμῃ
1619 501 1790 572 ταύτῃ·
1830 514 1920 564 135

75 604 97 646 5
121 581 236 636 τοὺς
280 584 373 646 μὲν
417 580 723 647 καματηροὺς
766 585 866 632 τῶν
911 582 1102 648 ἀνδρῶν
1150 582 1228 634 καὶ
1272 588 1371 635 τῶν
1416 583 1475 648 ἦν
1521 583 1793 653 ἐλάχιστος

123 663 484 731 ἀπολλυμένων
506 665 676 731 λόγος,
704 664 785 716 καὶ
815 665 930 719 τοὺς
960 668 1103 720 ὄνους
1127 665 1316 720 πάντας
1342 667 1624 732 καταδήσας
1649 668 1788 721 κατέ-

120 756 239 804 λιπε
263 750 423 802 >αὐτοῦ
456 749 609 821 ταύτῃ
646 751 700 801 ἐν
734 755 802 820 τῷ
842 739 1180 820 στρατοπέδῳ·
1229 750 1462 804 κατέλιπε
1498 755 1551 804 δὲ
1589 753 1702 807 τούς
1737 775 1791 805 τε

1830 774 1853 804 Ν

120 836 265 889 ὄνους
295 834 373 886 καὶ
405 833 519 888 τοὺς
549 833 794 887 ἀσθενέας
824 837 912 898 τῆς
942 838 1178 900 στρατιῆς
1208 839 1361 888 τῶνδε
1398 838 1598 896 εἵνεκεν,
1633 838 1714 889 ἵνα
1744 840 1791 890 οἱ

120 922 214 986 μὲν
249 921 356 971 ὄνοι
390 917 522 985 βοὴν
557 917 891 987 παρέχωνται·
937 921 984 971 οἱ
1021 922 1074 970 δὲ
1111 919 1362 986 ἄνθρωποι
1400 922 1665 987 ἀσθενείης
1699 924 1793 987 μὲν

51 1025 100 1054 10
123 1005 309 1057 εἵνεκεν
355 1005 726 1062 κατελείποντο,
779 1003 1066 1070 προφάσιος
1118 1006 1172 1055 δὲ
1218 1008 1372 1069 τῆσδε
1424 1005 1627 1070 δηλαδή,
1680 1004 1789 1072 (ὡς)

121 1088 268 1142 αὐτὸς
297 1090 389 1154 μὲν
420 1088 515 1140 σὺν
546 1092 613 1158 τῷ
646 1091 840 1158 καθαρῷ
871 1093 959 1140 τοῦ
996 1094 1211 1155 στρατοῦ
1243 1084 1576 1154 ἐπιθήσεσθαι
1610 1090 1791 1156 μέλλοι

119 1177 255 1225 τοῖσι
286 1172 523 1244 Σκύθῃσι,
558 1171 692 1224 οὗτοι
728 1175 781 1225 δὲ
813 1178 870 1225 τὸ
910 1174 1251 1240 στρατόπεδον
1281 1179 1453 1226 τοῦτον
1483 1179 1570 1226 τὸν
1605 1176 1790 1244 χρόνον

119 1258 334 1326 ῥυοίατο.
401 1260 555 1309 ταῦτα
576 1261 710 1308 τοῖσι
733 1256 1177 1322 ὑπολειπομένοισι
1199 1258 1503 1324 ὑποθέμενος
1526 1261 1552 1309 ὁ
1579 1264 1791 1326 Δαρεῖος
1824 1280 1848 1322 3

123 1343 202 1395 καὶ
232 1343 362 1408 πυρὰ
398 1341 647 1395 ἐκκαύσας
678 1341 768 1405 τὴν
797 1343 1046 1410 ταχίστην
1075 1342 1311 1409 ἠπείγετο
1349 1344 1429 1395 ἐπὶ
1459 1343 1545 1395 τὸν
1570 1343 1787 1410 Ἴστρον.

49 1447 94 1488 15
121 1429 166 1490 οἱ
196 1429 250 1478 δὲ
285 1428 392 1479 ὄνοι
426 1425 764 1493 ἐρημωθέντες
793 1431 881 1478 τοῦ
923 1427 1099 1492 ὁμίλου
1134 1428 1259 1478 οὕτω
1297 1427 1355 1491 δὴ
1386 1431 1584 1493 μᾶλλον
1614 1434 1789 1499 πολλῷ
1824 1449 1826 1451 ’

120 1512 266 1564 ἵεσαν
295 1514 382 1576 τῆς
413 1514 600 1579 φωνῆς,
635 1511 900 1565 ἀκούοντες
937 1514 990 1563 δὲ
1027 1514 1073 1563 οἱ
1106 1512 1290 1563 Σκύθαι
1324 1517 1423 1564 τῶν
1460 1514 1588 1565 ὄνων
1619 1513 1790 1582 πάγχυ

71 1658 75 1662 ⁴
121 1598 244 1648 κατὰ
278 1596 446 1666 χώρην
476 1595 687 1661 ἤλπιζον
716 1596 831 1650 τοὺς
862 1595 1071 1662 Πέρσας
1109 1597 1249 1648 εἶναι.
1337 1596 1520 1663 ἡμέρης
1556 1600 1607 1649 δὲ
1643 1619 1784 1664 γενο-
1826 1602 1919 1661 136

117 1679 271 1747 μένης
306 1681 510 1748 γνόντες
551 1683 598 1732 οἱ
637 1679 1030 1748 ὑπολειφθέντες
1067 1681 1133 1735 ὣς
1169 1681 1522 1748 προδεδομένοι
1558 1681 1657 1734 εἶεν
1693 1683 1788 1735 ὑπὸ

121 1766 350 1833 Δαρείου,
389 1764 561 1834 χεῖράς
595 1781 649 1817 τε
686 1767 1028 1832 προετείνοντο
1064 1771 1201 1818 τοῖσι
1237 1766 1458 1838 Σκύθῃσι
1495 1766 1582 1817 καὶ·
1610 1767 1788 1833 ἔλεγον

46 1869 96 1896 20
118 1851 179 1902 τὰ
231 1848 522 1928 κατήκοντα·
591 1852 637 1902 οἳ
689 1853 743 1902 δὲ
795 1850 860 1904 ὡς
909 1849 1132 1915 ἥκουσαν
1182 1855 1351 1909 ταῦτα,
1400 1850 1493 1915 τὴν
1539 1853 1787 1920 ταχίστην

119 1934 512 2003 συστραφέντες,
551 1936 607 1987 αἵ
642 1956 696 1988 τε
737 1934 823 1987 δύο
862 1939 1028 2002 μοῖραι
1068 1940 1167 1988 τῶν
1208 1934 1436 1988 Σκυθέων
1478 1936 1556 1987 καὶ
1594 1937 1624 2001 ἡ
1662 1939 1786 2001 μετὰ

119 2019 477 2089 Σαυροματέων
502 2019 580 2072 καὶ
605 2023 833 2073 Βουδῖνοι
858 2020 937 2072 καὶ
964 2021 1198 2079 Γελωνοί,
1222 2021 1426 2072 ἐδίωκον
1449 2021 1562 2074 τοὺς
1582 2020 1787 2086 Πέρσας

119 2104 196 2156 ἰθὺ
242 2108 328 2156 τοῦ
363 2103 585 2171 Ἴστρου.
676 2103 762 2157 ἅτε
807 2107 860 2157 δὲ
905 2109 991 2156 τοῦ
1036 2109 1288 2172 Περσικοῦ
1330 2107 1422 2170 μὲν
1466 2110 1551 2156 τοῦ
1594 2110 1788 2157 πολλοῦ

1819 2128 1843 2158 ἢ.)

117 2189 286 2243 ἐόντος
314 2189 462 2254 πεζοῦ
492 2193 711 2257 στρατοῦ
747 2191 828 2242 καὶ
858 2192 948 2244 τὰς
985 2189 1127 2244 ὁδοὺς
1163 2190 1250 2241 οὐκ
1287 2189 1620 2255 ἐπισταμένου
1655 2190 1786 2241 ὥστε

0 2323 3 2325 ,
46 2290 92 2331 25
118 2273 175 2325 οὐ
205 2273 522 2339 τετμημένων
547 2271 679 2341 [τῶν]
710 2275 852 2334 ὁδῶν,
885 2279 972 2326 τοῦ
1003 2277 1057 2326 δὲ
1087 2278 1326 2326 Σκυθικοῦ
1365 2275 1582 2326 ἱππότεω
1615 2274 1694 2325 καὶ
1724 2277 1785 2325 τὰ

118 2357 341 2423 σύντομα
359 2361 446 2423 τῆς
463 2360 579 2411 ὁδοῦ
599 2358 947 2425 ἐπισταμένου,
961 2359 1263 2426 ἁμαρτόντες
1285 2357 1540 2422 ἀλλήλων,
1553 2358 1786 2426 ἔφθησαν

117 2448 289 2513 πολλῷ
320 2445 366 2495 οἱ
398 2443 582 2495 Σκύθαι
611 2443 725 2497 τοὺς
755 2443 961 2510 Πέρσας
994 2443 1075 2495 ἐπὶ
1106 2443 1196 2507 τὴν
1226 2442 1449 2510 γέφυραν
1480 2443 1782 2507 ἀπικόμενοι.

95 2620 98 2623 .
175 2597 192 2622 Ι
226 2581 562 2625 ἀπαλλάττεσθαι
581 2582 670 2622 ΑΒ
687 2584 720 2623 C
886 2597 912 2634 3
944 2584 1059 2625 ἔσται
1082 2597 1149 2623 om
1185 2583 1222 2623 A
1239 2583 1272 2622 Β
1290 2583 1322 2621 C
1493 2595 1514 2631 7
1544 2581 1675 2636 ταύτῃ
1696 2594 1779 2623 Οῐη.

118 2637 152 2677 P
165 2638 204 2676 R
219 2638 250 2677 S
264 2638 303 2677 V
428 2638 646 2680 κατέλειπε
668 2639 703 2678 Β
890 2641 1081 2680 8εἵνεκα
1103 2640 1136 2678 Ρ
1152 2639 1190 2677 R
1206 2639 1236 2678 S
1249 2639 1288 2676 V
1481 2651 1508 2688 9
1537 2637 1783 2689 παρέχονται

118 2693 158 2732 R
172 2693 202 2732 S
216 2693 254 2732 V
452 2706 502 2732 ιο
531 2695 663 2735 εἵνεκα
686 2695 724 2733 R
740 2693 770 2733 S
784 2694 822 2732 V
960 2695 995 2734 δ’
1012 2693 1114 2746 (ἐπὶ)
1138 2693 1336 2743 Krueger
1480 2694 1531 2733 ὡς
1551 2692 1647 2731 add.
1674 2690 1782 2730 Reiz

119 2759 169 2797 13
210 2747 587 2799 ὑπολελειμμένοισι
622 2749 662 2788 Α
678 2749 710 2787 Β
726 2750 759 2788 C
997 2761 1045 2797 14
1091 2749 1279 2801 ἐπείγετο
1315 2748 1355 2786 Α
1369 2747 1403 2785 Β
1421 2746 1454 2785 C
1469 2746 1525 2786 P:
1571 2745 1709 2796 ἠπείχ.
1745 2746 1783 2784 V

120 2814 169 2853 15
199 2805 303 2844 οὕτω
321 2807 380 2844 τῶ
399 2802 476 2853 μὲν
496 2805 544 2852 δὴ
567 2803 606 2841 R
622 2803 729 2843 SV:
760 2805 863 2844 οὕτω
883 2802 958 2854 μὲν
979 2805 1026 2852 δὴ
1049 2803 1083 2841 Ρ
1245 2804 1294 2841 16
1325 2802 1571 2843 ἀκούσαντες
1591 2800 1631 2838 Α
1646 2799 1681 2838 Β
1700 2800 1733 2839 C
1749 2800 1782 2839 P

120 2869 167 2908 17
197 2859 335 2912 χώραν
356 2858 394 2897 R
409 2857 492 2897 SV
645 2870 694 2907 19
722 2857 955 2913 προέτεινον
977 2857 1010 2896 Ρ
1024 2857 1062 2895 R
1079 2857 1161 2897 SV
1312 2871 1360 2896 21
1393 2858 1498 2908 μετὰ
1519 2857 1779 2895 Buttmann.

113 2914 186 2963 μία
208 2913 241 2952 L
398 2925 450 2951 22
479 2912 766 2966 Σαυροματέων
787 2913 846 2952 S:
875 2912 1124 2965 Σαυρομάται
1149 2912 1238 2952 rell.
1269 2913 1344 2965 [V]
1513 2924 1564 2961 25
1594 2916 1676 2952 τῶν
1695 2924 1777 2951 om.

118 2968 156 3006 R
171 2966 253 3007 SV
363 2968 411 3016 δὴ
425 2969 477 3019 (ἓ)
498 2967 536 3004 V
712 2970 766 3006 26
795 2971 887 3009 ὁδοῦ
906 2980 988 3006 om.
1016 2967 1046 3006 S
1061 2967 1097 3005 V
1207 2970 1400 3021 ὤφθησαν
1422 2967 1455 3005 C
1622 2979 1673 3015 27
1703 2968 1780 3014 τὴν

113 3031 196 3056 om.
220 3020 262 3061 R
