2098 3320
18 163 89 211 80

97 301 125 344 6

69 723 123 770 81

60 1143 125 1190 82

47 3082 56 3110 Ι

794 164 1229 213 ΗΡΟΔΟΤΟῬ

162 294 322 347 ἐλπίς.
396 293 452 344 οὐ
481 293 650 359 μέντοι
680 295 731 346 οἵ
758 317 815 362 γε
839 295 992 348 Λυδοὶ
1021 294 1078 347 τὸ
1109 297 1333 349 ἐνθεῦτεν
1358 297 1515 349 δειλοὶ
1545 297 1691 363 ἦσαν,
1717 299 1829 351 ἀλλ’
1887 343 1890 347 .

163 376 228 430 ὡς
265 377 447 442 ἔμαθον
478 378 534 430 τὸ
564 379 848 445 γινόμενον,
875 381 1204 446 ἀποθορόντες
1240 380 1338 433 ἀπὸ
1373 386 1472 433 τῶν
1501 383 1666 434 ἵππων
1695 383 1834 447 πεζοὶ

161 466 296 513 τοῖσι
320 461 557 534 Πέρσῃσι
581 463 921 530 συνέβαλλον.
988 465 1153 534 χρόνῳ
1179 467 1233 517 δὲ
1256 466 1516 518 πεσόντων
1535 465 1833 534 ἀμφοτέρων

163 550 368 597 πολλῶν
399 546 669 613 ἐτράποντο
706 550 751 600 οἱ
783 550 952 613 Λυδοί,
966 532 1363 628 (κατειληθέντες
1399 552 1453 602 δὲ
1491 552 1540 603 ἐς
1575 549 1631 602 τὸ
1665 556 1873 626 τεῖχος)
1903 615 1906 617 ,

163 630 541 696 ἐπολιορκέοντο
573 632 669 684 ὑπὸ
698 638 795 684 τῶν
827 632 1097 699 Περσέων.-
1411 682 1413 684 .
1856 658 1878 698 5

243 718 396 766 Τοῖσι
434 718 525 780 μὲν
562 716 619 780 δὴ
659 716 957 781 κατεστήκεε
992 718 1268 784 πολιορκίη,
1304 722 1520 784 Κροῖσος
1557 721 1610 771 δὲ
1648 717 1834 771 δοκέων

162 800 208 849 οἱ
237 800 420 866 χρόνον
452 800 531 851 ἐπὶ
560 801 747 868 μακρὸν
778 802 986 853 ἔσεσθαι
1015 801 1104 865 τὴν
1127 803 1419 868 πολιορκίην
1446 802 1634 867 ἔπεμπε
1666 805 1719 854 ἐκ
1748 808 1834 855 τοῦ

161 884 354 951 τείχεος
379 883 564 938 ἄλλους
588 885 831 952 ἀγγέλους
857 888 906 939 ἐς
929 888 1016 939 τὰς
1041 887 1341 954 συμμαχίας.
1413 889 1459 938 οἱ
1481 889 1573 952 μὲν
1596 889 1691 953 γὰρ
1710 888 1829 954 πρό-

161 988 305 1034 τερον
323 966 727 1034 διεπέμποντορ,ἐς
748 969 971 1035 πέμπτον
995 973 1133 1036 μῆναΪ
1144 969 1466 1037 προερέοντες
1488 969 1833 1037 συλλέγεσθαι

162 1053 213 1104 ἐς
243 1050 436 1126 Σάρδις,
470 1053 668 1107 τούτους
705 1057 758 1105 δὲ
795 1053 1041 1119 ἐξέπεμπε
1059 1046 1163 1118 (τὴν
1192 1052 1447 1122 ταχίστην)
1467 1053 1669 1106 δέεσθαι
1703 1060 1826 1120 βοη-
1860 1075 1908 1104 ιο

163 1134 294 1187 θέειν
326 1131 401 1211 ὡςχ
414 1127 834 1204 πολιορκεομένου
866 1122 1131 1205 Κροίσου.)
1189 1138 1240 1192 ἔς
1271 1160 1326 1190 τε
1361 1137 1419 1202 δὴ
1449 1135 1517 1190 ὧν
1547 1141 1635 1192 τὰς
1671 1138 1832 1193 ἄλλας

162 1220 353 1285 ἔπεμπε
384 1223 668 1289 συμμαχίας
701 1222 780 1274 καὶ
810 1222 866 1287 δὴ
895 1223 971 1274 καὶ
1003 1225 1053 1276 ἐς
1083 1223 1444 1288 Λακεδαίμονα.
1503 1227 1638 1274 τοῖσι
1668 1225 1721 1275 δὲ
1753 1223 1832 1275 καὶ

161 1304 358 1356 αὐτοῖσι
394 1302 545 1370 [τοῖσι
586 1297 1087 1379 Σπαρτιήτῃσι](κατ’
1125 1306 1274 1358 αὐτὸν
1309 1311 1484 1359 τοῦτον
1523 1306 1610 1358 τὸν
1648 1304 1850 1398 χρόνοιῷ

162 1390 537 1442 συνεπεπτώκεε
567 1390 666 1457 ἔρις
699 1393 853 1442 ἐοῦσα
883 1395 1004 1458 πρὸς
1027 1391 1283 1458 Ἀργείους
1314 1391 1425 1457 περὶ
1455 1391 1621 1459 χώρου
1652 1398 1827 1443 καλεο-

159 1471 311 1538 μένου
353 1473 561 1540 Θυρέης.
651 1477 739 1529 τὰς
781 1477 874 1542 γὰρ
914 1474 1108 1543 Θυρέας
1147 1476 1327 1529 ταύτας
1368 1475 1548 1528 ἐούσας
1581 1453 1673 1539 ἓῆς
1713 1475 1827 1542 Ἀρ-
1857 1495 1903 1536 15
1944 1491 1951 1495 ’

161 1559 363 1624 γολίδος
385 1559 948 1639 μοίρηῆάποταμόμενρι
979 1559 1136 1628 ἔσχον
1160 1562 1206 1611 οἱ
1229 1559 1624 1624 Λακεδαιμόνιοι.
1693 1557 1754 1623 ἣν
1777 1563 1830 1612 δὲ

163 1642 243 1693 καὶ
271 1642 300 1706 ἡ
332 1641 480 1710 μέχρι
518 1643 737 1694 Μαλέων
767 1645 796 1708 ἡ
828 1643 949 1710 πρὸς
986 1643 1202 1710 ἑσπέρην
1233 1643 1490 1709 Ἀργείων,
1529 1643 1562 1707 ἥ
1595 1665 1649 1695 τε
1687 1644 1740 1695 ἐν
1770 1651 1830 1715 τῇ

162 1725 346 1795 ἠπείρῳ
379 1727 514 1794 χώρη
540 1728 618 1778 καὶ
642 1728 670 1792 ἡ
698 1729 914 1794 Κυθηρίη
948 1731 1101 1792 νῆσος
1134 1728 1212 1778 καὶ
1244 1730 1293 1778 αἱ
1324 1727 1495 1817 λοιπαὶ
1518 1732 1616 1778 τῶν
1639 1726 1822 1791 νήσων.

162 1810 528 1875 βοηθησάντων
548 1815 599 1863 δὲ
620 1795 1611 1898 Ἀργείωῇῗσφετέρῃζὲτῇταμῦὸμθῃ)
1620 1813 1829 1863 ἐνθαῦτα

163 1893 529 1965 συνέβησανζές
552 1887 1081 1962 λόγους>συνελθόντες
1101 1896 1233 1946 ὥστε
1252 1896 1562 1962 τριηκοσίους
1585 1894 1828 1962 ἑκατέρων
1855 1915 1904 1942 20
1956 1965 1960 1968 ι

162 1978 500 2046 μαχέσασθαι,
534 1981 754 2045 ὁκότεροι
790 1980 832 2031 δ’
864 1979 925 2032 ἂν
955 1979 1323 2046 περιγένωνται,
1356 1978 1543 2030 τούτων
1580 1978 1704 2030 εἶναι
1740 1978 1827 2030 τὸν

162 2068 344 2130 χῶρον·
390 2063 445 2114 τὸ
475 2066 527 2115 δὲ
558 2067 748 2127 πλῆθος
777 2069 885 2138 τοῦ
990 2068 1107 2115 ατοῦ
1136 2062 1565 2133 ἀπαλλάσσεσθαι
1595 2061 1826 2128 ἑκάτερον

164 2148 215 2199 ἐς
245 2146 335 2210 τὴν
359 2150 540 2199 ἑωυτοῦ
567 2150 688 2213 μηδὲ
720 2140 1016 2232 παρηίμένειν
1040 2126 1429 2214 αῗιῗίῗζομέἆῖων,
1455 2150 1608 2198 τῶνδε
1639 2148 1826 2198 εἵνεκεν

162 2231 243 2282 ἵνα
266 2231 332 2295 μὴ
358 2232 641 2298 παρεόντων
665 2237 761 2283 τῶν
786 2231 1135 2299 στρατοπέδων
1159 2232 1368 2296 ὁρῶντες
1391 2233 1437 2282 οἱ
1461 2215 1822 2298 ἕτεροι(ἑσσου-

161 2313 338 2378 μένους
361 2315 473 2368 τοὺς
498 2314 771 2382 σφετέρους
795 2316 1104 2381 ἐπαμύνοιεν.
1175 2313 1466 2380 συνθέμενοι
1487 2319 1639 2366 ταῦτα
1661 2315 1822 2378 ἆπαλ-
1851 2330 1901 2373 25

160 2397 435 2457 λάσσοντο,
473 2399 686 2465 λογάδες
722 2403 775 2451 δε
818 2398 1058 2465 ἑκατέρων
1095 2398 1484 2465 ὑπολειφθέντες
1515 2397 1639 2460 ω’
1682 2404 1821 2449 αλον.

161 2481 459 2549 μαχομένων
490 2481 543 2534 δέ
574 2489 748 2550 σφεων
773 2484 850 2534 καὶ
911 2482 1147 2548 ινομένων
1179 2403 1831 2576 ῑσοπαλέωιῷτῶ

1505 2563 1519 2584 Ι

162 2564 222 2629 ἐξ
253 2566 443 2632 ἀνδρῶν
480 2505 1206 2657 ἑξακοσίωῇτρῷᾋργείων
1240 2567 1331 2631 μὲν
1363 2565 1620 2632 Ἀλκηνωρ
1655 2586 1710 2617 τε
1746 2565 1824 2616 καὶ

217 2716 242 2740 2
272 2702 536 2756 ἂποθορέντες
571 2705 610 2742 R
831 2718 856 2755 3
886 2703 1079 2758 Πέρσοισι
1116 2703 1207 2742 RV
1425 2714 1450 2751 5
1485 2706 1651 2755 Περσῶν
1687 2701 1824 2741 RSV

162 2758 189 2794 6
217 2760 430 2811 πολιορκίη
447 2788 456 2797 .
478 2789 487 2798 .
511 2790 519 2799 .
536 2761 612 2808 τὴν
632 2773 714 2799 om.
742 2760 781 2797 R
1003 2772 1024 2808 7
1055 2758 1301 2811 μακρότερον
1319 2757 1351 2796 S
1365 2756 1404 2794 V
1581 2758 1607 2794 8
1636 2757 1822 2809 πρότεροι

161 2810 318 2850 Abicht
496 2828 523 2863 9
552 2816 600 2854 τὸ
621 2814 895 2865 συλλέγεσθαι
918 2813 957 2851 R
973 2813 1002 2852 S
1017 2815 1054 2852 V
1234 2825 1282 2851 10
1313 2813 1390 2860 τὴν
1405 2841 1414 2850 .
1436 2840 1445 2850 .
1465 2841 1475 2850 .
1498 2811 1650 2862 ἔπεμπε
1671 2823 1752 2849 om.
1780 2811 1819 2848 R

166 2879 214 2916 13
244 2870 351 2907 τοῖσι
375 2867 476 2918 (om.
503 2869 543 2907 R
559 2869 656 2919 SV)
678 2875 826 2920 Σπαρτ.
854 2869 934 2907 del.
960 2869 1096 2908 Cobet
1190 2867 1280 2908 κατ’
1301 2879 1380 2905 om.
1403 2863 1454 2904 C1
1567 2867 1616 2904 16
1643 2864 1765 2916 μόρης
1785 2867 1819 2904 C

165 2933 212 2970 17
256 2927 430 2963 Μαλεῶν
461 2924 495 2962 L
726 2925 776 2961 18
818 2924 987 2973 Κυθαρῖη
1010 2922 1048 2961 R
1066 2921 1147 2961 SV
1382 2932 1431 2959 21
1472 2919 1649 2960 τουτέων
1685 2919 1821 2958 RSV

162 2989 215 3024 23
246 2980 299 3017 εἷς
321 2977 412 3014 RV
470 2992 473 2994 ·
526 2979 598 3027 '24
630 2977 883 3029 ἡσσημένους
901 2977 931 3016 S
1070 2989 1122 3026 27
1152 2975 1417 3017 ὑπελείποντο
1439 2974 1471 3013 C
1489 2973 1545 3015 P:
1577 2974 1820 3015 ὑπελίποντο

162 3030 253 3070 rell.

618 3089 627 3121 Ι

46 3086 359 3157 ισωποιλῖὗ
397 3083 624 3155 ἑςμιέθ·
717 3094 804 3137 ’ῙΜ

328 3158 360 3188 <⁷
380 3199 382 3201 ,
406 3161 627 3225 *⁹⁶8ssss
