2098 3320
97 104 183 154 IV.
204 115 274 167 59

250 676 274 706 2

198 1172 271 1221 60

0 1420 99 1472 ‘the
115 1451 121 1458 ·

248 1523 274 1555 2

0 1606 90 1641 aaa
110 1596 231 1643 ςωοις

206 1848 268 1897 61

932 104 1357 153 ΗΡΟΔΟΤΟΎ

314 235 496 301 νόμαια
527 237 651 287 κατὰ
674 234 793 288 τάδε
818 242 916 303 σφι
947 235 1198 289 διάκειται.
1275 236 1415 291 θεοὺς
1443 239 1536 303 μὲν
1566 237 1775 303 μούνους
1797 236 1978 292 τούσδε

315 319 627 380 ἱλάσκονται,
668 319 861 385 Ἱστίην
895 322 987 386 μὲν
1026 320 1265 386 μάλιστα,
1300 323 1381 374 ἐπὶ
1422 324 1475 374 δὲ
1515 323 1615 374 Δία
1647 343 1702 374 τε
1742 323 1822 374 καὶ
1858 325 1975 388 Γῆν,

315 404 596 469 νομίζοντες
619 404 710 470 τὴν
733 407 833 469 Γῆν
863 409 950 457 τοῦ
976 405 1098 460 Διὸς
1130 405 1258 458 εἶναι
1287 411 1509 473 γυναῖκα,
1541 408 1666 472 μετὰ
1695 409 1749 459 δὲ
1776 407 1978 462 τούτους

313 487 615 541 Ἀπόλλωνά
653 511 710 542 τε
746 490 825 542 καὶ
861 489 1093 557 οὐρανίην
1133 489 1437 558 Ἀφροδίτην
1479 491 1558 542 καῖ
1596 489 1854 558 Ἡρακλέα
1896 492 1974 544 καὶ

305 571 479 640 ”Αρεα.
555 574 757 628 τούτους
780 577 872 639 μὲν
895 573 1078 628 πάντες
1101 575 1285 626 Σκύθαι
1307 575 1612 640 νενομίκασι,
1635 577 1682 627 οἱ
1705 577 1759 627 δὲ
1781 572 1973 643 [καλεό-
1999 599 2022 641 5

311 655 472 724 μενοι]
501 657 768 724 βασιλήιοι
792 659 975 717 Σκύθαι
999 659 1079 710 καὶ
1103 660 1168 730 τῷ
1198 658 1506 711 Ποσειδέωνι
1529 656 1715 711 θύουσι.
1794 658 1974 725 ὀνομά-

315 743 479 805 ζονται
520 745 574 795 δὲ
621 743 856 795 Σκυθιστὶ
898 742 1056 809 Ἱστίη
1098 747 1189 809 μὲν
1227 744 1429 809 Ταβιτί,
1474 743 1598 797 Ζεὺς
1638 746 1691 796 δὲ
1732 744 1978 812 ὀρθότατα

313 827 435 878 κατὰ
467 826 668 893 γνώμην
697 849 757 894 γε
786 827 877 892 τὴν
909 827 1030 893 ἐμὴν
1062 828 1360 894 καλεόμενος
1384 832 1630 888 Παπαῖος,
1658 829 1726 892 Γῆ
1757 830 1811 881 δὲ
1839 826 1974 887 Ἀπί,

310 909 579 964 Ἀπόλλων
602 914 656 964 δὲ
679 912 995 979 Γοιτόσυρος,
1023 913 1225 979 οὐρανίη
1250 915 1303 965 δὲ
1332 911 1603 980 Ἀφροδίτη
1635 911 1972 980 Ἀργίμπασα,

310 994 604 1048 Ποσειδέων
634 998 687 1049 δὲ
713 995 1097 1064 Θαγιμασάδας.
1175 990 1443 1064 ἀγάλματα
1472 999 1525 1049 δὲ
1550 995 1634 1048 καὶ
1659 995 1863 1062 βωμοὺς
1895 997 1974 1049 καὶ
2002 1017 2051 1047 ιο

310 1073 456 1145 νηοὺς
485 1080 543 1131 οὐ
575 1080 831 1146 νομίζουσι
860 1080 1049 1134 ποιέειν
1072 1080 1206 1145 πλὴν
1229 1079 1388 1148 Ἀρεῖ·
1430 1078 1584 1150 τούτῳ
1615 1083 1668 1132 δὲ
1701 1081 1972 1146 νομίζουσι.

311 1166 456 1229 θυσίη
488 1167 541 1217 δὲ
569 1165 599 1230 ἡ
632 1164 752 1229 αὐτὴ
784 1168 910 1217 πᾶσι
942 1164 1214 1230 κατέστηκε
1244 1165 1356 1231 περὶ
1382 1164 1543 1217 πάντα
1572 1167 1633 1216 τὰ
1665 1166 1743 1231 ἱρὰ
1773 1165 1971 1230 ὁμοίως,

310 1248 547 1315 ἐρδομένη
595 1251 706 1302 ὧδε·
768 1249 826 1300 τὸ
870 1252 962 1315 μὲν
1011 1248 1169 1317 ἱρήιον
1216 1249 1335 1302 αὐτὸ
1381 1248 1813 1315 ἐμπεποδισμένον
1858 1248 1974 1303 τοὺς

310 1334 643 1400 ἐμπροσθίους
683 1324 838 1387 πόδᾶς
878 1334 1073 1399 ἕστηκε,
1114 1336 1141 1385 ὁ
1181 1336 1234 1386 δὲ
1270 1331 1398 1386 θύων
1436 1335 1628 1386 ὄπισθε
1650 1338 1736 1385 τοῦ
1772 1330 1972 1398 κτήνεος

309 1419 494 1472 ἑστεὼς
540 1417 745 1472 σπάσας
781 1418 873 1484 τὴν
917 1418 1079 1487 ἀρχὴν
1122 1423 1208 1470 τοῦ
1250 1419 1474 1491 στρρφου
1515 1417 1830 1484 καταβάλλει
1867 1438 1968 1482 μιν,
1999 1438 2046 1480 15

308 1503 577 1557 πίπτοντος
613 1505 667 1555 δὲ
699 1507 786 1554 τοῦ
824 1504 981 1570 ἱρηίου
1016 1502 1269 1555 ἐπικαλέει
1305 1503 1392 1554 τὸν
1431 1502 1545 1555 θεὸν
1574 1502 1640 1572 τῷ
1665 1499 1727 1554 ἂν
1766 1498 1856 1573 θύῃ
1893 1500 1972 1553 καὶ

256 1634 264 1643 .
306 1586 478 1639 ἔπειτα
522 1588 698 1657 βρόχῳ
743 1589 854 1654 περὶ
899 1584 968 1639 ὧν
1008 1586 1167 1653 ἔβαλε
1211 1586 1298 1639 τὸν
1343 1585 1545 1655 αὐχένα,
1598 1586 1872 1656 σκυταλίδα
1916 1582 1972 1637 δὲ
2045 1622 2052 1628 -

307 1671 549 1737 ἐμβαλὼν
579 1670 805 1738 περιάγει
839 1672 918 1723 καὶ
951 1672 1233 1739 ἀποπνίγει,
1268 1672 1379 1723 οὔτε
1415 1675 1508 1739 πῦρ
1541 1671 1828 1724 ἀνακαύσας
1858 1670 1971 1721 οὔτε

307 1754 675 1822 καταρξάμενος
706 1755 805 1807 οὔτ’
838 1757 1155 1810 ἐπισπείσας·
1202 1753 1479 1820 ἀποπνίξας
1512 1756 1565 1807 δὲ
1598 1754 1676 1806 καὶ
1708 1755 1971 1821 ἀποδείρας

306 1838 544 1907 τράπεται
588 1839 710 1907 πρὸς
755 1840 963 1908 ἕψησιν.
1050 1843 1138 1905 τῆς
1182 1842 1235 1892 δὲ
1278 1842 1370 1907 γῆς
1414 1842 1501 1904 τῆς
1544 1841 1784 1903 Σκυθικῆς
1823 1840 1972 1891 αἰνῶς
1998 1856 2048 1885 20

305 1922 489 1988 ἀξύλου
521 1924 701 1989 ἐούσης
723 1923 819 1976 ὧδέ
851 1930 948 1991 σφι
979 1927 1030 1979 ἐς
1059 1924 1149 1989 τὴν
1173 1925 1365 1992 ἕψησιν
1388 1928 1487 1975 τῶν
1512 1928 1665 1990 κρεῶν
1695 1920 1968 1990 ἐξεύρηται.

306 2010 459 2061 ε’πεᾶν
490 2009 793 2075 ἀποδείρωσι
822 2011 884 2060 τὰ
920 2008 1066 2077 ἱρήια,
1101 2013 1343 2076 γυμνοῦσι
1377 2010 1438 2059 τὰ
1470 2006 1625 2059 ὀστέα
1660 2012 1757 2060 τῶν
1799 2011 1968 2075 κρεῶν·

306 2092 479 2145 ἔπειτα
509 2095 562 2145 δὲ
593 2092 930 2158 ἐσβάλλουσι,
956 2089 1018 2157 ἢν
1047 2095 1139 2158 μὲν
1162 2093 1357 2161 τύχωσι
1388 2093 1604 2160 ἔχοντες,
1628 2088 1724 2157 (ἐς)
1749 2090 1971 2157 λέβητας

307 2177 618 2245 ἐπιχωρίους,
640 2176 862 2243 μάλιστα
872 2179 1149 2243 Λεσβίοισι
1171 2180 1408 2244 κρητῆρσι
1429 2175 1797 2243 προσεικέλους,
1819 2176 1970 2244 χωρὶς

306 2256 336 2325 ἢ
369 2261 444 2313 ὅτι
480 2266 655 2331 πολλῷ
695 2261 919 2327 μέζονας·
968 2263 1018 2315 ἐς
1048 2262 1249 2315 τούτους
1287 2260 1598 2326 ἐσβαλόντες
1630 2260 1816 2327 ἕψουσι
1848 2260 1966 2312 ὑπο·
1996 2275 2044 2316 25

366 2411 384 2437 1
418 2396 620 2440 διακέεται
642 2397 675 2436 C
691 2398 724 2437 P
739 2398 775 2436 R
792 2398 822 2438 S
836 2399 874 2437 V
984 2398 1077 2449 μὲν]
1100 2397 1144 2439 δὲ
1165 2397 1252 2437 ΑΒ
1266 2397 1300 2436 C
1440 2411 1464 2436 2
1494 2396 1643 2446 ἡλάσκ.
1669 2396 1709 2435 R
1819 2413 1866 2438 τε
1887 2410 1970 2438 om.

306 2452 347 2492 A
361 2452 396 2491 B
413 2452 446 2491 C
461 2453 494 2492 P
640 2467 666 2502 4
688 2453 814 2506 Ἀρεα
833 2454 897 2494 καὶ
919 2454 1003 2507 Ἤρ.
1029 2454 1069 2492 R
1084 2452 1114 2492 S
1127 2453 1165 2491 V
1312 2464 1336 2501 5
1366 2451 1463 2506 ἀέρα
1483 2453 1517 2490 C
1627 2450 1864 2503 καλεόμενοι
1884 2465 1966 2492 om.

307 2507 349 2546 A
362 2507 398 2545 B
411 2507 445 2546 C
583 2509 611 2547 6
639 2506 761 2549 -δέονι
786 2508 825 2546 R
838 2508 876 2546 V
987 2506 1248 2558 οὐνομάζεται
1268 2506 1309 2544 Α
1323 2506 1357 2545 Β
1371 2507 1404 2545 C
1551 2508 1578 2545 8
1606 2523 1656 2559 ’γε
1676 2519 1758 2546 om.
1787 2505 1820 2544 P
1835 2506 1874 2545 R
1890 2506 1920 2545 S
1932 2505 1970 2544 V

308 2562 427 2603 Ἀπία
446 2561 533 2600 ΑΒ
548 2562 581 2600 C
719 2576 747 2613 9
777 2561 1014 2616 Γοιτόσυρος
1036 2562 1229 2611 Hesych.
1255 2574 1288 2603 S.
1304 2575 1343 2599 v.
1364 2576 1374 2600 z
1404 2560 1624 2614 Οἶτόσυρος
1646 2561 1678 2599 L
1780 2561 1968 2614 Ἀργίμπ.

310 2616 343 2655 Ρ
359 2616 398 2654 R
421 2617 541 2667 Orig.
565 2630 599 2656 e.
627 2617 674 2657 C.
696 2617 752 2657 vi.
782 2630 863 2667 39:
892 2617 1078 2670 Ἀρτίμπ.
1103 2617 1210 2656 SV:
1240 2615 1398 2670 Ἀρίππ.
1423 2615 1511 2654 ΑΒ
1527 2615 1560 2653 C
1715 2628 1764 2654 10
1792 2621 1970 2666 Θαγιμα-

311 2671 601 2722 σάδαᾈΟτίςω
648 2671 864 2724 Θαγιμασοί
902 2672 938 2710 Ρ
960 2672 1000 2711 R
1023 2672 1054 2711 S
1075 2671 1136 2711 V:
1180 2670 1466 2722 Θαμιμασάδας
1504 2669 1595 2709 ΑΒ
1613 2669 1660 2720 C,
1702 2681 1809 2710 corr.
1846 2669 1969 2708 Stein

314 2738 360 2764 11
408 2729 453 2767 οὗ
493 2725 602 2778 νομ.]
645 2725 906 2778 οὐνομάζουσι
946 2726 980 2764 C
1138 2726 1255 2779 '‘Apm
1295 2726 1328 2764 L
1552 2738 1602 2763 12
1640 2727 1752 2765 πᾶσα
1790 2723 1874 2763 PR
1889 2723 1971 2763 SV

315 2782 365 2819 16
396 2781 624 2822 ἐπικαλέειν
646 2780 679 2819 C
848 2782 897 2819 18
926 2782 992 2822 καὶ
1013 2781 1225 2833 ἀποπνίγει
1250 2793 1331 2819 om.
1358 2779 1493 2819 RSV
1605 2791 1653 2828 19
1682 2778 1970 2832 κατευξάμενος

314 2834 348 2873 Ρ
362 2835 400 2873 R
415 2836 445 2875 S
458 2835 495 2873 V
687 2848 738 2874 22
769 2837 929 2876 ἐπειδὰν
948 2835 989 2874 Α
1003 2835 1038 2874 Β
1053 2836 1087 2874 C
1288 2847 1341 2884 23
1371 2834 1414 2875 δὲ
1434 2847 1516 2875 om.
1537 2833 1578 2873 A
1591 2834 1625 2873 Β
1641 2834 1674 2872 C
1811 2836 1852 2875 ἐς
1871 2833 1967 2872 add.

314 2889 420 2929 Reiz
623 2903 675 2939 24
705 2895 800 2937 Λεβ.
825 2890 864 2928 Α
878 2890 912 2928 Β
933 2904 942 2929 :
972 2895 1127 2942 χλεσβ.
1151 2888 1242 2928 RV
1377 2904 1556 2942 προσεικ.
1578 2918 1587 2928 .
1605 2918 1615 2928 .
1638 2918 1646 2926 .
1665 2886 1805 2939 ἕψουσι
1824 2900 1907 2928 om.
1933 2887 1967 2926 C

311 2957 363 2993 25
392 2943 574 2995 μείζονας
591 2943 722 2983 ABV
835 2945 1087 2992 ἐσβαλόντες
1102 2945 1261 2983 Cobet:
1293 2943 1572 2991 ἐσβάλλοντες
1584 2941 1668 2981 ΑΒ
1683 2943 1738 2983 P:
1768 2941 1967 2990 βαλόντες

314 2998 353 3037 R
369 3013 377 3038 :
410 3005 640 3046 βαλλοντες
661 2999 691 3039 S
706 3000 743 3038 V
854 3000 1090 3040 ὑποκέοντες
1117 2998 1153 3037 A
1168 2999 1207 3037 R
1222 2998 1265 3038 S¹
1281 2999 1319 3037 V
