2098 3320
743 128 1117 207 ΙΣΤΟΡΙΩΝ
1196 160 1233 206 Γ

240 290 330 343 Ἐν
351 287 387 360 ᾧ
409 292 460 341 δὲ
485 289 618 341 οὗτοι
642 293 793 341 ταῦτα
819 290 1169 354 ἐβουλεύοντο,
1195 291 1388 357 ἐγίνετο
1412 291 1532 341 κατὰ
1559 288 1829 357 συντυχίην

154 375 288 428 τάδε.
351 379 486 426 τοῖσι
507 373 715 441 μάγοισι
736 372 876 438 ἔδοξε
895 374 1315 440 βουλευομένοισι
1337 372 1652 441 Πρηξάσπεα
1673 374 1829 441 φίλοι*

155 458 483 526 προσθέσθαι,
510 460 588 510 ὅτι
610 479 662 510 τε
688 458 958 510 ἐπεπόνθεε
989 458 1112 526 πρὸς
1135 460 1425 525 Καμβύσεω
1451 457 1679 526 ἀνάρσια,
1706 459 1760 511 ὅς
1784 461 1828 510 οἱ

155 544 243 596 τὸν
274 547 424 596 παῖδα
453 540 694 606 τοξεύσας
731 541 1069 602 ἀπολωλέκεε,
1105 544 1183 595 καὶ
1214 544 1338 595 διότι
1371 548 1550 609 μοῦνος
1580 543 1829 608 ἠπίστατο

108 652 130 692 5
156 628 242 681 τὸν
272 627 511 695 Σμέρδιος
546 631 631 679 τοῦ
663 627 825 694 Κύρου
866 627 1080 680 θάνατον
1118 628 1400 700 αὐτοχειρίῃ
1439 649 1522 694 μιν
1553 627 1828 687 ἀπολέσας,

327 711 364 731 κ’

1868 160 1958 212 ΙΙΙ.
1989 172 2045 223 74

1868 305 1931 355 74

157 713 278 781 πρὸς
323 726 348 764 ο
409 712 480 764 ἔτι
528 712 674 763 ἐόντα
723 714 776 764 ἐν
825 714 937 784 αζνῃ
985 715 1200 785 μεγίστῃ
1245 709 1351 779 [τὸν
1400 709 1732 780 Πρηξάσπεα]
1776 713 1831 765 ἐν
1848 699 2098 788 wake-G

159 796 406 869 Πέρσῃσι.
496 796 683 848 τούτων
720 795 777 861 δή
807 819 892 862 μιν
927 798 1112 850 εἵνεκεν
1144 796 1459 857 καλέσαντες,
1483 799 1637 864 φίλον
1667 818 1826 864 προσ·
1865 819 1891 850 2

158 886 368 934 εκτῶντο
403 882 546 934 πίστι
581 902 636 933 τε
672 882 921 946 λαβόντες
964 883 1043 934 καὶ
1084 883 1312 949 ὁρκίοισι,
1348 881 1378 946 ἦ
1412 884 1504 947 μὲν
1545 880 1675 947 ἕξειν
1715 881 1832 948 παρ’
1900 902 1904 906 ’

159 965 453 1035 ἑωυτῷ,μηδ’
476 963 692 1030 ἐξοίσειν
716 966 891 1031 μηδενὶ
915 967 1187 1033 ἀνθρώπων
1206 966 1296 1031 τὴν
1315 966 1414 1019 ἀπὸ
1439 965 1615 1033 σφέων
1635 964 1832 1031 ἀπάτην
1882 1027 1917 1041 r,

86 1074 134 1103 10
159 1053 209 1104 ἐς
256 1049 459 1117 Πέρσας
509 1055 788 1117 γεγονυῖαν,
836 1051 1222 1119 ὑπισχνεύμενοι
1272 1053 1333 1103 τὰ
1382 1050 1544 1103 πάντα
1573 1053 1654 1121 ,οῆῖη
1680 1053 1833 1118 μυρία

160 1219 225 1273 ὡς
260 1217 533 1271 ἀνέπεισάν
563 1240 648 1284 μιν
680 1221 726 1272 οἱ
763 1218 929 1287 μάγοι,
965 1220 1167 1287 δεύτερα
1199 1219 1533 1288 προσέφερον,
1566 1219 1705 1271 αὐτοὶ
1740 1222 1834 1285 μὲν

160 1302 375 1372 φάμενοι
398 1302 603 1371 Πέρσας
622 1302 810 1358 πάντας
836 1303 1133 1371 συγκαλέειν
1155 1298 1328 1357 ὑπὸ-τὸ
1350 1303 1627 1370 βασιλήιον
1646 1309 1830 1372 τεῖχος,

161 1393 320 1440 κεῖνον
350 1388 393 1439 δ’
426 1386 657 1440 ἐκέλευον
688 1387 948 1454 ἀναβάντα
984 1390 1067 1441 ἐπὶ
1105 1389 1294 1456 πύργον
1325 1390 1596 1456 ἀγορεῦσαι
1633 1389 1698 1442 ὡς
1735 1387 1832 1441 ὑπὸ

85 1495 133 1538 15
159 1478 245 1525 τοῦ
269 1473 430 1539 Κύρου
456 1471 695 1539 Σμέρδιος
726 1471 965 1541 ἄρχονται
990 1473 1068 1524 καὶ
1101 1473 1181 1526 ὑπ’
1207 1473 1406 1527 οὐδενὸς
1435 1473 1610 1525 ἄλλου.
1679 1477 1832 1525 ταῦτα

159 1560 214 1610 δὲ
251 1558 376 1608 οὕτω
416 1556 739 1609 ἐνετέλλοντο
777 1557 843 1612 ὡς
873 1557 1176 1610 πιστοτάτου
1213 1560 1360 1623 δῆθεν
1391 1558 1560 1612 ἐόντος
1594 1557 1742 1610 αὐτοῦ
1777 1559 1831 1610 ἐν

160 1640 410 1714 Πέρσῃσι,
456 1643 536 1694 καὶ
583 1640 828 1696 πολλάκις
874 1640 1240 1708 ἀποδεξαμένου
1284 1643 1486 1710 γνώμην
1530 1642 1596 1696 ὡς
1639 1644 1830 1709 περιείη

148 1727 188 1794 ,ὁ
239 1727 400 1793 Κύρου
455 1725 678 1793 Σμέρδις,
731 1728 810 1779 καὶ
863 1725 1266 1794 ἐξαρνησαμένου
1318 1726 1405 1779 τὸν
1458 1728 1616 1794 φόνον
1665 1727 1829 1779 αὐτοῦ.

161 1810 385 1878 φαμένου
416 1813 468 1863 δὲ
499 1812 579 1863 καὶ
611 1816 764 1863 ταῦτα
793 1812 987 1876 ἑτοίμου
1020 1811 1146 1863 εἶναι
1176 1810 1363 1863 ποιέειν
1387 1815 1473 1889 roff)
1499 1810 1833 1878 Πρηξάσπεος

86 1914 137 1944 20
162 1895 566 1963 συγκαλέσαντες
619 1895 825 1963 Πέρσας
877 1898 922 1947 οἱ
972 1895 1126 1963 μάγοι
1178 1897 1503 1961 ἀνεβίβασαν
1553 1895 1701 1949 αὐτὸν
1753 1895 1833 1948 ἐπὶ

159 1980 349 2048 πύργον
385 1980 464 2032 καὶ
501 1980 756 2049 ἀγορεύειν
794 1980 1040 2032 ἐκέλευον.
1130 1981 1157 2031 ὁ
1198 1983 1252 2032 δὲ
1292 1985 1392 2032 τῶν
1430 1983 1521 2046 μὲν
1558 1980 1615 2045 δὴ
1655 1982 1834 2043 ἐκεῖνοι

160 2063 492 2132 προσεδέοντο
528 2065 690 2125 αὐτοῦ,
723 2066 909 2117 τούτων
942 2067 1034 2131 μὲν
1073 2065 1196 2117 ἑκὼν
1235 2064 1524 2131 ἐπελήθετο,
1559 2064 1834 2131 ἀρξάμενος

161 2151 214 2201 δὲ
254 2149 336 2202 ἀπ’
373 2149 700 2218 Ἀχαιμένεος
743 2150 1114 2217 ἐγενεηλόγησε
1153 2148 1243 2213 τὴν
1280 2148 1490 2216 πατριὴν
1525 2148 1615 2213 τὴν
1652 2149 1831 2214 Κύρου,

159 2235 283 2298 μετὰ
323 2236 375 2286 δὲ
417 2234 481 2288 ὣς
519 2236 570 2289 ἐς
605 2239 779 2286 τοῦτον
820 2233 1023 2300 κατέβη,
1065 2238 1311 2286 τελευτῶν
1348 2233 1491 2301 ἔλεγε
1533 2235 1631 2285 ὅσα
1670 2234 1835 2300 ἀγαθὰ

86 2335 136 2377 25
164 2321 324 2385 Κῦρος
356 2317 562 2387 Πέρσας
591 2317 870 2384 πεποιήκοι,
906 2317 1172 2383 διεξελθὼν
1204 2320 1256 2370 δὲ
1288 2322 1442 2370 ταῦτα
1478 2314 1711 2386 ἐξέφαινε
1742 2316 1833 2382 τὴν

163 2403 415 2469 ἀληθείην,
454 2402 676 2470 φάμενος
713 2404 953 2471 πρότερον
990 2406 1080 2468 μὲν
1121 2403 1350 2469 κρύπτειν
1379 2401 1454 2467 (οὗ
1490 2401 1585 2471 γάρ
1621 2405 1668 2454 οἱ
1706 2402 1834 2454 εἶναι

162 2487 395 2554 ἀσφαλὲς
424 2487 593 2555 λέγειν
624 2489 684 2539 τὰ
716 2485 990 2555 γενόμενα),
1026 2489 1078 2539 ἐν
1109 2490 1161 2539 δὲ
1194 2492 1262 2558 τῷ
1292 2488 1524 2553 παρεόντι
1561 2487 1833 2555 ἀναγκαίην

217 2639 242 2676 4
272 2627 335 2667 ὅτι
359 2626 398 2665 R
413 2626 495 2665 SV
604 2625 830 2674 ἠέπίστατο
853 2625 943 2664 RV
962 2639 971 2665 :
1003 2627 1066 2666 ἐπ.
1092 2623 1143 2663 C¹
1256 2637 1282 2672 5
1313 2624 1406 2676 τοῦ]
1427 2626 1499 2666 τὸν
1521 2624 1554 2663 C
1665 2625 1692 2663 6
1722 2623 1832 2672 αἰτίη

164 2680 204 2719 R
221 2681 251 2720 S
263 2681 301 2719 V
408 2682 482 2722 τὸν
503 2688 551 2722 Π.
572 2680 652 2719 del.
673 2680 944 2731 Herwetde11
1055 2680 1082 2718 8
1102 2680 1240 2721 πίστις
1255 2679 1296 2718 Α
1310 2679 1344 2718 Β
1362 2680 1395 2718 C
1414 2694 1422 2718 :
1448 2680 1585 2719 πίστει
1604 2678 1637 2717 Ρ
1650 2679 1690 2718 R
1706 2678 1736 2717 S
1752 2677 1831 2730 [V]

163 2734 207 2777 δὲ
231 2735 264 2774 C
402 2737 483 2787 μὴν
513 2735 552 2774 R
567 2735 648 2774 SV
846 2748 896 2774 10
925 2733 1237 2787 ὑπισχνούμενοι
1260 2734 1372 2774 AB:
1404 2734 1670 2786 ὑπισχόμενοι
1698 2733 1736 2771 R
1752 2733 1833 2771 SV

166 2803 183 2829 1
195 2803 211 2828 1
246 2789 526 2842 ὑποσχομένου
547 2789 588 2829 Α
601 2789 636 2828 Β
650 2790 683 2829 C
699 2790 732 2828 Ρ
855 2792 928 2830 τοῦ
948 2802 1031 2830 om.
1055 2789 1085 2828 S
1099 2789 1138 2828 V
1319 2801 1367 2838 13
1399 2788 1675 2841 συγκαλέσειν
1698 2788 1736 2826 R
1752 2787 1782 2826 S
1795 2787 1833 2826 V

167 2856 215 2894 14
236 2845 269 2886 δ’
285 2846 348 2886 ἐπὶ
362 2845 396 2883 C
511 2857 558 2894 17
580 2846 645 2886 καὶ
662 2852 785 2885 πολλ.
805 2861 853 2885 τε
870 2844 910 2883 R
926 2843 955 2883 S
969 2844 1007 2884 V
1118 2845 1252 2896 ὥσπερ
1271 2847 1330 2894 εἴη
1349 2843 1389 2882 R
1405 2843 1435 2883 S
1447 2844 1487 2883 V
1597 2855 1645 2882 21
1669 2844 1834 2895 ἆναγορ.

165 2899 246 2939 SV
357 2902 394 2941 οἱ
413 2899 447 2938 C
560 2899 635 2944 μὲν
656 2901 705 2949 δὴ
728 2899 924 2939 Bekker:
955 2898 1030 2950 μέν
1050 2917 1089 2941 τι
1111 2898 1199 2937 ΑΒ
1218 2899 1281 2939 R:
1310 2897 1449 2950 μέντοι
1471 2898 1562 2939 rell.
1677 2909 1729 2947 23
1759 2897 1830 2935 alt.

161 2953 352 3047 ἷὶὴιὲΙῦοῦ
375 2954 460 2994 PR
476 2953 560 2994 SV
697 2966 750 3005 25
780 2953 916 3008 Πέρση
941 2954 975 2994 C
1114 2956 1168 2993 26
1197 2953 1362 3008 κρύπτει
1386 2953 1419 2993 C
1551 2966 1601 3004 27
1634 2951 1834 3006 ἀναγκαίη

159 1134 356 1186 δώσειν.
440 1133 806 1200 ὑποδεκομένου
836 1137 889 1187 δὲ
919 1139 1004 1186 τοῦ
1037 1134 1370 1202 Πρηξάσπεος
1400 1134 1632 1200 ποιήσειν
1662 1139 1830 1194 ταῦτα,
1870 1156 1895 1200 3

1869 1821 1937 1875 75
