2098 3320
94 110 159 160 II.
189 123 259 171 93

128 745 255 801 '94

919 107 1348 157 ΗΡΟΔΟΤΟΤ

299 237 582 291 κατανοέειν
630 244 792 291 τοῦτο·
855 244 940 291 τοῦ
988 237 1226 306 προτέρου
1272 238 1408 291 ἔτεος
1461 237 1611 288 ἐπεὰν
1659 235 1881 307 ἀπολίπῃ
1930 235 1958 286 ὃ

297 327 497 382 Νεῖλος,
524 325 570 375 οἱ
602 324 770 392 ἰχθύες
802 324 1084 376 ἐντεκόντες
1108 323 1175 392 ᾠὰ
1204 324 1256 375 ἐς
1277 322 1366 386 τὴν
1399 321 1509 373 ἰλὺν
1533 319 1634 386 ἅμα
1664 324 1731 389 τῷ
1755 318 1956 389 ἐσχάτῳ

294 408 434 459 ὕδατι
474 407 915 460 ἀπαλλάσσονται·
971 409 1121 459 ἐπεὰν
1162 408 1216 458 δὲ
1256 406 1604 472 περιελθόντος
1643 408 1730 455 τοῦ
1774 404 1958 471 χρόνου

295 491 447 543 πάλιν
496 489 685 563 ἐπέλθῃ
731 492 789 543 τὸ
835 493 980 558 ὕδωρ,
1029 493 1084 542 ἐκ
1134 495 1233 542 τῶν
1285 489 1392 560 ᾠῶν
1443 488 1630 540 τούτων
1682 488 1958 554 παραυτίκα

295 577 518 642 γίνονται
568 576 636 628 οἷ’
666 575 834 644 ἰχθύες
886 571 1070 642 [οὗτοι]
1179 575 1256 626 καὶ
1315 573 1426 641 περὶ
1477 575 1569 638 μὲν
1618 571 1730 625 τοὺς
1783 571 1957 640 ἰχθύας
1981 589 2004 632 5

295 661 448 713 οὕτως
484 661 607 728 ἔχει.

377 744 646 812 Ἀλείφατι
705 747 757 796 δὲ
815 742 1062 812 χρέωνται
1120 743 1406 810 Αἰγυπτίων
1463 743 1510 793 οἱ
1563 742 1674 808 περὶ
1726 741 1787 791 τὰ
1839 739 1957 792 ἕλεα

0 837 124 886 πόα,
140 826 540 896 Μοίκέοντες
585 828 683 881 ἀπὸ
726 833 824 882 τῶν
870 828 1232 895 σιλλικυπρίων
1274 831 1360 879 τοῦ
1400 830 1601 893 καρποῦ,
1648 824 1703 876 τὸ
1749 829 1957 876 καλεῦσι

292 915 383 977 μὲν
423 914 684 980 Αἰγύπτιοι
727 914 838 972 κίκι,
876 918 1076 966 ποιεῦσι
1116 915 1169 965 δὲ
1210 914 1321 964 ὧδε·
1367 913 1499 977 παρὰ
1540 911 1602 961 τὰ
1640 910 1819 977 χείλεα
1856 913 1955 960 τῶν

292 1019 346 1048 τε
394 1003 627 1063 ποταμῶν
677 998 755 1049 καὶ
804 1003 901 1050 τῶν
948 995 1166 1063 λιμνέων
1215 997 1479 1062 σπείρουσι
1522 995 1584 1045 τὰ
1631 992 1955 1059 σιλλικύπρια
1984 1016 2033 1044 10

292 1086 459 1141 ταῦτα,
494 1085 555 1134 τὰ
597 1083 651 1134 ἐν
682 1081 913 1147 “Έλλησι
953 1082 1206 1147 αὐτόματα
1243 1076 1426 1148 [ἄγρια]
1468 1079 1662 1146 φύεται·
1708 1082 1861 1128 ταῦτα
1899 1079 1955 1128 ἐν
2030 1097 2098 1142 *y

292 1187 352 1238 τη
382 1166 614 1237 Αἰγύπτῳ
642 1168 946 1234 σπειρόμενα
977 1165 1164 1232 καρπὸν
1196 1163 1339 1232 φέρει
1369 1163 1562 1216 πολλὸν
1591 1183 1699 1228 μεν,
1732 1161 1956 1213 δυσώδεα

293 1247 365 1302 δέ·
409 1255 582 1303 τοῦτον
618 1253 771 1303 ἐπεὰν
808 1248 1168 1315 συλλέξωνται,
1201 1272 1249 1302 οι
1283 1251 1373 1314 μὲν
1412 1249 1656 1314 κόψαντες
1693 1246 2098 1337 ἀπιποῦσιρειμω

293 1357 338 1386 οι
375 1338 429 1387 δε
469 1335 546 1387 καὶ
584 1333 860 1402 φρύξαντες
901 1332 1161 1402 ἀπεψουσι
1203 1333 1281 1385 καὶ
1317 1332 1375 1384 τὸ
1414 1328 1658 1398 ἀπορρεον
1693 1329 1777 1381 ἀπ’
1809 1328 1955 1382 αὐτοῦ

293 1420 688 1486 συγκομίζονται.
779 1420 891 1471 ἔστι
919 1421 994 1472 δε
1009 1425 1126 1471 πῖον
1167 1418 1247 1470 καὶ
1286 1417 1427 1469 οὐδεν
1463 1415 1628 1480 ἧσσον
1663 1419 1749 1466 τοῦ
1781 1414 1955 1489 ἐλαίου
1978 1434 2026 1476 15

267 1503 356 1573 ’τῷ
398 1504 567 1573 λύχνῳ
613 1501 878 1572 προσηνές,
927 1503 1083 1568 ὀδμὴν
1125 1505 1179 1555 δὲ
1219 1499 1410 1569 βαρέαν
1453 1496 1741 1568 παρέχεται.
1830 1496 1952 1564 πρὸς

291 1590 344 1639 δὲ
389 1587 502 1641 τοὺς
550 1588 786 1659 κών-ωπας
831 1589 1083 1655 ἀφθόνους
1126 1587 1299 1639 ἐόντας
1339 1584 1455 1637 τάδε
1501 1585 1602 1651 σφί
1642 1585 1750 1635 ἐστι
1793 1603 1948 1647 μεμη-

289 1669 562 1741 χανημένα.
635 1673 751 1727 τοὺς
773 1675 865 1738 μὲν
888 1674 949 1723 τὰ
978 1671 1080 1724 ἄνω
1103 1676 1200 1722 τῶν
1226 1667 1383 1722 ἑλέων
1414 1665 1667 1721 οἰκέοντας
1695 1669 1742 1719 οἱ
1773 1666 1950 1733 πύργοι

291 1754 591 1823 ὠφελέουσι,
615 1759 665 1810 ἐς
687 1756 801 1810 τοὺς
825 1757 1186 1823 ἀναβαίνοντες
1213 1759 1493 1820 κοιμῶνται·
1532 1755 1577 1804 οἱ
1601 1754 1696 1819 γὰρ
1721 1751 1950 1803 κώνωπες

289 1840 384 1893 ὑπὸ
424 1846 523 1893 τῶν
567 1838 763 1906 ἀνέμων
800 1841 885 1892 οὐκ
925 1842 1024 1892 οἶοί
1060 1839 1116 1892 τέ
1156 1841 1257 1891 εἰσι
1295 1840 1429 1906 ὑψοῦ
1474 1833 1729 1889 πέτεσθαι.
1816 1839 1950 1886 τοῖσι
1975 1853 2027 1882 20

289 1927 343 1977 δὲ
391 1927 502 1992 περὶ
547 1928 609 1977 τὰ
658 1926 777 1978 ἕλεα
824 1922 1045 1977 οἰκέουσι
1092 1923 1222 1991 τόιδεῚ
1258 1924 1369 1976 ἀντὶ
1415 1926 1513 1974 τῶν
1564 1919 1764 1987 πύργων
1816 1918 1950 1971 ἄλλα

287 2009 648 2079 μεμηχάνηται·
694 2013 790 2064 πᾶς
828 2009 950 2076 ἀνὴρ
992 2009 1153 2061 αὐτῶν
1197 2009 1589 2075 ἀμφίβληστρον
1630 2005 1842 2069 ἔκτηται,
1879 2008 1946 2073 τῷ

287 2097 374 2158 τῆς
420 2097 512 2159 μὲν
557 2092 742 2161 ἡμέρης
790 2096 931 2162 ἰχθῦς
971 2094 1184 2161 ἀγρεύει,
1229 2092 1319 2157 τὴν
1363 2094 1418 2143 δὲ
1464 2091 1616 2142 νύκτα
1653 2087 1770 2140 τάδε
1816 2087 1946 2155 αὐτῷ

286 2183 484 2245 χρᾶται·
548 2180 600 2230 ἐν
636 2180 693 2250 τῇ
737 2179 1041 2230 ἀναπαύεται
1089 2178 1243 2250 κοίτῃ,
1290 2176 1402 2242 περὶ
1445 2173 1626 2238 ταύτην
1669 2174 1843 2236 ἵστησι
1889 2170 1947 2221 τὸ

287 2263 683 2329 ἀμφίβληστρον
716 2264 794 2314 καὶ
835 2261 1007 2314 ἔπειτα
1046 2261 1186 2314 ἐνδὺς
1223 2260 1305 2312 ὑπ’
1336 2258 1454 2311 αὐτὸ
1491 2257 1726 2309 κατεύδει.
1816 2257 1862 2307 οἱ
1893 2256 1946 2306 δὲ
1973 2272 2021 2313 25

286 2339 531 2405 κώνωπες,
558 2342 618 2410 ἢν
641 2344 745 2412 μὲν
762 2348 816 2398 ἐν
842 2347 1014 2414 ἱματίῳ
1039 2342 1407 2409 ἐνειλιξάμενος
1431 2343 1546 2413 εὕδῃ
1577 2337 1607 2404 ἢ
1633 2340 1841 2396 σινδόνι,
1865 2340 1946 2390 διὰ

284 2430 472 2482 τούτων
503 2429 758 2483 δάκνουσι·
796 2432 875 2482 διὰ
907 2433 960 2482 δὲ
989 2434 1076 2481 τοῦ
1106 2429 1300 2480 δικτύου
1331 2427 1443 2478 οὐδὲ
1474 2430 1737 2492 πειρῶνται
1767 2420 1941 2491 ἀρχήν.

345 2582 361 2607 1
395 2571 606 2610 κατανοεῖν
629 2569 661 2607 P
677 2569 716 2607 R
735 2569 764 2608 S
782 2569 820 2607 V
967 2581 991 2606 2
1023 2568 1132 2621 ἰλὺν]
1156 2567 1311 2619 λύμνην
1333 2567 1371 2605 R
1393 2581 1401 2605 :
1431 2567 1535 2614 ὕλην
1555 2564 1586 2604 S
1602 2564 1641 2602 V
1777 2574 1802 2612 5
1833 2560 1944 2603 οὗτοι

283 2637 363 2663 om.
389 2624 430 2662 A
445 2624 479 2662 Β
496 2625 529 2662 C
696 2625 808 2675 ἰχθῦς
826 2622 866 2661 Α
880 2623 915 2661 Β
935 2623 968 2661 C
1176 2636 1197 2672 7
1228 2621 1440 2674 Αἰγύπτιοι
1463 2620 1502 2657 R
1520 2619 1550 2657 S
1565 2619 1605 2657 V
1688 2639 1690 2641 ·
1794 2629 1822 2667 9
1849 2617 1943 2666 τήκι

283 2678 323 2717 Α
341 2679 374 2717 Β
395 2679 427 2717 C
444 2678 494 2716 Ρ0
632 2679 685 2719 τὰ
704 2690 786 2718 om.
811 2677 850 2715 A
865 2678 899 2716 B
917 2678 950 2716 C
1172 2690 1216 2716 11
1250 2677 1303 2717 τὰ
1321 2676 1400 2728 ’γὰρ
1421 2678 1464 2715 ἐν
1485 2674 1518 2712 C
1537 2674 1569 2712 P
1718 2673 1837 2725 ἄγρια
1858 2670 1942 2712 del.

282 2733 552 2772 Valckenaer
708 2745 757 2782 13
786 2732 941 2773 τούτων
963 2733 1001 2771 R
1021 2733 1050 2771 S
1067 2732 1105 2770 V
1217 2733 1429 2772 ἆπειποῦσι
1449 2728 1489 2767 Α
1506 2729 1540 2767 Β
1559 2728 1592 2766 C
1611 2728 1644 2767 P
1797 2739 1844 2776 14
1875 2727 1941 2766 ἀπ’

282 2801 363 2828 Om.
388 2789 421 2827 P
439 2788 477 2825 R
496 2788 525 2825 S
544 2789 580 2825 V
776 2800 823 2837 15
855 2786 1168 2839 συγκομίζουσιν
1188 2787 1228 2825 R
1247 2786 1277 2824 S
1293 2786 1332 2823 V
1538 2784 1587 2820 16
1615 2785 1780 2834 βαρεῖαν
1798 2780 1839 2819 Α
1853 2780 1888 2819 Β
1906 2780 1940 2818 C

288 2844 335 2880 18
363 2844 436 2894 vde]
460 2844 508 2883 τὸ
531 2844 584 2882 S:
616 2847 672 2882 τῶ
693 2843 730 2879 V
900 2854 949 2891 19
978 2842 1208 2893 ὠφελοῦσιν
1229 2841 1268 2879 R
1381 2839 1446 2880 οὓς
1468 2839 1501 2877 L
1666 2850 1718 2876 22
1748 2834 1940 2884 κέκτηται

282 2896 321 2935 Α
340 2898 373 2936 Β
393 2898 426 2935 C
552 2901 599 2937 τὸ
621 2897 659 2935 R
679 2898 707 2935 S
723 2897 759 2934 V
952 2910 1004 2945 23
1033 2895 1130 2936 τάδε
1151 2909 1232 2934 om.
1259 2895 1291 2932 P
1306 2894 1343 2932 R
1361 2894 1399 2932 V
1583 2905 1634 2942 25
1666 2891 1783 2933 ἐσδὺς
1804 2889 1938 2928 Cobet

283 2951 462 2992 καθεύδει
486 2951 519 2990 L
680 2954 732 2990 26
764 2953 905 3003 ἐνελιξ.
927 2950 966 2988 Α
984 2951 1018 2988 Β
1037 2950 1070 2988 C
1090 2965 1098 2989 z
1129 2953 1241 3001 εἱλιξ.
1268 2949 1298 2988 S
1319 2964 1328 2988 2
1359 2953 1456 3000 ελιξ.
1481 2948 1513 2986 Ρ
1528 2947 1566 2985 R
1580 2947 1619 2986 V
1730 2946 1832 2986 εὕδει
1854 2944 1887 2982 C
1901 2942 1939 2982 V

283 3020 333 3056 27
364 3007 547 3047 δεικτύου
569 3006 603 3045 Β
