2098 3320
103 69 188 119 IV.
218 33 308 131 {33

283 222 308 253 2

214 978 303 1027 134

965 69 1398 118 ΗΡΟΔΟΤΟΎ

349 200 413 253 ὡς
452 200 655 252 ἀπίκετο
697 200 777 252 ἐπὶ
817 199 908 264 τὴν
947 199 1187 268 γέφυραν,
1225 200 1373 268 ἔλεγε
1410 200 1543 253 τάδε·
1584 200 1793 268 Ἄνδρες
1818 200 2007 262 Ἴωνες,

349 286 631 350 ἐλευθερίην
687 286 801 349 ὑμῖν
859 285 1042 349 ἥκομεν
1101 284 1355 352 φέροντες,
1416 284 1479 349 ἥν
1536 284 1627 352 πέρ
1684 307 1744 352 γε
1803 286 2010 352 ἐθέλητε

348 369 623 421 ἐσακούειν.
713 370 1060 434 πυνθανόμεθα
1111 371 1206 436 γὰρ
1260 374 1473 436 Δαρεῖον
1524 372 1847 423 ἐντείλασθαι
1895 373 2009 437 ὑμῖν

346 451 587 518 ἑξήκοντα
619 452 805 524 ἡμέρας
840 454 1024 519 μούνας
1054 452 1434 521 φρουρήσαντας
1468 453 1559 518 τὴν
1588 453 1828 522 γέφυραν,
1861 456 2010 508 αὐτοῦ

343 537 411 603 μὴ
447 538 849 605 παραγενομένου
889 541 943 590 ἐν
977 538 1133 608 τούτῳ
1163 543 1230 609 τῷ
1270 539 1453 608 χρόνῳ,
1486 537 2008 594 ἀπαλλάσσεσθαιές
2032 564 2054 606 5

344 622 431 686 τὴν
455 622 711 689 ὑμετέρην.
778 627 864 675 νῦν
887 619 954 674 ὧν
977 624 1114 688 ὑμεῖς
1137 622 1254 675 τάδε
1273 628 1524 676 ποιεῦντες
1544 622 1682 676 ἐκτὸς
1709 625 1801 688 μὲν
1825 623 2010 691 ἔσεσθεΙ

344 707 467 773 πρὸς
499 708 688 759 ἐκείνου
725 709 898 772 αἰτίης,
934 707 1073 760 ἐκτὸς
1103 710 1156 759 δὲ
1187 706 1310 774 πρὸς
1337 706 1520 772 ἡμέων·
1565 710 1654 762 τὰς
1683 707 2008 774 προκειμένας

342 790 527 858 ἡμέρας
551 792 942 859 παραμείναντες
964 791 1021 843 τὸ
1045 791 1144 843 ἀπὸ
1174 792 1349 844 τούτου
1381 791 1800 845 ἀπαλλάσσεσθε.
1873 792 2006 846 οὗτοι

342 875 434 940 μέν
473 898 558 928 νυν
603 874 981 942 ὑποδεξαμένων
1021 877 1204 928 Ἰώνων
1243 875 1471 940 ποιήσειν
1515 881 1670 928 ταῦτα
1711 878 1873 930 ὀπίσω
1916 877 2007 942 τὴν

343 962 587 1029 ταχίστην
617 960 899 1028 ἠπείγοντο,
928 960 1162 1033 Πέρσῃσι
1194 963 1247 1013 δὲ
1277 962 1401 1026 μετὰ
1430 963 1489 1012 τὰ
1513 964 1644 1027 δῶρα
1672 957 1770 1027 [τὰ]
1793 962 2006 1014 ἐλθόντα
2033 983 2082 1012 10

344 1046 539 1115 Δαρείῳ
585 1045 965 1115 ἀντετάχθησαν
1013 1049 1059 1098 οἱ
1096 1045 1487 1113 ὑπολειφθέντες
1527 1046 1708 1097 Σκύθαι
1751 1047 1880 1116 πεζῷ
1926 1047 2005 1099 καὶ

340 1131 539 1182 ἵπποισι
576 1130 641 1184 ὣς
679 1130 1072 1196 συμβαλέοντες.
1159 1130 1508 1197 τεταγμένοισι
1538 1132 1591 1181 δὲ
1620 1134 1755 1181 τοῖσι
1783 1130 2004 1203 Σκύθῃσι

340 1214 498 1282 λαγὸς
543 1217 594 1268 ἐς
633 1214 690 1266 τὸ
734 1215 890 1281 μέσον
918 1213 1101 1280 διήιξε·
1145 1220 1245 1266 τῶν
1285 1218 1339 1267 δὲ
1383 1214 1449 1269 ὡς
1492 1215 1695 1267 ἔκαστοι
1739 1213 1878 1281 ὥρων
1917 1214 2004 1267 τὸν

340 1299 499 1367 λαγὸν
546 1301 765 1352 ἐδίωκον.
854 1299 1204 1368 ταραχθέντων
1250 1302 1304 1351 δὲ
1350 1304 1449 1351 τῶν
1495 1299 1724 1351 Σκυθέων
1774 1299 1852 1350 καὶ
1903 1295 2002 1371 βοῇ

338 1384 636 1453 χρεωμένων
667 1387 824 1452 εἴρετο
856 1386 881 1434 ὁ
914 1389 1125 1451 Δαρεῖος
1155 1388 1252 1436 τῶν
1282 1381 1627 1452 ἀντιπολέμων
1649 1383 1736 1435 τὸν
1766 1384 1999 1450 θόρυβον’
2029 1404 2076 1444 15

338 1470 614 1534 πυθόμενος
655 1469 710 1521 δέ
754 1477 917 1537 σφεας
956 1468 1042 1521 τὸν
1083 1469 1244 1536 λαγὸν
1283 1469 1550 1521 διώκοντας
1594 1468 1704 1520 εἶπε
1745 1467 1840 1534 ἄρα
1879 1467 2002 1534 πρὸς

336 1554 449 1607 τούς
490 1575 581 1620 περ
618 1554 768 1605 ἐώθεε
809 1555 887 1606 καὶ
922 1556 983 1605 τὰ
1017 1553 1151 1605 ἄλλα
1189 1552 1376 1620 λέγειν·
1422 1553 1578 1604 Οὗτοι
1617 1554 1798 1618 ὧνδρες
1835 1551 2001 1617 ἡμέων

337 1638 529 1690 πολλὸν
562 1637 974 1706 καταφρονέουσι,
1005 1639 1090 1690 καί
1114 1660 1198 1703 μοι
1228 1642 1314 1690 νῦν
1343 1638 1574 1703 φαίνεται
1597 1637 1836 1703 Γωβρύης
1867 1636 2000 1689 εἶπαι

334 1723 447 1788 περὶ
465 1727 564 1774 τῶν
583 1727 834 1775 Σκυθικῶν
854 1723 1023 1789 δώρων
1042 1723 1212 1790 ὀρθῶς.
1275 1722 1340 1776 ὦς
1358 1718 1426 1773 ὧν
1445 1723 1599 1774 οὕτως
1615 1720 1708 1786 ἥδη
1727 1721 1999 1773 δοκεόντων

336 1807 415 1857 καὶ
456 1806 586 1877 αὐτῷ
625 1829 709 1872 μοι
744 1807 896 1875 ἔχειν,
935 1810 1126 1872 βουλῆς
1163 1808 1351 1874 ἀγαθῆς
1387 1809 1464 1857 δεῖ
1494 1806 1620 1874 ὅκως
1655 1803 1931 1872 ἀσφαλέως
1966 1805 1996 1870 ἡ
2024 1824 2074 1854 20

336 1891 508 1956 κομιδὴ
548 1892 664 1957 ἡμῖν
705 1891 848 1943 ἔσται
884 1891 941 1943 τὸ
981 1892 1161 1943 ὀπίσω.
1249 1889 1371 1958 πρὸς
1407 1894 1559 1942 ταῦτα
1594 1889 1832 1957 Γωβρύης
1871 1889 1994 1942 εἶπε·

325 1973 399 2026 φΩ
429 1981 662 2041 βασιλεῦ,
703 1977 801 2043 ἐγὼ
838 1975 1024 2045 σχεδὸν
1063 1978 1156 2041 μὲν
1197 1975 1277 2027 καὶ
1314 1975 1452 2044 λόγῳ
1491 1973 1777 2039 ἠπιστάμην
1798 1973 2014 2041 ,τούτων’

332 2063 430 2111 τῶν
461 2060 651 2127 ἀνδρῶν
681 2083 770 2124 την
801 2053 1026 2126 ἀπορίην,
1062 2061 1222 2112 ἐλθὼν
1257 2062 1311 2111 δὲ
1346 2063 1543 2124 μᾶλλον
1580 2057 1834 2127 ἐξέμαθον,
1868 2059 1994 2125 ὁρῶν

0 2139 206 2242 OQ
274 2164 299 2207 3
332 2143 507 2198 αὐτοὺς
531 2145 896 2250 ἐμπαίξξντας
873 2150 1005 2210 ημῖν.
1073 2148 1161 2196 νῦν
1192 2142 1260 2213 ὡν
1290 2165 1373 2209 μοι
1403 2142 1577 2202 δοκέει,
1605 2144 1754 2195 ἐπεὰν
1777 2141 1994 2211 τάχιστα

332 2226 425 2292 νὺξ
459 2229 662 2301 ἐπέλθῃ,
703 2229 1039 2283 ἐκκαύσαντας
1073 2231 1134 2280 τὰ
1169 2231 1297 2296 πυρὰ
1334 2229 1398 2282 ὡς
1437 2229 1659 2293 ἐώθαμεν
1696 2227 1773 2278 καὶ
1809 2226 1992 2280 ἄλλοτε
2017 2247 2066 2287 25

331 2311 535 2371 ποιέειν,
561 2318 658 2364 τῶν
683 2312 1026 2379 στρατιωτέων
1049 2313 1162 2366 τοὺς
1194 2308 1589 2365 ἀσθενεστάτους
1620 2313 1670 2365 ἐς
1698 2313 1787 2364 τὰς
1816 2317 1989 2363 ταλαι-

331 2398 517 2464 πωρίας
548 2396 956 2461 ἐξαπατήσαντας
990 2399 1068 2450 καὶ
1097 2397 1211 2451 τοὺς
1235 2399 1376 2451 ὅνους
1399 2395 1586 2450 πάντας
1617 2394 1990 2460 καταδήσαντας

384 2547 409 2574 2
428 2535 578 2583 ἥκομεν
594 2537 682 2586 ὑμῖν
698 2534 737 2574 Α
751 2535 786 2573 Β
802 2535 835 2573 C
948 2547 973 2584 3
994 2533 1217 2577 εἰσακούειν
1236 2535 1275 2574 Α
1290 2536 1324 2574 Β
1340 2536 1373 2574 C
1456 2540 1602 2577 -λασθε
1620 2534 1660 2574 R
1673 2534 1713 2573 V
1820 2545 1846 2584 5
1865 2551 1988 2587 παρα-

325 2606 475 2641 γενωμ.
503 2589 543 2628 R
562 2604 571 2629 :
600 2607 835 2643 παραγινομ.
861 2589 902 2628 Α
915 2590 950 2628 Β
966 2590 1000 2629 C
1219 2593 1247 2629 6
1276 2590 1468 2644 ὑμετέραν
1490 2590 1529 2628 R
1547 2591 1576 2629 S
1589 2590 1628 2628 V
1763 2588 1878 2640 ἡμεῖς
1898 2589 1938 2627 R
1951 2589 1988 2627 V

329 2657 351 2693 7
382 2644 670 2716 προσκειμένοις
693 2645 726 2682 C
878 2646 904 2683 8
933 2647 982 2686 τὸ
1004 2646 1081 2686 ἀπὸ
1100 2658 1181 2685 om.
1209 2645 1305 2719 SVx
1359 2645 1683 2738 R-eJ-{agz‘rffscr
1715 2712 1725 2722 .
1754 2657 1826 2738 Alo
1839 2647 1983 2740 ἐξειέἶγί

326 2699 496 2806 ἓῆῗεΡΙῖ
511 2753 541 2793 S
553 2715 626 2793 {a
647 2699 843 2807 del-&1555
849 2712 993 2794 ‹RgeSrV
1122 2713 1172 2749 13
1189 2708 1409 2807 Ιὶαζιιάζκὼν
1431 2755 1497 2793 R:
1527 2713 1694 2806 7327wa
1709 2728 1747 2791 V
1769 2715 1889 2805 (ῗὲζῑῐη
1914 2753 1982 2802 16)

328 2820 376 2858 15
411 2811 708 2857 ἀντιπολεμίων
737 2809 777 2847 Α
793 2809 827 2847 Β
843 2809 875 2847 C
1103 2823 1147 2859 17
1178 2810 1344 2851 τούτους
1375 2810 1414 2847 R
1429 2809 1510 2848 SV
1673 2810 1872 2860 παρεώθεε
1901 2808 1932 2846 S
1946 2807 1984 2845 V

324 2867 360 2904 οἵ
380 2866 517 2917 ἄνδρες
540 2866 578 2903 R
595 2866 676 2904 SV
902 2866 950 2903 18
981 2870 1085 2917 Γοβρ
1124 2865 1157 2902 C
1172 2864 1228 2904 P:
1260 2870 1386 2917 βωβρ.
1411 2864 1451 2902 R
1618 2864 1703 2904 εἰπε
1725 2863 1784 2902 S:
1814 2866 1895 2903 εἴτε
1915 2862 1981 2901 V:

324 2921 452 2959 εἰπεῖν
471 2919 510 2957 Α
525 2920 560 2957 Β
577 2921 610 2958 C
802 2932 850 2958 21
882 2921 932 2960 τὸ
951 2932 1031 2958 om.
1058 2920 1091 2957 P
1108 2920 1142 2957 R
1157 2919 1187 2957 S
1200 2919 1238 2956 V
1413 2924 1527 2971 Γοβρ.
1551 2917 1591 2956 Α
1606 2918 1641 2956 Β
1656 2918 1689 2956 C
1704 2917 1738 2956 P
1758 2919 1822 2968 (it.
1852 2916 1978 2967 infra)

323 2985 381 3022 24*
406 2975 507 3023 ἐπὴν
524 2975 564 3012 Α
581 2975 615 3012 Β
633 2975 666 3014 C
805 2987 856 3023 25
889 2975 985 3028 ἔλθῃ
1006 2973 1044 3011 Α
1061 2973 1095 3011 Β
1111 2974 1145 3012 C
1285 2986 1334 3022 27
1366 2974 1673 3022 καταδήσαντας
1692 2984 1775 3012 om
1797 2971 1837 3010 R
1851 2971 1882 3010 S
1895 2971 1933 3008 V
