2098 3320
39 107 102 156 [I.
119 118 187 167 32

842 106 1273 156 ΗΡΟΔΟΤΟΥ

228 234 308 286 καὶ
339 235 545 299 Λιβύων
577 235 723 288 ἔθνεα
754 236 938 295 πολλά,
964 236 1096 301 πλὴν
1128 238 1251 289 ὅσον
1274 235 1526 301 (Έλληνες
1558 238 1635 290 καὶ
1659 239 1888 292 Φοίνικες

227 318 425 386 ἔχουσι·’
467 321 528 369 τὰ
567 321 620 371 δὲ
659 319 784 386 ὑπὲρ
824 320 1092 385 θαλάσσης
1134 343 1189 373 τε
1234 322 1314 374 καὶ
1358 326 1455 374 τῶν
1495 321 1577 373 ἐπὶ
1621 320 1889 375 θάλασσαν

229 403 540 467 κατηκόντων
559 404 846 471 ἀνθρώπων,
857 396 936 469 [τὰ
957 402 1246 471 κατύπερθε]
1266 406 1506 472 θηριώδης
1526 406 1635 458 ἐστὶ
1653 405 1683 470 ἡ
1705 406 1886 471 Λιβύη·

228 489 289 537 τὰ
319 488 372 538 δὲ
404 487 676 554 κατύπερθε
705 491 793 552 τῆς
818 489 1083 553 θηριώδεος
1111 488 1320 556 ψάμμος
1348 488 1404 541 τέ
1434 492 1544 542 ἐστι
1575 490 1654 542 καὶ
1683 488 1890 556 ἄνυδρος

227 575 397 624 δεινῶς
439 571 518 623 καὶ
549 572 729 638 ἔρημος
766 571 981 624 πάντων.
1052 573 1159 625 ἐπεὶ
1189 571 1256 625 ὧν
1285 573 1398 628 τοὺς
1427 575 1623 639 νεηνίας
1659 574 1885 640 ἀποπεμ-
1913 595 1935 636 5

228 654 472 720 πομένους
507 655 602 707 ὑπὸ
632 661 732 708 τῶν
761 656 963 721 ἡλίκων,
997 658 1139 709 ὕδατί
1171 678 1225 709 τε
1258 658 1336 710 καὶ
1361 659 1570 710 σιτίοισι
1601 658 1654 710 εὗ
1685 656 1882 726 ἐξηρτυ-

227 739 420 804 μένους,
455 739 581 792 ἰέναι
617 742 679 791 τὰ
715 746 885 807 πρῶτα
918 743 1010 806 μὲν
1046 743 1126 793 διὰ
1158 744 1246 806 τῆς
1281 741 1581 807 οἰκεομένης,
1615 742 1798 807 ταύτην
1833 744 1887 794 δὲ

229 823 575 888 διεξελθόντας
606 826 656 877 ἐς
686 823 776 889 τὴν
809 825 1050 891 θηριώδεα
1083 825 1368 889 ἀπικέσθαι,
1404 829 1457 878 ἐκ
1493 828 1546 878 δὲ
1581 826 1762 890 ταύτης
1795 825 1888 893 τὴν

156 932 160 935 ·
228 907 410 973 ἔρημον
441 906 672 972 διεξιέναι
696 908 785 972 τὴν
811 908 925 960 ὁδὸν
957 908 1273 974 ποιευμένους
1297 913 1417 976 πρὸς
1444 909 1654 977 ζέφυρον
1685 909 1884 975 ἄνεμον,

122 1935 183 1982 33

163 2192 186 2222 Ν

228 990 574 1055 διεξελθόντας
611 996 662 1044 δὲ
700 998 864 1061 χῶρον
902 993 1096 1045 πολλὸν
1131 994 1412 1061 ψαμμώδεα
1453 994 1531 1045 καὶ
1569 995 1623 1046 ἐν
1662 1001 1888 1067 πολλῇσι

227 1075 442 1148 ἡμέρῃσι
465 1078 587 1128 ἰδεῖν
611 1075 668 1141 δή
696 1098 804 1129 κοτε
829 1077 1033 1143 δένδρεα
1057 1079 1111 1128 ἐν
1134 1078 1284 1147 πεδίῳ
1310 1079 1582 1146 πεφυκότα,
1610 1079 1695 1130 καί
1722 1085 1889 1146 σφεας

228 1161 600 1226 προσελθόντας
652 1160 900 1214 ἅπτεσθαι
947 1167 1033 1213 τοῦ
1083 1163 1316 1216 ἐπεόντος
1369 1162 1450 1214 ἐπὶ
1499 1167 1598 1214 τῶν
1647 1161 1888 1229 δενδρέων

230 1249 431 1311 καρποῦ,
464 1244 792 1310 ἁπτομένοισι
828 1245 882 1298 δέ
913 1252 1011 1313 σφι
1043 1248 1273 1299 ἐπελθεῖν
1304 1245 1484 1314 ἄνδρας
1515 1246 1767 1314 σμικρούς,
1798 1268 1884 1312 με-

227 1330 376 1394 τρίων
406 1327 693 1384 ἐλάσσονας
724 1331 929 1398 ἀνδρῶν,
955 1331 1210 1395 λαβόντας
1234 1333 1287 1383 δὲ
1316 1330 1456 1398 ἄγειν
1488 1330 1668 1399 σφέα-ς·
1716 1333 1887 1398 φωνῆς

229 1415 282 1465 δὲ
305 1413 417 1465 οὔτε
446 1434 493 1464 τι
523 1417 609 1478 τῆς
639 1414 841 1467 ἐκείνων
863 1414 977 1468 τοὺς
1003 1419 1320 1480 Νασαμῶνας
1350 1415 1617 1482 γινώσκειν
1639 1414 1753 1468 οὔτε
1773 1413 1887 1468 τοὺς

228 1495 441 1563 ἄγοντας
482 1503 581 1550 τῶν
624 1499 968 1564 Νασαμώνων.
1042 1499 1184 1565 ἄγειν
1223 1520 1277 1551 τε
1317 1498 1375 1563 δὴ
1414 1499 1590 1553 αὐτοὺς
1629 1498 1691 1550 δι’
1728 1497 1886 1551 ἐλέων

226 1583 494 1648 μεγίστων,
523 1582 602 1634 καὶ
633 1581 976 1648 διεξελθόντας
1006 1587 1159 1634 ταῦτα
1190 1582 1457 1635 ἀπικέσθαι
1486 1585 1539 1636 ἐς
1569 1582 1718 1636 πόλιν
1748 1583 1803 1634 ἐν
1825 1583 1884 1654 τῇ

227 1665 416 1720 πάντας
462 1666 589 1718 εἶναι
634 1671 768 1718 τοῖσι
814 1666 995 1733 ἄγουσι
1041 1671 1096 1718 τὸ
1143 1666 1361 1734 μέγαθος
1407 1669 1562 1726 ἴσους,
1611 1671 1788 1735 χρῶμα
1833 1669 1887 1718 δὲ

226 1749 462 1814 μέλανας.
543 1753 676 1816 παρὰ
713 1753 765 1803 δὲ
801 1750 892 1815 τὴν
933 1751 1084 1803 πόλιν
1120 1750 1252 1817 ῥέειν
1288 1750 1510 1815 ποταμὸν
1545 1749 1719 1818 μέγαν,
1756 1749 1887 1817 ῥέειν

227 1837 281 1886 δὲ
317 1835 414 1886 ἀπὸ
447 1834 662 1902 ἑσπέρης
698 1834 846 1887 αὐτὸν
882 1834 1004 1901 πρὸς
1040 1835 1185 1899 ἥλιον
1223 1834 1580 1891 ἀνατέλλοντα.
1615 1835 1886 1901 φαίνεσθαι

226 1921 279 1970 δὲ
305 1920 358 1970 ἐν
382 1918 510 1989 αὐτῷ
537 1920 893 1986 κροκοδείλους.
961 1920 987 1970 ὁ
1010 1922 1101 1984 μὲν
1127 1919 1185 1984 δὴ
1206 1924 1291 1970 τοῦ
1310 1919 1593 1984 Ἀμμωνίου
1613 1917 1885 1985 Ἐτεάρχου

225 2003 379 2069 λόγος
415 2005 465 2057 ἐς
501 2000 761 2068 τ<οσ>οῦτό
794 2025 878 2068 μοι
909 2004 1224 2067 δεδηλώσθω,
1259 2002 1392 2067 πλὴν
1429 2004 1507 2054 ὅτι
1542 2002 1890 2066 ἀπονοστῆσαί

225 2108 277 2138 τε
309 2086 501 2153 ἔφασκε
531 2088 645 2140 τοὺς
675 2092 1009 2152 Νασαμῶνας,
1037 2088 1101 2140 ὡς
1132 2090 1178 2139 οἱ
1212 2091 1479 2154 Κυρηναῖοι
1508 2086 1703 2153 ἔλεγον,
1732 2086 1810 2138 καὶ
1835 2087 1886 2139 ἐς

225 2171 337 2224 τοὺς
367 2171 504 2223 οὗτοι
536 2173 771 2223 ἀπίκοντο
795 2172 1101 2237 ἀνθρώπους,
1126 2172 1309 2237 γόητας
1340 2171 1467 2223 εἶναι
1495 2169 1732 2223 ἅπαντας.
1798 2169 1885 2222 τὸν

226 2256 277 2305 δὲ
310 2254 367 2318 δὴ
400 2255 622 2320 ποταμὸν
646 2260 822 2306 τοῦτον
851 2260 939 2306 τόν
965 2255 1305 2321 παραρρέοντα
1338 2255 1416 2306 καὶ
1440 2254 1712 2321 Ἐτέαρχος
1738 2275 1882 2306 συνε-

224 2337 448 2402 βάλλετο
474 2340 598 2391 εἶναι
632 2343 833 2397 Νεῖλον,
862 2340 940 2390 καὶ
963 2338 1021 2402 δὴ
1059 2340 1135 2390 καὶ
1160 2340 1186 2389 ὁ
1209 2340 1360 2405 λόγος
1391 2339 1516 2390 οὕτω
1547 2338 1716 2404 αἱρέει.
1781 2336 1886 2404 ῥέει

226 2425 319 2489 γὰρ
345 2424 397 2473 ἐκ
426 2423 621 2487 Λιβύης
652 2424 677 2473 ὁ
709 2427 894 2476 Νεῖλος
928 2423 1007 2474 καὶ
1037 2421 1199 2486 μέσην
1230 2421 1428 2487 τάμνων
1455 2423 1667 2487 Λιβύην·
1716 2421 1794 2473 καὶ
1819 2420 1885 2475 ὦς

225 2507 324 2572 ἐγὼ
345 2506 706 2571 συμβάλλομαι
729 2512 861 2558 τοῖσι
883 2505 1135 2572 ἐμφανέσι
1153 2508 1212 2557 τὰ
1230 2505 1295 2570 μὴ
1319 2506 1665 2572 γινωσκόμενα
1687 2526 1883 2570 τεκμαι-

222 2591 446 2655 ρόμενος,
481 2595 547 2659 τῷ
573 2590 755 2660 Ἴστρῳ
795 2593 848 2642 ἐκ
884 2595 982 2641 τῶν
1020 2593 1145 2642 ἴσων
1179 2589 1369 2656 μέτρων
1401 2591 1622 2657 ὁρμᾶται.
1683 2587 1885 2655 Ἴστρος

279 2740 303 2765 2
335 2728 418 2778 ἐπὶ]
452 2730 547 2781 ὑπὲρ
577 2726 713 2767 ABC
963 2742 989 2777 3
1023 2728 1076 2768 τὰ
1106 2726 1327 2781 κατύπερθε
1361 2728 1464 2779 (-θεν
1495 2726 1609 2773 RV;
1651 2726 1692 2766 it.
1727 2727 1768 2777 4)
1800 2725 1882 2766 del.

229 2781 423 2831 Krueg'er
570 2795 595 2832 5
627 2784 730 2824 εἶπαι
753 2783 851 2822 olim
876 2783 996 2821 Stein
1150 2784 1181 2826 6⁴
1206 2783 1323 2823 ὕδασί
1342 2780 1381 2819 Α
1396 2781 1430 2820 Β
1449 2781 1483 2819 C
1595 2780 1883 2832 ἐξηρτημένους

227 2837 259 2874 C
278 2838 313 2876 R
331 2837 361 2875 S
375 2836 430 2874 Vc
446 2839 507 2887 (Ι)
681 2850 726 2887 13
759 2846 875 2888 σφισι
897 2836 936 2875 Α
955 2838 988 2875 Β
1006 2837 1037 2874 C
1149 2841 1307 2889 μικρούς
1331 2836 1364 2873 L
1533 2848 1580 2884 15
1611 2834 1814 2886 Νασαμόν.
1842 2835 1881 2874 R

228 2891 287 2937 (it.
318 2893 385 2934 16)
407 2890 459 2930 V¹
478 2894 528 2943 (ἒ)
666 2909 775 2943 ’μγ-ν.
805 2891 842 2929 R
1032 2892 1079 2929 16
1110 2892 1157 2938 δὴ
1179 2903 1259 2930 om.
1284 2891 1317 2928 P
1332 2890 1370 2928 R
1387 2889 1469 2929 SV
1637 2891 1685 2928 18
1714 2894 1882 2940 μέγεθος

227 2945 260 2982 Β
278 2947 306 2984 S
320 2945 359 2983 V
551 2958 603 2984 22
633 2946 808 2986 τοσοῦτό
827 2945 982 2984 Abicht
1175 2958 1225 2993 23
1256 2947 1291 2985 οἱ
1309 2957 1391 2984 om.
1411 2944 1448 2982 A
1467 2944 1500 2982 Β
1518 2944 1551 2982 C
1734 2957 1786 2991 24
1818 2944 1883 2983 οὓς

227 2998 260 3038 Ρ
276 3000 313 3037 R
330 3000 359 3037 S
376 2999 411 3038 V
503 2999 655 3042 πάντας
673 3000 704 3039 Ρ
720 2999 758 3037 R
775 3001 805 3039 S
818 3000 856 3038 V
967 3011 1018 3049 25
1050 2999 1299 3046 συνεβάλετο
1317 2999 1354 3037 Α
1369 2998 1403 3037 Β
1515 2998 1569 3036 26
1597 2997 1670 3039 τὸν
1686 3004 1719 3038 N
1749 2997 1881 3035 Aldus

1917 1015 1965 1044 10

1916 1433 1963 1482 ¹5

1914 1853 1963 1892 2.0

1912 2272 1959 2311 ²5
