2098 3320
779 75 1157 123 ΙΣΤΟΡΙΩΝ
1217 75 1256 122 Β

179 226 327 258 στοτε
358 204 719 268 ἐναπενίζοντο·
766 209 942 258 τοῦτον
967 205 1071 256 κατ’
1096 203 1165 258 ὧν
1197 206 1360 274 κόψας
1383 204 1589 273 ἄγαλμα
1611 206 1845 270 δαίμονος

178 288 239 355 ἐξ
263 288 410 341 αὐτοῦ
445 286 718 353 ἐποιήσατο
762 289 841 340 καὶ
881 290 1051 357 ἵδρυσε
1091 292 1178 354 τῆς
1219 291 1396 343 πόλιος
1434 291 1550 341 ὅκου
1583 287 1643 354 ἦν
1673 291 1842 354 ἐπιτη-

178 374 429 426 δεότατον·
478 374 525 425 οἱ
569 375 623 425 δὲ
665 372 930 440 Αἰγύπτιοι
971 378 1244 442 φοιτῶντες
1285 373 1407 442 πρὸς
1447 374 1689 441 τῶγαλμα
1729 373 1842 426 ἐσέ-

178 463 336 524 βοντο
381 455 628 525 μεγάλως·
690 458 862 522 μαθὼν
906 460 959 510 δὲ
1004 459 1031 508 ὁ
1068 456 1289 531 ’Ἄμασις
1333 457 1389 510 τὸ
1435 460 1488 510 ἐκ
1533 463 1631 510 τῶν
1676 459 1846 511 ἀστῶν

133 563 154 603 5
180 540 488 607 ποιεύμενον,
537 540 860 608 συγκαλέσας
905 542 1205 609 Αἰγυπτίους
1250 541 1464 608 ἐξέφηνε
1509 544 1611 610 φὰς
1659 544 1712 594 ἐκ
1761 547 1847 595 τοῦ

179 628 542 693 ποδανιπτῆρος
571 626 813 693 τῶγαλμα
843 625 1121 693 γεγονέναι,
1149 628 1200 680 ἐς
1230 625 1316 678 τὸν
1341 627 1581 693 πρότερον
1610 629 1703 692 μὲν
1732 627 1845 681 τοὺς

180 710 478 779 Αἰγυπτίους
498 709 715 775 ἐνεμέειν
735 731 790 763 τε
811 710 890 762 καὶ
909 709 1156 777 ἐνουρέειν
1177 710 1255 762 καὶ
1275 711 1430 764 πόδας
1451 712 1844 775 ἐναπονίζεσθαι,

178 795 292 847 τότε
337 797 390 847 δὲ
432 793 664 862 μεγάλως
710 793 976 860 σέβεσθαι.
1063 793 1154 859 ἤδη
1199 792 1268 846 ὧν
1314 794 1413 861 ἔφη
1458 794 1624 862 λέγων
1668 796 1847 860 ὁμοίως

180 878 327 933 αὐτὸς
368 883 433 949 τῷ
477 881 805 945 ποδανιπτῆρι
846 877 1168 946 πεπρηγέναι·
1221 880 1263 930 εἰ
1304 880 1398 946 γὰρ
1438 879 1680 946 πρότερον
1722 879 1850 931 εἶναι

111 988 159 1017 ιο
180 963 411 1028 δημότης,
454 962 570 1015 ἀλλ’
612 964 666 1015 ἐν
705 964 772 1034 τῷ
809 963 1044 1029 παρεόντι
1084 963 1209 1015 εἶναι
1249 962 1410 1015 αὐτῶν
1450 963 1712 1028 βασιλεύς·
1770 963 1848 1015 καὶ

117 1065 120 1069 ’
179 1051 327 1113 τιμᾶν
363 1067 418 1100 τε
456 1048 535 1099 καὶ
572 1046 942 1115 προμηθέεσθαι
983 1046 1167 1099 ἑωυτὸν
1207 1045 1421 1100 ἐκέλευε.
1511 1047 1714 1117 τοιούτῳ
1756 1050 1848 1113 μὲν

179 1132 345 1202 τρόπῳ
394 1130 742 1200 προσηγάγετο
786 1131 900 1185 τοὺς
946 1132 1243 1198 Αἰγυπτίους
1291 1132 1423 1184 ὥστε
1472 1135 1690 1183 δικαιοῦν
1737 1136 1845 1184 δου-

179 1216 360 1269 λεύειν.
449 1217 631 1284 ἐχρᾶτο
672 1218 725 1268 δὲ·
768 1214 1048 1267 καταστάσι
1089 1214 1391 1283 πρηγμάτων
1431 1220 1613 1289 τοιῇδε·
1659 1220 1716 1267 τὸ
1755 1218 1848 1281 μὲν

180 1302 378 1368 ὄρθριον
407 1299 556 1369 μέχρι
584 1301 695 1352 ὅτευ
726 1300 991 1367 πληθώρης
1024 1301 1208 1367 ἀγορῆς
1240 1300 1498 1366 προθύμως
1530 1301 1758 1367 ἔπρησσε
1787 1302 1848 1351 τὰ

110 1408 156 1451 15
181 1385 569 1453 προσφερόμενα
613 1383 892 1452 πρήγματα,
933 1384 990 1435 τὸ
1035 1386 1087 1436 δὲ
1130 1383 1228 1437 ἀπὸ
1270 1384 1445 1436 τούτου
1487 1383 1634 1437 ἔπινέ.
1670 1405 1725 1436 τε
1771 1385 1849 1436 καὶ

183 1467 501 1522 κατέσκωπτε
533 1468 646 1523 τοὺς
678 1469 936 1535 συμπότας
969 1467 1047 1520 καὶ
1078 1466 1137 1533 ἧν
1171 1467 1379 1534 μάταιός
1409 1490 1460 1520 τε
1501 1469 1579 1520 καὶ
1615 1468 1845 1535 παιγνιή-

179 1575 301 1619 μων.
389 1552 722 1622 ἀχθεσθέντες
763 1556 816 1605 δὲ
856 1554 1078 1606 τούτοισι
1113 1555 1159 1605 οἱ
1191 1554 1335 1620 φίλοι
1372 1553 1520 1605 αὐτοῦ
1561 1552 1847 1606 ἐνουθέτεον

180 1637 326 1690 αὐτὸν
372 1637 538 1691 τοιάδε
584 1637 836 1706 λέγοντες·
891 1637 965 1688 ’ῗΩ
1012 1642 1247 1703 βασιλεῦ,
1295 1637 1379 1688 οὐκ
1424 1639 1582 1704 ὀρθῶς
1627 1641 1848 1690 σεωυτοῦ

180 1720 492 1790 προέστηκας
528 1724 579 1777 ἐς
613 1722 671 1774 τὸ
705 1722 835 1790 ἄγαν
865 1727 1062 1790 φαῦλον
1097 1721 1331 1790 προάγων
1367 1723 1605 1774 σεωυτόν·
1653 1724 1713 1774 σὲ
1751 1723 1847 1788 γὰρ

108 1828 158 1858 20
182 1808 334 1875 ἐχρῆν
365 1809 420 1860 ἐν
444 1808 603 1878 θρόνῳ
629 1812 796 1877 σεμνῷ
822 1806 1010 1881 σεμνὸν
1034 1805 1284 1858 θωκέοντα
1307 1804 1368 1858 δι’
1392 1805 1574 1872 ἡμέρης
1599 1804 1848 1872 πρήσσειν

179 1893 242 1942 τὰ
276 1889 554 1959 πρήγματα,
590 1892 668 1944 καὶ
705 1892 830 1943 οὕτω
863 1891 1131 1959 Αἰγύπτιοί
1165 1889 1208 1941 τ’
1240 1889 1301 1942 ἂν
1343 1889 1616 1955 ἠπιστέατο
1661 1890 1726 1943 ὡς
1764 1889 1847 1941 ὑπ’

179 1974 357 2042 ἀνδρὸς
400 1975 623 2044 μεγάλου
667 1975 906 2044 ἄρχονται
953 1976 1032 2028 καὶ
1077 1974 1141 2027 σὺ
1181 1974 1384 2040 ἄμεινον
1425 1974 1615 2039 ἤκουες·
1670 1978 1757 2026 νῦν
1794 1976 1847 2025 δὲ

180 2058 363 2114 ποιέεις
394 2059 616 2126 οὐδαμῶς
655 2059 920 2126 βασιλικά.
1009 2061 1035 2111 ὁ
1076 2059 1119 2111 δ’
1151 2061 1390 2125 ἀμείβετο
1429 2051 1618 2110 τὀισίδε
1654 2058 1845 2112 αὐτούς·

178 2145 257 2194 Τᾶ
294 2142 416 2209 τόξα
455 2147 501 2197 οἱ
529 2144 816 2210 ἐκτημένοι,
861 2146 1011 2197 ἐπεὰν
1050 2146 1142 2209 μὲν
1181 2142 1390 2196 δέωνται
1423 2146 1659 2211 χρᾶσθαι,
1706 2144 1845 2194 ἐντα-

108 2249 156 2291 25
180 2227 368 2288 νύουσι,
396 2229 548 2281 ἐπεὰν
571 2231 623 2280 δὲ
653 2227 956 2297 χρήσωνται,
985 2228 1235 2280 ἐκλύουσι.
1305 2229 1348 2279 εἶ
1379 2229 1474 2294 γὰρ
1496 2226 1552 2291 δὴ
1578 2226 1662 2278 τὸν
1686 2225 1849 2279 πάντα

179 2312 363 2381 χρόνον
404 2312 702 2378 ἐντεταμένα
739 2314 829 2377 ε’ίη,
866 2313 1092 2380 ἐκραγείη
1135 2311 1211 2371 ἄν,
1246 2312 1378 2363 ὥστε
1419 2313 1471 2365 ἐς
1510 2310 1567 2363 τὸ
1608 2309 1721 2362 δέον
1761 2310 1849 2362 οὐκ

180 2395 241 2449 ἂν
273 2397 439 2466 ἔχοιεν
469 2396 668 2450 αὐτοῖσι
696 2400 934 2465 χρᾶσθαι.
1022 2397 1148 2447 οὕτω
1186 2395 1244 2460 δὴ
1283 2395 1362 2446 καὶ
1401 2395 1662 2462 ἀνθρώπου
1699 2394 1843 2447 κατά-

238 2548 254 2574 1
289 2533 568 2586 ἐναπενιζέατο
592 2535 625 2574 L
785 2548 810 2584 3
841 2532 1076 2586 φοιτέοντες
1100 2533 1186 2572 PR
1201 2533 1231 2572 S
1246 2533 1331 2571 VC
1357 2531 1556 2583 (·ε’ωντες)
1717 2535 1744 2571 6
1771 2531 1848 2583 μὲν

178 2602 261 2629 om.
285 2589 320 2629 E
336 2589 374 2628 R
390 2589 473 2629 SV
650 2603 672 2640 7
704 2592 858 2639 ἐνεμεῖν
881 2589 914 2628 L
1025 2587 1281 2639 ἀπονίζεσθαι
1304 2587 1343 2625 R
1358 2587 1439 2626 SV
1619 2599 1661 2625 11
1698 2590 1848 2628 ἑωυτοῦ

179 2642 220 2682 Α
233 2643 268 2683 Β
283 2644 317 2684 C
332 2645 366 2683 P
491 2657 540 2695 13
571 2646 723 2698 ἐχρῆτο
746 2645 779 2684 Ρ
793 2644 831 2683 R
845 2643 877 2683 S
891 2643 928 2682 V
1038 2642 1292 2684 καταστάσει
1315 2642 1348 2680 C
1365 2641 1397 2679 P
1413 2641 1452 2680 R
1468 2640 1498 2679 S
1514 2642 1552 2679 V
1672 2654 1719 2691 14
1751 2642 1848 2683 ὅτου

178 2697 219 2737 Α
233 2698 268 2738 Β
286 2698 319 2738 C
335 2698 368 2737 P
382 2699 422 2738 R
437 2698 467 2739 S
480 2699 541 2739 V:
564 2713 643 2739 orn.
666 2700 718 2739 E:
742 2699 788 2740 οὗ
802 2697 990 2737 Dindorf
1068 2696 1303 2746 πληθούσης
1319 2696 1403 2734 ΑΒ
1417 2696 1450 2734 C
1462 2695 1518 2735 P:
1540 2696 1798 2745 πληθυούσης
1811 2695 1846 2734 E

1884 77 1947 125 ΙΙ.
1977 88 2063 138 172

1885 1228 1975 1279 Ι73

1887 2417 1916 2458 4

183 2755 234 2793 16
253 2753 507 2795 κατέσκοπτε
523 2753 563 2792 R
578 2767 587 2792 :
608 2753 833 2795 κατέκοπτε
849 2753 882 2791 C
968 2751 1231 2802 συμπώταςν
1346 2763 1361 2789 1
1372 2763 1392 2799 7
1409 2751 1699 2802 ἀχθενθεῦντες
1716 2751 1755 2789 R
1767 2751 1798 2790 S
1809 2749 1847 2788 V
1887 2755 1892 2759 '

184 2820 233 2858 19
260 2809 333 2850 τὸν
358 2807 441 2848 SV
551 2807 717 2862 ἀπάγων
748 2808 787 2846 R
802 2808 884 2847 SV
1074 2819 1126 2845 20
1155 2808 1262 2859 χρῆν
1284 2805 1317 2844 C
1332 2805 1365 2843 P
1478 2808 1612 2856 σεμνῶ
1632 2810 1788 2856 σεμνῶς
1811 2804 1846 2843 Ε

181 2874 233 2901 22
254 2863 413 2914 ἄμεινον
426 2863 476 2904 σὺ
489 2864 537 2904 ἃν
547 2866 687 2911 ἤκουες
699 2862 739 2901 Α
753 2862 788 2902 Β
804 2862 837 2902 C
852 2862 886 2901 E
902 2862 935 2900 P
1040 2874 1091 2910 23
1111 2864 1250 2902 τοῖσδε
1266 2860 1299 2899 C
1315 2860 1347 2898 P
1362 2860 1401 2899 R
1418 2859 1494 2899 SV
1599 2873 1650 2908 24
1672 2875 1841 2910 κεκτημ.

181 2916 215 2955 L
324 2916 399 2968 μὲν
414 2930 495 2957 om.
517 2917 689 2958 ERSV
851 2928 902 2965 25
920 2917 1040 2957 ἐπεὰν
1053 2946 1062 2955 .
1081 2946 1089 2954 .
1110 2914 1298 2956 ἐκλύουσι
1320 2927 1401 2954 om.
1426 2915 1464 2953 A
1482 2915 1515 2953 B
1531 2915 1564 2953 C
1580 2913 1614 2952 E
1631 2914 1664 2953 P
1774 2915 1846 2955 τὸν

182 2971 221 3010 R
241 2984 411 3022 quoque
517 2971 680 3031 &nsaw-ra
697 2972 730 3012 E
897 2983 945 3019 27
973 2973 1147 3023 χρῆσθαι
1168 2969 1208 3007 Α
1222 2969 1256 3007 Β
1273 2969 1307 3008 Ε
1421 2970 1464 3010 δὲ
1487 2969 1698 3019 Comperz
