<?xml version="1.0" encoding="UTF-8"?>
<!DOCTYPE html PUBLIC "-//W3C//DTD XHTML 1.0 Transitional//EN"
    "http://www.w3.org/TR/xhtml1/DTD/xhtml1-transitional.dtd">
<html xmlns="http://www.w3.org/1999/xhtml" xml:lang="en" lang="en">
 <head>
  <title>
</title>
<meta http-equiv="Content-Type" content="text/html;charset=utf-8" />
  <meta name='ocr-system' content='tesseract 3.04.00' />
  <meta name='ocr-capabilities' content='ocr_page ocr_carea ocr_par ocr_line ocrx_word'/>
</head>
<body>
  <div class='ocr_page' id='page_1' title='image "./herodotihistoria01herouoft_0108.png"; bbox 0 0 2098 3320; ppageno 0'>
   <div class='ocr_carea' id='block_1_1' title="bbox 29 152 177 212">
    <p class='ocr_par' dir='ltr' id='par_1_1' title="bbox 29 152 177 212">
     <span class='ocr_line' id='line_1_1' title="bbox 29 152 177 212; baseline -0.007 -13"><span class='ocrx_word' id='word_1_1' title='bbox 29 152 66 199; x_wconf 93' lang='lat'>1.</span> <span class='ocrx_word' id='word_1_2' title='bbox 87 162 177 212; x_wconf 92' lang='lat'>170</span> 
     </span>
    </p>
   </div>
   <div class='ocr_carea' id='block_1_2' title="bbox 167 893 192 936">
    <p class='ocr_par' dir='ltr' id='par_1_2' title="bbox 167 893 192 936">
     <span class='ocr_line' id='line_1_2' title="bbox 167 893 192 936; baseline 0 0"><span class='ocrx_word' id='word_1_3' title='bbox 167 893 192 936; x_wconf 90' lang='lat'>3</span> 
     </span>
    </p>
   </div>
   <div class='ocr_carea' id='block_1_3' title="bbox 117 1470 195 1521">
    <p class='ocr_par' dir='ltr' id='par_1_3' title="bbox 117 1470 195 1521">
     <span class='ocr_line' id='line_1_3' title="bbox 117 1470 195 1521; baseline 0 -13"><span class='ocrx_word' id='word_1_4' title='bbox 117 1470 195 1521; x_wconf 94' lang='lat'>171</span> 
     </span>
    </p>
   </div>
   <div class='ocr_carea' id='block_1_4' title="bbox 851 147 1280 197">
    <p class='ocr_par' dir='ltr' id='par_1_4' title="bbox 851 147 1280 197">
     <span class='ocr_line' id='line_1_4' title="bbox 851 147 1280 197; baseline 0 -2"><span class='ocrx_word' id='word_1_5' title='bbox 851 147 1280 197; x_wconf 77' lang='grc' dir='ltr'>ΗΡΟΔΟΤΟΎ</span> 
     </span>
    </p>
   </div>
   <div class='ocr_carea' id='block_1_5' title="bbox 223 275 1907 1441">
    <p class='ocr_par' dir='ltr' id='par_1_5' title="bbox 223 275 1907 1441">
     <span class='ocr_line' id='line_1_5' title="bbox 230 275 1904 351; baseline 0 -20"><span class='ocrx_word' id='word_1_6' title='bbox 230 278 384 344; x_wconf 86' lang='grc' dir='ltr'>ἄνδρα</span> <span class='ocrx_word' id='word_1_7' title='bbox 439 277 659 345; x_wconf 83' lang='grc' dir='ltr'>Πριηνέα</span> <span class='ocrx_word' id='word_1_8' title='bbox 710 277 1057 344; x_wconf 82' lang='grc' dir='ltr'>ἀποδέξασθαι</span> <span class='ocrx_word' id='word_1_9' title='bbox 1094 278 1241 330; x_wconf 81' lang='grc' dir='ltr'>Ἴωσι</span> <span class='ocrx_word' id='word_1_10' title='bbox 1298 275 1697 346; x_wconf 91' lang='grc' dir='ltr'>χρησιμωτάτην,</span> <span class='ocrx_word' id='word_1_11' title='bbox 1749 286 1810 351; x_wconf 84' lang='grc' dir='ltr'>τῇ</span> <span class='ocrx_word' id='word_1_12' title='bbox 1860 279 1904 331; x_wconf 80' lang='grc' dir='ltr'>εἰ</span> 
     </span>
     <span class='ocr_line' id='line_1_6' title="bbox 232 361 1902 431; baseline -0.001 -15"><span class='ocrx_word' id='word_1_13' title='bbox 232 365 505 422; x_wconf 85' lang='grc' dir='ltr'>ἐπείθοντο,</span> <span class='ocrx_word' id='word_1_14' title='bbox 541 368 748 431; x_wconf 86' lang='grc' dir='ltr'>παρεῖχε</span> <span class='ocrx_word' id='word_1_15' title='bbox 778 362 967 430; x_wconf 86' lang='grc' dir='ltr'>ἄν-σφι</span> <span class='ocrx_word' id='word_1_16' title='bbox 1005 361 1336 428; x_wconf 81' lang='grc' dir='ltr'>εὐδαιμονέειν</span> <span class='ocrx_word' id='word_1_17' title='bbox 1366 361 1631 427; x_wconf 86' lang='grc' dir='ltr'>Ἑλλήνων</span> <span class='ocrx_word' id='word_1_18' title='bbox 1663 361 1902 428; x_wconf 88' lang='grc' dir='ltr'>μάλιστα·</span> 
     </span>
     <span class='ocr_line' id='line_1_7' title="bbox 231 446 1905 517; baseline 0 -18"><span class='ocrx_word' id='word_1_19' title='bbox 231 447 284 502; x_wconf 83' lang='grc' dir='ltr'>ὃς</span> <span class='ocrx_word' id='word_1_20' title='bbox 322 446 518 500; x_wconf 89' lang='grc' dir='ltr'>ἐκέλευε</span> <span class='ocrx_word' id='word_1_21' title='bbox 558 452 699 516; x_wconf 77' lang='grc' dir='ltr'>κοινῷ</span> <span class='ocrx_word' id='word_1_22' title='bbox 738 448 905 517; x_wconf 83' lang='grc' dir='ltr'>στόλῳ</span> <span class='ocrx_word' id='word_1_23' title='bbox 928 447 1108 502; x_wconf 80' lang='grc' dir='ltr'>Ἴωνας</span> <span class='ocrx_word' id='word_1_24' title='bbox 1143 446 1407 514; x_wconf 82' lang='grc' dir='ltr'>ἀερθέντας</span> <span class='ocrx_word' id='word_1_25' title='bbox 1442 446 1616 499; x_wconf 87' lang='grc' dir='ltr'>πλέειν</span> <span class='ocrx_word' id='word_1_26' title='bbox 1644 448 1695 500; x_wconf 90' lang='grc' dir='ltr'>ἐς</span> <span class='ocrx_word' id='word_1_27' title='bbox 1731 448 1905 514; x_wconf 86' lang='grc' dir='ltr'>Σαρδὼ</span> 
     </span>
     <span class='ocr_line' id='line_1_8' title="bbox 233 527 1903 596; baseline -0.001 -13"><span class='ocrx_word' id='word_1_28' title='bbox 233 532 332 587; x_wconf 67' lang='grc' dir='ltr'>καὶ,</span> <span class='ocrx_word' id='word_1_29' title='bbox 359 533 531 584; x_wconf 84' lang='grc' dir='ltr'>ἔπειτα</span> <span class='ocrx_word' id='word_1_30' title='bbox 577 532 728 583; x_wconf 93' lang='grc' dir='ltr'>πόλιν</span> <span class='ocrx_word' id='word_1_31' title='bbox 774 533 894 596; x_wconf 90' lang='grc' dir='ltr'>μίαν</span> <span class='ocrx_word' id='word_1_32' title='bbox 939 533 1118 595; x_wconf 78' lang='grc' dir='ltr'>κτίζειν</span> <span class='ocrx_word' id='word_1_33' title='bbox 1161 531 1361 584; x_wconf 89' lang='grc' dir='ltr'>πάντων</span> <span class='ocrx_word' id='word_1_34' title='bbox 1405 531 1603 590; x_wconf 86' lang='grc' dir='ltr'>Ἰώνων,</span> <span class='ocrx_word' id='word_1_35' title='bbox 1653 531 1731 583; x_wconf 91' lang='grc' dir='ltr'>καὶ</span> <span class='ocrx_word' id='word_1_36' title='bbox 1777 527 1903 583; x_wconf 74' lang='grc' dir='ltr'>οὕτω</span> 
     </span>
     <span class='ocr_line' id='line_1_9' title="bbox 231 613 1905 683; baseline 0 -14"><span class='ocrx_word' id='word_1_37' title='bbox 231 615 651 683; x_wconf 80' lang='grc' dir='ltr'>ἀπαλλαχθέντας</span> <span class='ocrx_word' id='word_1_38' title='bbox 689 614 852 683; x_wconf 89' lang='grc' dir='ltr'>σφέας</span> <span class='ocrx_word' id='word_1_39' title='bbox 883 615 1190 680; x_wconf 82' lang='grc' dir='ltr'>δουλοσύνης</span> <span class='ocrx_word' id='word_1_40' title='bbox 1222 613 1616 680; x_wconf 85' lang='grc' dir='ltr'>εὐδαιμονήσειν,</span> <span class='ocrx_word' id='word_1_41' title='bbox 1652 615 1822 681; x_wconf 88' lang='grc' dir='ltr'>νήσων</span> <span class='ocrx_word' id='word_1_42' title='bbox 1851 637 1905 669; x_wconf 86' lang='grc' dir='ltr'>τε</span> 
     </span>
     <span class='ocr_line' id='line_1_10' title="bbox 232 697 1906 768; baseline -0.001 -16"><span class='ocrx_word' id='word_1_43' title='bbox 232 699 468 752; x_wconf 84' lang='grc' dir='ltr'>ἁπασέων</span> <span class='ocrx_word' id='word_1_44' title='bbox 498 700 743 767; x_wconf 80' lang='grc' dir='ltr'>μεγίστην</span> <span class='ocrx_word' id='word_1_45' title='bbox 767 697 1065 765; x_wconf 87' lang='grc' dir='ltr'>νεμομένους</span> <span class='ocrx_word' id='word_1_46' title='bbox 1089 700 1169 751; x_wconf 87' lang='grc' dir='ltr'>καὶ</span> <span class='ocrx_word' id='word_1_47' title='bbox 1192 699 1440 768; x_wconf 83' lang='grc' dir='ltr'>ἄρχοντας</span> <span class='ocrx_word' id='word_1_48' title='bbox 1464 699 1652 752; x_wconf 83' lang='grc' dir='ltr'>ἄλλων·</span> <span class='ocrx_word' id='word_1_49' title='bbox 1697 699 1906 764; x_wconf 88' lang='grc' dir='ltr'>μένουσι</span> 
     </span>
     <span class='ocr_line' id='line_1_11' title="bbox 232 782 1904 857; baseline 0.001 -21"><span class='ocrx_word' id='word_1_50' title='bbox 232 784 286 837; x_wconf 87' lang='grc' dir='ltr'>δέ</span> <span class='ocrx_word' id='word_1_51' title='bbox 316 791 415 852; x_wconf 91' lang='grc' dir='ltr'>σφι</span> <span class='ocrx_word' id='word_1_52' title='bbox 444 786 498 836; x_wconf 90' lang='grc' dir='ltr'>ἐν</span> <span class='ocrx_word' id='word_1_53' title='bbox 520 791 580 857; x_wconf 82' lang='grc' dir='ltr'>τῇ</span> <span class='ocrx_word' id='word_1_54' title='bbox 603 783 767 856; x_wconf 85' lang='grc' dir='ltr'>Ἰωνίῃ</span> <span class='ocrx_word' id='word_1_55' title='bbox 792 784 877 835; x_wconf 84' lang='grc' dir='ltr'>οὐκ</span> <span class='ocrx_word' id='word_1_56' title='bbox 909 784 1006 851; x_wconf 88' lang='grc' dir='ltr'>ἔφη</span> <span class='ocrx_word' id='word_1_57' title='bbox 1033 785 1209 851; x_wconf 78' lang='grc' dir='ltr'>ἐνορᾶν</span> <span class='ocrx_word' id='word_1_58' title='bbox 1233 785 1515 850; x_wconf 83' lang='grc' dir='ltr'>ἐλευθερίην</span> <span class='ocrx_word' id='word_1_59' title='bbox 1539 783 1612 836; x_wconf 80' lang='grc' dir='ltr'>ἔτι</span> <span class='ocrx_word' id='word_1_60' title='bbox 1643 782 1904 849; x_wconf 81' lang='grc' dir='ltr'>ἐσομένην.</span> 
     </span>
     <span class='ocr_line' id='line_1_12' title="bbox 232 867 1907 935; baseline 0 -15"><span class='ocrx_word' id='word_1_61' title='bbox 232 870 351 933; x_wconf 84' lang='grc' dir='ltr'>αὕτη</span> <span class='ocrx_word' id='word_1_62' title='bbox 390 871 481 934; x_wconf 79' lang='grc' dir='ltr'>μὲν</span> <span class='ocrx_word' id='word_1_63' title='bbox 519 870 728 921; x_wconf 87' lang='grc' dir='ltr'>Βίαντος</span> <span class='ocrx_word' id='word_1_64' title='bbox 763 873 850 919; x_wconf 83' lang='grc' dir='ltr'>τοῦ</span> <span class='ocrx_word' id='word_1_65' title='bbox 887 867 1133 935; x_wconf 87' lang='grc' dir='ltr'>Πριηνέος</span> <span class='ocrx_word' id='word_1_66' title='bbox 1168 868 1336 935; x_wconf 82' lang='grc' dir='ltr'>γνώμη</span> <span class='ocrx_word' id='word_1_67' title='bbox 1377 868 1456 920; x_wconf 89' lang='grc' dir='ltr'>ἐπὶ</span> <span class='ocrx_word' id='word_1_68' title='bbox 1498 867 1907 935; x_wconf 88' lang='grc' dir='ltr'>διεφθαρμένοισι</span> 
     </span>
     <span class='ocr_line' id='line_1_13' title="bbox 223 948 1907 1021; baseline 0 -17"><span class='ocrx_word' id='word_1_69' title='bbox 223 952 371 1005; x_wconf 81' lang='grc' dir='ltr'>Ἴωσι</span> <span class='ocrx_word' id='word_1_70' title='bbox 401 952 659 1020; x_wconf 86' lang='grc' dir='ltr'>γενομένη,</span> <span class='ocrx_word' id='word_1_71' title='bbox 692 952 887 1021; x_wconf 75' lang='grc' dir='ltr'>χρηστὴ</span> <span class='ocrx_word' id='word_1_72' title='bbox 926 955 979 1005; x_wconf 82' lang='grc' dir='ltr'>δὲ</span> <span class='ocrx_word' id='word_1_73' title='bbox 1016 953 1095 1004; x_wconf 88' lang='grc' dir='ltr'>καὶ</span> <span class='ocrx_word' id='word_1_74' title='bbox 1131 952 1247 1019; x_wconf 90' lang='grc' dir='ltr'>πρὶν</span> <span class='ocrx_word' id='word_1_75' title='bbox 1282 948 1312 1016; x_wconf 79' lang='grc' dir='ltr'>ἢ</span> <span class='ocrx_word' id='word_1_76' title='bbox 1350 955 1682 1019; x_wconf 85' lang='grc' dir='ltr'>διαφθαρῆναι</span> <span class='ocrx_word' id='word_1_77' title='bbox 1713 951 1907 1017; x_wconf 89' lang='grc' dir='ltr'>Ἰωνίην</span> 
     </span>
     <span class='ocr_line' id='line_1_14' title="bbox 234 1035 1906 1104; baseline 0 -14"><span class='ocrx_word' id='word_1_78' title='bbox 234 1036 418 1090; x_wconf 88' lang='grc' dir='ltr'>Θαλέω</span> <span class='ocrx_word' id='word_1_79' title='bbox 451 1037 627 1104; x_wconf 84' lang='grc' dir='ltr'>ἀνδρὸς</span> <span class='ocrx_word' id='word_1_80' title='bbox 659 1038 918 1101; x_wconf 86' lang='grc' dir='ltr'>Μιλησίου</span> <span class='ocrx_word' id='word_1_81' title='bbox 955 1035 1170 1104; x_wconf 86' lang='grc' dir='ltr'>ἐγένετο,</span> <span class='ocrx_word' id='word_1_82' title='bbox 1204 1036 1260 1088; x_wconf 88' lang='grc' dir='ltr'>τὸ</span> <span class='ocrx_word' id='word_1_83' title='bbox 1291 1036 1528 1088; x_wconf 90' lang='grc' dir='ltr'>ἀνέκαθεν</span> <span class='ocrx_word' id='word_1_84' title='bbox 1560 1035 1705 1103; x_wconf 88' lang='grc' dir='ltr'>γένος</span> <span class='ocrx_word' id='word_1_85' title='bbox 1737 1036 1906 1090; x_wconf 81' lang='grc' dir='ltr'>ἐόντος</span> 
     </span>
     <span class='ocr_line' id='line_1_15' title="bbox 234 1119 1906 1187; baseline 0 -14"><span class='ocrx_word' id='word_1_86' title='bbox 234 1123 481 1181; x_wconf 81' lang='grc' dir='ltr'>Φοίνικος,</span> <span class='ocrx_word' id='word_1_87' title='bbox 508 1120 562 1176; x_wconf 85' lang='grc' dir='ltr'>ὃς</span> <span class='ocrx_word' id='word_1_88' title='bbox 592 1120 791 1174; x_wconf 87' lang='grc' dir='ltr'>ἐκέλευε</span> <span class='ocrx_word' id='word_1_89' title='bbox 823 1121 875 1174; x_wconf 81' lang='grc' dir='ltr'>ἓν</span> <span class='ocrx_word' id='word_1_90' title='bbox 898 1119 1259 1187; x_wconf 83' lang='grc' dir='ltr'>βουλευτήριον</span> <span class='ocrx_word' id='word_1_91' title='bbox 1275 1119 1454 1174; x_wconf 84' lang='grc' dir='ltr'>Ἴωνας</span> <span class='ocrx_word' id='word_1_92' title='bbox 1485 1122 1738 1185; x_wconf 85' lang='grc' dir='ltr'>ἐκτῆσθαι,</span> <span class='ocrx_word' id='word_1_93' title='bbox 1765 1121 1822 1173; x_wconf 88' lang='grc' dir='ltr'>τὸ</span> <span class='ocrx_word' id='word_1_94' title='bbox 1853 1123 1906 1173; x_wconf 80' lang='grc' dir='ltr'>δὲ</span> 
     </span>
     <span class='ocr_line' id='line_1_16' title="bbox 234 1202 1906 1276; baseline 0 -18"><span class='ocrx_word' id='word_1_95' title='bbox 234 1207 362 1259; x_wconf 79' lang='grc' dir='ltr'>εἶναι</span> <span class='ocrx_word' id='word_1_96' title='bbox 394 1209 447 1258; x_wconf 88' lang='grc' dir='ltr'>ἐν</span> <span class='ocrx_word' id='word_1_97' title='bbox 477 1205 587 1276; x_wconf 80' lang='grc' dir='ltr'>Τέῳ</span> <span class='ocrx_word' id='word_1_98' title='bbox 613 1205 775 1270; x_wconf 76' lang='grc' dir='ltr'>(Τέων</span> <span class='ocrx_word' id='word_1_99' title='bbox 806 1207 900 1273; x_wconf 80' lang='grc' dir='ltr'>γὰρ</span> <span class='ocrx_word' id='word_1_100' title='bbox 930 1205 1090 1270; x_wconf 91' lang='grc' dir='ltr'>μέσον</span> <span class='ocrx_word' id='word_1_101' title='bbox 1122 1205 1248 1257; x_wconf 75' lang='grc' dir='ltr'>εἶναι</span> <span class='ocrx_word' id='word_1_102' title='bbox 1278 1202 1501 1269; x_wconf 83' lang='grc' dir='ltr'>Ἰωνίης),</span> <span class='ocrx_word' id='word_1_103' title='bbox 1533 1206 1621 1259; x_wconf 81' lang='grc' dir='ltr'>τὰς</span> <span class='ocrx_word' id='word_1_104' title='bbox 1658 1207 1710 1258; x_wconf 81' lang='grc' dir='ltr'>δὲ</span> <span class='ocrx_word' id='word_1_105' title='bbox 1746 1204 1906 1258; x_wconf 85' lang='grc' dir='ltr'>ἄλλας</span> 
     </span>
     <span class='ocr_line' id='line_1_17' title="bbox 233 1289 1907 1356; baseline -0.002 -12"><span class='ocrx_word' id='word_1_106' title='bbox 233 1291 415 1344; x_wconf 90' lang='grc' dir='ltr'>πόλιας</span> <span class='ocrx_word' id='word_1_107' title='bbox 466 1289 751 1356; x_wconf 84' lang='grc' dir='ltr'>οἰκεομένας</span> <span class='ocrx_word' id='word_1_108' title='bbox 800 1292 954 1356; x_wconf 78' lang='grc' dir='ltr'>μηδὲν</span> <span class='ocrx_word' id='word_1_109' title='bbox 1001 1290 1167 1356; x_wconf 80' lang='grc' dir='ltr'>ἧσσον</span> <span class='ocrx_word' id='word_1_110' title='bbox 1214 1290 1502 1356; x_wconf 81' lang='grc' dir='ltr'>νομίζεσθαι</span> <span class='ocrx_word' id='word_1_111' title='bbox 1554 1289 1677 1342; x_wconf 89' lang='grc' dir='ltr'>κατά</span> <span class='ocrx_word' id='word_1_112' title='bbox 1724 1311 1815 1356; x_wconf 88' lang='grc' dir='ltr'>περ</span> <span class='ocrx_word' id='word_1_113' title='bbox 1863 1291 1907 1342; x_wconf 81' lang='grc' dir='ltr'>εἰ</span> 
     </span>
     <span class='ocr_line' id='line_1_18' title="bbox 235 1375 528 1441; baseline -0.003 -14"><span class='ocrx_word' id='word_1_114' title='bbox 235 1379 380 1441; x_wconf 87' lang='grc' dir='ltr'>δῆμοι</span> <span class='ocrx_word' id='word_1_115' title='bbox 412 1375 528 1427; x_wconf 72' lang='grc' dir='ltr'>εἶεν.</span> 
     </span>
    </p>
   </div>
   <div class='ocr_carea' id='block_1_6' title="bbox 318 1456 1951 1526">
    <p class='ocr_par' dir='ltr' id='par_1_6' title="bbox 318 1456 1951 1526">
     <span class='ocr_line' id='line_1_19' title="bbox 318 1456 1951 1526; baseline 0.001 -15"><span class='ocrx_word' id='word_1_116' title='bbox 318 1460 475 1511; x_wconf 76' lang='grc' dir='ltr'>Οὗτοι</span> <span class='ocrx_word' id='word_1_117' title='bbox 503 1461 594 1525; x_wconf 81' lang='grc' dir='ltr'>μὲν</span> <span class='ocrx_word' id='word_1_118' title='bbox 617 1456 675 1523; x_wconf 87' lang='grc' dir='ltr'>δή</span> <span class='ocrx_word' id='word_1_119' title='bbox 702 1463 799 1526; x_wconf 88' lang='grc' dir='ltr'>σφι</span> <span class='ocrx_word' id='word_1_120' title='bbox 821 1458 1020 1526; x_wconf 86' lang='grc' dir='ltr'>γνώμας</span> <span class='ocrx_word' id='word_1_121' title='bbox 1042 1456 1244 1512; x_wconf 88' lang='grc' dir='ltr'>τοιάσδε</span> <span class='ocrx_word' id='word_1_122' title='bbox 1269 1457 1587 1524; x_wconf 80' lang='grc' dir='ltr'>ἀπεδέξαντο.</span> <span class='ocrx_word' id='word_1_123' title='bbox 1644 1456 1906 1525; x_wconf 64' lang='grc' dir='ltr'>’Ἅρπαγος</span> <span class='ocrx_word' id='word_1_124' title='bbox 1944 1471 1951 1475; x_wconf 81' lang='grc'><strong><em>’</em></strong></span> 
     </span>
    </p>
   </div>
   <div class='ocr_carea' id='block_1_7' title="bbox 234 1542 1909 2830">
    <p class='ocr_par' dir='ltr' id='par_1_7' title="bbox 234 1542 1909 2706">
     <span class='ocr_line' id='line_1_20' title="bbox 234 1542 1907 1611; baseline -0.001 -14"><span class='ocrx_word' id='word_1_125' title='bbox 234 1547 286 1597; x_wconf 82' lang='grc' dir='ltr'>δὲ</span> <span class='ocrx_word' id='word_1_126' title='bbox 322 1542 798 1611; x_wconf 79' lang='grc' dir='ltr'>καταστρεψάμενος</span> <span class='ocrx_word' id='word_1_127' title='bbox 826 1543 1021 1609; x_wconf 89' lang='grc' dir='ltr'>Ἰωνίην</span> <span class='ocrx_word' id='word_1_128' title='bbox 1059 1543 1281 1597; x_wconf 87' lang='grc' dir='ltr'>ἐποιέετο</span> <span class='ocrx_word' id='word_1_129' title='bbox 1319 1545 1592 1611; x_wconf 90' lang='grc' dir='ltr'>στρατηίην</span> <span class='ocrx_word' id='word_1_130' title='bbox 1626 1543 1707 1595; x_wconf 90' lang='grc' dir='ltr'>ἐπὶ</span> <span class='ocrx_word' id='word_1_131' title='bbox 1738 1546 1907 1610; x_wconf 80' lang='grc' dir='ltr'>Κᾶρας</span> 
     </span>
     <span class='ocr_line' id='line_1_21' title="bbox 236 1627 1907 1695; baseline -0.002 -15"><span class='ocrx_word' id='word_1_132' title='bbox 236 1629 314 1681; x_wconf 88' lang='grc' dir='ltr'>καὶ</span> <span class='ocrx_word' id='word_1_133' title='bbox 359 1630 602 1682; x_wconf 87' lang='grc' dir='ltr'>Καυνίους</span> <span class='ocrx_word' id='word_1_134' title='bbox 648 1628 727 1680; x_wconf 88' lang='grc' dir='ltr'>καὶ</span> <span class='ocrx_word' id='word_1_135' title='bbox 772 1628 995 1687; x_wconf 79' lang='grc' dir='ltr'>Λυκίους,</span> <span class='ocrx_word' id='word_1_136' title='bbox 1043 1628 1143 1693; x_wconf 82' lang='grc' dir='ltr'>ἅμα</span> <span class='ocrx_word' id='word_1_137' title='bbox 1192 1628 1436 1695; x_wconf 89' lang='grc' dir='ltr'>ἀγόμενος</span> <span class='ocrx_word' id='word_1_138' title='bbox 1485 1628 1564 1679; x_wconf 91' lang='grc' dir='ltr'>καὶ</span> <span class='ocrx_word' id='word_1_139' title='bbox 1600 1627 1780 1682; x_wconf 85' lang='grc' dir='ltr'>Ἴωνας</span> <span class='ocrx_word' id='word_1_140' title='bbox 1829 1627 1907 1678; x_wconf 86' lang='grc' dir='ltr'>καὶ</span> 
     </span>
     <span class='ocr_line' id='line_1_22' title="bbox 234 1710 1908 1780; baseline 0 -16"><span class='ocrx_word' id='word_1_141' title='bbox 234 1712 462 1766; x_wconf 82' lang='grc' dir='ltr'>Αἰολέας.</span> <span class='ocrx_word' id='word_1_142' title='bbox 532 1712 631 1765; x_wconf 84' lang='grc' dir='ltr'>εἶσὶ</span> <span class='ocrx_word' id='word_1_143' title='bbox 654 1714 707 1764; x_wconf 79' lang='grc' dir='ltr'>δὲ</span> <span class='ocrx_word' id='word_1_144' title='bbox 730 1712 918 1765; x_wconf 88' lang='grc' dir='ltr'>τούτων</span> <span class='ocrx_word' id='word_1_145' title='bbox 940 1715 1099 1779; x_wconf 80' lang='grc' dir='ltr'>Κᾶρες</span> <span class='ocrx_word' id='word_1_146' title='bbox 1120 1714 1212 1777; x_wconf 80' lang='grc' dir='ltr'>μὲν</span> <span class='ocrx_word' id='word_1_147' title='bbox 1235 1712 1499 1780; x_wconf 87' lang='grc' dir='ltr'>ἀπιγμένοι</span> <span class='ocrx_word' id='word_1_148' title='bbox 1523 1714 1574 1766; x_wconf 86' lang='grc' dir='ltr'>ἐς</span> <span class='ocrx_word' id='word_1_149' title='bbox 1596 1710 1685 1775; x_wconf 82' lang='grc' dir='ltr'>τὴν</span> <span class='ocrx_word' id='word_1_150' title='bbox 1704 1710 1908 1778; x_wconf 85' lang='grc' dir='ltr'>ἤπειρον</span> 
     </span>
     <span class='ocr_line' id='line_1_23' title="bbox 235 1794 1909 1865; baseline -0.002 -16"><span class='ocrx_word' id='word_1_151' title='bbox 235 1799 288 1849; x_wconf 90' lang='grc' dir='ltr'>ἐκ</span> <span class='ocrx_word' id='word_1_152' title='bbox 326 1803 424 1849; x_wconf 81' lang='grc' dir='ltr'>τῶν</span> <span class='ocrx_word' id='word_1_153' title='bbox 459 1797 646 1864; x_wconf 89' lang='grc' dir='ltr'>νήσων·</span> <span class='ocrx_word' id='word_1_154' title='bbox 692 1796 749 1848; x_wconf 88' lang='grc' dir='ltr'>τὸ</span> <span class='ocrx_word' id='word_1_155' title='bbox 784 1799 879 1865; x_wconf 81' lang='grc' dir='ltr'>γὰρ</span> <span class='ocrx_word' id='word_1_156' title='bbox 917 1796 1134 1849; x_wconf 87' lang='grc' dir='ltr'>παλαιὸν</span> <span class='ocrx_word' id='word_1_157' title='bbox 1171 1797 1337 1851; x_wconf 89' lang='grc' dir='ltr'>ἐόντες</span> <span class='ocrx_word' id='word_1_158' title='bbox 1375 1798 1519 1849; x_wconf 84' lang='grc' dir='ltr'>Μίνω</span> <span class='ocrx_word' id='word_1_159' title='bbox 1558 1794 1788 1861; x_wconf 89' lang='grc' dir='ltr'>κατήκοοι</span> <span class='ocrx_word' id='word_1_160' title='bbox 1830 1795 1909 1846; x_wconf 89' lang='grc' dir='ltr'>καὶ</span> 
     </span>
     <span class='ocr_line' id='line_1_24' title="bbox 235 1878 1909 1950; baseline -0.001 -17"><span class='ocrx_word' id='word_1_161' title='bbox 235 1882 529 1948; x_wconf 91' lang='grc' dir='ltr'>καλεόμενοι</span> <span class='ocrx_word' id='word_1_162' title='bbox 574 1881 793 1948; x_wconf 85' lang='grc' dir='ltr'>Λέλεγες</span> <span class='ocrx_word' id='word_1_163' title='bbox 839 1881 979 1950; x_wconf 76' lang='grc' dir='ltr'>εἶχον</span> <span class='ocrx_word' id='word_1_164' title='bbox 1023 1883 1110 1934; x_wconf 81' lang='grc' dir='ltr'>τὰς</span> <span class='ocrx_word' id='word_1_165' title='bbox 1153 1879 1353 1945; x_wconf 86' lang='grc' dir='ltr'>νήσους,</span> <span class='ocrx_word' id='word_1_166' title='bbox 1399 1881 1557 1948; x_wconf 90' lang='grc' dir='ltr'>φόρον</span> <span class='ocrx_word' id='word_1_167' title='bbox 1599 1882 1691 1945; x_wconf 78' lang='grc' dir='ltr'>μὲν</span> <span class='ocrx_word' id='word_1_168' title='bbox 1731 1878 1909 1932; x_wconf 84' lang='grc' dir='ltr'>οὐδένα</span> 
     </span>
     <span class='ocr_line' id='line_1_25' title="bbox 234 1961 1908 2033; baseline -0.002 -15"><span class='ocrx_word' id='word_1_169' title='bbox 234 1965 606 2025; x_wconf 85' lang='grc' dir='ltr'>ὑποτελέοντες,</span> <span class='ocrx_word' id='word_1_170' title='bbox 645 1966 771 2018; x_wconf 86' lang='grc' dir='ltr'>ὅσον</span> <span class='ocrx_word' id='word_1_171' title='bbox 808 1966 888 2018; x_wconf 80' lang='grc' dir='ltr'>καὶ</span> <span class='ocrx_word' id='word_1_172' title='bbox 923 1967 1021 2033; x_wconf 85' lang='grc' dir='ltr'>ἐγὼ</span> <span class='ocrx_word' id='word_1_173' title='bbox 1059 1966 1264 2020; x_wconf 87' lang='grc' dir='ltr'>δυνατός</span> <span class='ocrx_word' id='word_1_174' title='bbox 1305 1967 1404 2030; x_wconf 83' lang='grc' dir='ltr'>εἰμι</span> <span class='ocrx_word' id='word_1_175' title='bbox 1440 1961 1566 2031; x_wconf 76' lang='grc' dir='ltr'>(ἐπὶ)</span> <span class='ocrx_word' id='word_1_176' title='bbox 1601 1965 1908 2031; x_wconf 89' lang='grc' dir='ltr'>μακρότατον</span> 
     </span>
     <span class='ocr_line' id='line_1_26' title="bbox 235 2047 1908 2122; baseline 0 -21"><span class='ocrx_word' id='word_1_177' title='bbox 235 2050 489 2114; x_wconf 76' lang='grc' dir='ltr'>ἐξικέσθαι</span> <span class='ocrx_word' id='word_1_178' title='bbox 523 2051 661 2122; x_wconf 85' lang='grc' dir='ltr'>ἀκοῇ,</span> <span class='ocrx_word' id='word_1_179' title='bbox 696 2052 742 2102; x_wconf 82' lang='grc' dir='ltr'>οἱ</span> <span class='ocrx_word' id='word_1_180' title='bbox 779 2049 848 2109; x_wconf 88' lang='grc' dir='ltr'>δέ,</span> <span class='ocrx_word' id='word_1_181' title='bbox 882 2051 1008 2104; x_wconf 85' lang='grc' dir='ltr'>ὅκως</span> <span class='ocrx_word' id='word_1_182' title='bbox 1045 2051 1218 2102; x_wconf 87' lang='grc' dir='ltr'>Μίνως</span> <span class='ocrx_word' id='word_1_183' title='bbox 1255 2048 1432 2109; x_wconf 88' lang='grc' dir='ltr'>δέοιτο,</span> <span class='ocrx_word' id='word_1_184' title='bbox 1468 2047 1724 2115; x_wconf 86' lang='grc' dir='ltr'>ἐπλήρουν</span> <span class='ocrx_word' id='word_1_185' title='bbox 1746 2049 1792 2100; x_wconf 84' lang='grc' dir='ltr'>οἱ</span> <span class='ocrx_word' id='word_1_186' title='bbox 1821 2049 1908 2101; x_wconf 82' lang='grc' dir='ltr'>τᾶς</span> 
     </span>
     <span class='ocr_line' id='line_1_27' title="bbox 234 2131 1908 2201; baseline -0.002 -16"><span class='ocrx_word' id='word_1_187' title='bbox 234 2133 364 2188; x_wconf 91' lang='grc' dir='ltr'>νέας.</span> <span class='ocrx_word' id='word_1_188' title='bbox 453 2134 541 2188; x_wconf 79' lang='grc' dir='ltr'>ἅτε</span> <span class='ocrx_word' id='word_1_189' title='bbox 584 2134 642 2199; x_wconf 82' lang='grc' dir='ltr'>δὴ</span> <span class='ocrx_word' id='word_1_190' title='bbox 687 2134 830 2186; x_wconf 89' lang='grc' dir='ltr'>Μίνω</span> <span class='ocrx_word' id='word_1_191' title='bbox 875 2155 930 2185; x_wconf 90' lang='grc' dir='ltr'>τε</span> <span class='ocrx_word' id='word_1_192' title='bbox 976 2132 1410 2201; x_wconf 89' lang='grc' dir='ltr'>κατεστραμμένου</span> <span class='ocrx_word' id='word_1_193' title='bbox 1454 2136 1548 2199; x_wconf 86' lang='grc' dir='ltr'>γῆν</span> <span class='ocrx_word' id='word_1_194' title='bbox 1590 2131 1788 2197; x_wconf 79' lang='grc' dir='ltr'>πολλὴν</span> <span class='ocrx_word' id='word_1_195' title='bbox 1829 2131 1908 2183; x_wconf 87' lang='grc' dir='ltr'>καὶ</span> 
     </span>
     <span class='ocr_line' id='line_1_28' title="bbox 237 2216 1908 2288; baseline -0.002 -19"><span class='ocrx_word' id='word_1_196' title='bbox 237 2217 555 2287; x_wconf 81' lang='grc' dir='ltr'>εὐτυχέοντος</span> <span class='ocrx_word' id='word_1_197' title='bbox 595 2223 662 2288; x_wconf 78' lang='grc' dir='ltr'>τῷ</span> <span class='ocrx_word' id='word_1_198' title='bbox 700 2217 901 2288; x_wconf 81' lang='grc' dir='ltr'>πολέμῳ</span> <span class='ocrx_word' id='word_1_199' title='bbox 938 2217 996 2269; x_wconf 89' lang='grc' dir='ltr'>τὸ</span> <span class='ocrx_word' id='word_1_200' title='bbox 1034 2216 1252 2285; x_wconf 86' lang='grc' dir='ltr'>Καρικὸν</span> <span class='ocrx_word' id='word_1_201' title='bbox 1286 2216 1347 2281; x_wconf 84' lang='grc' dir='ltr'>ῆν</span> <span class='ocrx_word' id='word_1_202' title='bbox 1384 2216 1527 2270; x_wconf 84' lang='grc' dir='ltr'>ἔθνος</span> <span class='ocrx_word' id='word_1_203' title='bbox 1566 2216 1908 2283; x_wconf 85' lang='grc' dir='ltr'>λογιμώτατον</span> 
     </span>
     <span class='ocr_line' id='line_1_29' title="bbox 235 2300 1906 2369; baseline -0.001 -17"><span class='ocrx_word' id='word_1_204' title='bbox 235 2307 336 2353; x_wconf 83' lang='grc' dir='ltr'>τῶν</span> <span class='ocrx_word' id='word_1_205' title='bbox 377 2301 561 2355; x_wconf 88' lang='grc' dir='ltr'>ἐθνέων</span> <span class='ocrx_word' id='word_1_206' title='bbox 603 2300 836 2354; x_wconf 84' lang='grc' dir='ltr'>ἁπάντων</span> <span class='ocrx_word' id='word_1_207' title='bbox 877 2303 998 2353; x_wconf 84' lang='grc' dir='ltr'>κατὰ</span> <span class='ocrx_word' id='word_1_208' title='bbox 1037 2306 1210 2354; x_wconf 84' lang='grc' dir='ltr'>τοῦτον</span> <span class='ocrx_word' id='word_1_209' title='bbox 1251 2300 1352 2366; x_wconf 80' lang='grc' dir='ltr'>ἅμα</span> <span class='ocrx_word' id='word_1_210' title='bbox 1391 2300 1479 2353; x_wconf 88' lang='grc' dir='ltr'>τὸν</span> <span class='ocrx_word' id='word_1_211' title='bbox 1514 2301 1700 2369; x_wconf 78' lang='grc' dir='ltr'>χρόνον</span> <span class='ocrx_word' id='word_1_212' title='bbox 1739 2304 1906 2369; x_wconf 79' lang='grc' dir='ltr'>μακρῷ</span> 
     </span>
     <span class='ocr_line' id='line_1_30' title="bbox 234 2382 1904 2453; baseline -0.002 -16"><span class='ocrx_word' id='word_1_213' title='bbox 234 2385 472 2451; x_wconf 88' lang='grc' dir='ltr'>μάλιστα.</span> <span class='ocrx_word' id='word_1_214' title='bbox 549 2387 632 2438; x_wconf 91' lang='grc' dir='ltr'>καί</span> <span class='ocrx_word' id='word_1_215' title='bbox 665 2391 762 2453; x_wconf 93' lang='grc' dir='ltr'>σφι</span> <span class='ocrx_word' id='word_1_216' title='bbox 797 2384 939 2452; x_wconf 81' lang='grc' dir='ltr'>τριξὰ</span> <span class='ocrx_word' id='word_1_217' title='bbox 975 2383 1278 2452; x_wconf 80' lang='grc' dir='ltr'>ἐξευρήματα</span> <span class='ocrx_word' id='word_1_218' title='bbox 1316 2383 1518 2450; x_wconf 84' lang='grc' dir='ltr'>ἐγένετο</span> <span class='ocrx_word' id='word_1_219' title='bbox 1547 2388 1680 2436; x_wconf 85' lang='grc' dir='ltr'>τοῖσι</span> <span class='ocrx_word' id='word_1_220' title='bbox 1710 2386 1756 2436; x_wconf 84' lang='grc' dir='ltr'>οἱ</span> <span class='ocrx_word' id='word_1_221' title='bbox 1776 2382 1904 2434; x_wconf 61' lang='lat' dir='ltr'>‘&#39;EA-</span> 
     </span>
     <span class='ocr_line' id='line_1_31' title="bbox 235 2466 1908 2537; baseline -0.002 -16"><span class='ocrx_word' id='word_1_222' title='bbox 235 2477 384 2534; x_wconf 90' lang='grc' dir='ltr'>ληνες</span> <span class='ocrx_word' id='word_1_223' title='bbox 416 2468 715 2537; x_wconf 88' lang='grc' dir='ltr'>ἐχρήσαντο·</span> <span class='ocrx_word' id='word_1_224' title='bbox 763 2470 842 2522; x_wconf 89' lang='grc' dir='ltr'>καὶ</span> <span class='ocrx_word' id='word_1_225' title='bbox 871 2470 965 2536; x_wconf 81' lang='grc' dir='ltr'>γὰρ</span> <span class='ocrx_word' id='word_1_226' title='bbox 990 2468 1072 2521; x_wconf 90' lang='grc' dir='ltr'>ἐπὶ</span> <span class='ocrx_word' id='word_1_227' title='bbox 1101 2470 1163 2520; x_wconf 82' lang='grc' dir='ltr'>τὰ</span> <span class='ocrx_word' id='word_1_228' title='bbox 1193 2467 1372 2536; x_wconf 85' lang='grc' dir='ltr'>κράνεα</span> <span class='ocrx_word' id='word_1_229' title='bbox 1400 2469 1592 2535; x_wconf 90' lang='grc' dir='ltr'>λόφους</span> <span class='ocrx_word' id='word_1_230' title='bbox 1622 2466 1908 2519; x_wconf 87' lang='grc' dir='ltr'>ἐπιδέεσθαι</span> 
     </span>
     <span class='ocr_line' id='line_1_32' title="bbox 239 2545 1907 2621; baseline -0.002 -16"><span class='ocrx_word' id='word_1_231' title='bbox 239 2552 400 2621; x_wconf 86' lang='grc' dir='ltr'>Κᾶρές</span> <span class='ocrx_word' id='word_1_232' title='bbox 431 2556 530 2607; x_wconf 81' lang='grc' dir='ltr'>εἰσι</span> <span class='ocrx_word' id='word_1_233' title='bbox 561 2556 608 2605; x_wconf 81' lang='grc' dir='ltr'>οἱ</span> <span class='ocrx_word' id='word_1_234' title='bbox 645 2545 997 2618; x_wconf 84' lang='grc' dir='ltr'>καταδέξαντες</span> <span class='ocrx_word' id='word_1_235' title='bbox 1029 2552 1108 2604; x_wconf 89' lang='grc' dir='ltr'>καὶ</span> <span class='ocrx_word' id='word_1_236' title='bbox 1142 2552 1224 2605; x_wconf 88' lang='grc' dir='ltr'>ἐπὶ</span> <span class='ocrx_word' id='word_1_237' title='bbox 1253 2554 1342 2606; x_wconf 80' lang='grc' dir='ltr'>τὰς</span> <span class='ocrx_word' id='word_1_238' title='bbox 1378 2552 1593 2606; x_wconf 87' lang='grc' dir='ltr'>ἀσπίδας</span> <span class='ocrx_word' id='word_1_239' title='bbox 1620 2553 1682 2602; x_wconf 81' lang='grc' dir='ltr'>τὰ</span> <span class='ocrx_word' id='word_1_240' title='bbox 1718 2548 1907 2615; x_wconf 89' lang='grc' dir='ltr'>σημήια</span> 
     </span>
     <span class='ocr_line' id='line_1_33' title="bbox 238 2634 1904 2706; baseline -0.002 -17"><span class='ocrx_word' id='word_1_241' title='bbox 238 2636 514 2698; x_wconf 88' lang='grc' dir='ltr'>ποιέεσθαι,</span> <span class='ocrx_word' id='word_1_242' title='bbox 540 2638 617 2689; x_wconf 82' lang='grc' dir='ltr'>καὶ</span> <span class='ocrx_word' id='word_1_243' title='bbox 636 2640 797 2706; x_wconf 83' lang='grc' dir='ltr'>ὄχανα</span> <span class='ocrx_word' id='word_1_244' title='bbox 816 2637 1001 2690; x_wconf 88' lang='grc' dir='ltr'>ἀσπίσι</span> <span class='ocrx_word' id='word_1_245' title='bbox 1019 2637 1157 2689; x_wconf 73' lang='grc' dir='ltr'>οὗτοί</span> <span class='ocrx_word' id='word_1_246' title='bbox 1173 2638 1272 2689; x_wconf 86' lang='grc' dir='ltr'>εἶσι</span> <span class='ocrx_word' id='word_1_247' title='bbox 1290 2638 1336 2688; x_wconf 82' lang='grc' dir='ltr'>οἱ</span> <span class='ocrx_word' id='word_1_248' title='bbox 1357 2634 1685 2701; x_wconf 88' lang='grc' dir='ltr'>ποιησάμενοι</span> <span class='ocrx_word' id='word_1_249' title='bbox 1703 2639 1904 2701; x_wconf 82' lang='grc' dir='ltr'>πρῶτοι·</span> 
     </span>
    </p>

    <p class='ocr_par' dir='ltr' id='par_1_8' title="bbox 293 2772 1903 2830">
     <span class='ocr_line' id='line_1_34' title="bbox 293 2772 1903 2830; baseline 0 -13"><span class='ocrx_word' id='word_1_250' title='bbox 293 2790 318 2826; x_wconf 91' lang='grc'>3</span> <span class='ocrx_word' id='word_1_251' title='bbox 368 2775 579 2830; x_wconf 82' lang='grc' dir='ltr'>ἀερθέντας</span> <span class='ocrx_word' id='word_1_252' title='bbox 617 2776 783 2817; x_wconf 75' lang='lat' dir='ltr'>Aldus:</span> <span class='ocrx_word' id='word_1_253' title='bbox 831 2775 1060 2829; x_wconf 83' lang='grc' dir='ltr'>αἱρεθέντας</span> <span class='ocrx_word' id='word_1_254' title='bbox 1100 2776 1133 2814; x_wconf 93' lang='lat' dir='ltr'><strong>L</strong></span> <span class='ocrx_word' id='word_1_255' title='bbox 1358 2787 1407 2814; x_wconf 86' lang='lat'>10</span> <span class='ocrx_word' id='word_1_256' title='bbox 1453 2773 1595 2816; x_wconf 83' lang='grc' dir='ltr'>Θάλεω</span> <span class='ocrx_word' id='word_1_257' title='bbox 1634 2775 1667 2814; x_wconf 92' lang='lat' dir='ltr'><strong>L</strong></span> <span class='ocrx_word' id='word_1_258' title='bbox 1701 2773 1816 2825; x_wconf 85' lang='grc' dir='ltr'>(·λλ·</span> <span class='ocrx_word' id='word_1_259' title='bbox 1850 2772 1903 2817; x_wconf 63' lang='grc' dir='ltr'>Ρ)</span> 
     </span>
    </p>
   </div>
   <div class='ocr_carea' id='block_1_8' title="bbox 242 2827 1905 2938">
    <p class='ocr_par' dir='ltr' id='par_1_9' title="bbox 242 2827 1905 2938">
     <span class='ocr_line' id='line_1_35' title="bbox 243 2827 1904 2880; baseline -0.002 -11"><span class='ocrx_word' id='word_1_260' title='bbox 243 2843 287 2870; x_wconf 87' lang='grc'>11</span> <span class='ocrx_word' id='word_1_261' title='bbox 321 2834 541 2879; x_wconf 83' lang='grc' dir='ltr'>κεκτῆσθαι</span> <span class='ocrx_word' id='word_1_262' title='bbox 561 2829 601 2869; x_wconf 92' lang='grc' dir='ltr'><strong>Α</strong></span> <span class='ocrx_word' id='word_1_263' title='bbox 664 2843 668 2848; x_wconf 92' lang='grc'><strong><em>·</em></strong></span> <span class='ocrx_word' id='word_1_264' title='bbox 741 2836 748 2840; x_wconf 85' lang='grc'>·</span> <span class='ocrx_word' id='word_1_265' title='bbox 769 2843 816 2869; x_wconf 84' lang='lat'>12</span> <span class='ocrx_word' id='word_1_266' title='bbox 845 2830 979 2880; x_wconf 82' lang='grc' dir='ltr'>μέσην</span> <span class='ocrx_word' id='word_1_267' title='bbox 998 2831 1147 2880; x_wconf 87' lang='lat' dir='ltr'><strong>Steph.</strong></span> <span class='ocrx_word' id='word_1_268' title='bbox 1173 2829 1276 2880; x_wconf 84' lang='lat' dir='ltr'>Byz.</span> <span class='ocrx_word' id='word_1_269' title='bbox 1299 2842 1385 2870; x_wconf 81' lang='lat' dir='ltr'><strong>S.v.</strong></span> <span class='ocrx_word' id='word_1_270' title='bbox 1408 2828 1514 2870; x_wconf 84' lang='grc' dir='ltr'>Τέως</span> <span class='ocrx_word' id='word_1_271' title='bbox 1671 2841 1719 2879; x_wconf 83' lang='grc'>13</span> <span class='ocrx_word' id='word_1_272' title='bbox 1747 2827 1848 2870; x_wconf 78' lang='grc' dir='ltr'>καθά</span> <span class='ocrx_word' id='word_1_273' title='bbox 1869 2827 1904 2866; x_wconf 92' lang='grc' dir='ltr'>Β</span> 
     </span>
     <span class='ocr_line' id='line_1_36' title="bbox 242 2882 1905 2938; baseline -0.001 -15"><span class='ocrx_word' id='word_1_274' title='bbox 242 2897 292 2935; x_wconf 89' lang='lat'>15</span> <span class='ocrx_word' id='word_1_275' title='bbox 322 2885 431 2926; x_wconf 65' lang='grc' dir='ltr'>οὗτοι</span> <span class='ocrx_word' id='word_1_276' title='bbox 453 2886 688 2926; x_wconf 67' lang='lat' dir='ltr'>Sehaefer:</span> <span class='ocrx_word' id='word_1_277' title='bbox 717 2886 820 2926; x_wconf 77' lang='grc' dir='ltr'>οὕτω</span> <span class='ocrx_word' id='word_1_278' title='bbox 842 2885 876 2923; x_wconf 94' lang='lat' dir='ltr'>L</span> <span class='ocrx_word' id='word_1_279' title='bbox 1064 2886 1114 2923; x_wconf 91' lang='lat'>16</span> <span class='ocrx_word' id='word_1_280' title='bbox 1142 2885 1339 2938; x_wconf 78' lang='grc' dir='ltr'>στρατίην</span> <span class='ocrx_word' id='word_1_281' title='bbox 1359 2884 1393 2923; x_wconf 96' lang='lat' dir='ltr'>C</span> <span class='ocrx_word' id='word_1_282' title='bbox 1578 2896 1625 2932; x_wconf 84' lang='lat'>17</span> <span class='ocrx_word' id='word_1_283' title='bbox 1659 2882 1905 2924; x_wconf 82' lang='grc' dir='ltr'>Καυκωνίους</span> 
     </span>
    </p>
   </div>
   <div class='ocr_carea' id='block_1_9' title="bbox 1931 636 1953 677">
    <p class='ocr_par' dir='ltr' id='par_1_10' title="bbox 1931 636 1953 677">
     <span class='ocr_line' id='line_1_37' title="bbox 1931 636 1953 677; baseline 0 0"><span class='ocrx_word' id='word_1_284' title='bbox 1931 636 1953 677; x_wconf 91' lang='grc'>5</span> 
     </span>
    </p>
   </div>
   <div class='ocr_carea' id='block_1_10' title="bbox 1935 1059 1984 1087">
    <p class='ocr_par' dir='ltr' id='par_1_11' title="bbox 1935 1059 1984 1087">
     <span class='ocr_line' id='line_1_38' title="bbox 1935 1059 1984 1087; baseline 0 0"><span class='ocrx_word' id='word_1_285' title='bbox 1935 1059 1984 1087; x_wconf 90' lang='lat'>10</span> 
     </span>
    </p>
   </div>
   <div class='ocr_carea' id='block_1_11' title="bbox 1935 1902 1985 1930">
    <p class='ocr_par' dir='ltr' id='par_1_12' title="bbox 1935 1902 1985 1930">
     <span class='ocr_line' id='line_1_39' title="bbox 1935 1902 1985 1930; baseline 0 0"><span class='ocrx_word' id='word_1_286' title='bbox 1935 1902 1985 1930; x_wconf 87' lang='lat'>20</span> 
     </span>
    </p>
   </div>
   <div class='ocr_carea' id='block_1_12' title="bbox 1934 2321 1982 2362">
    <p class='ocr_par' dir='ltr' id='par_1_13' title="bbox 1934 2321 1982 2362">
     <span class='ocr_line' id='line_1_40' title="bbox 1934 2321 1982 2362; baseline 0 0"><span class='ocrx_word' id='word_1_287' title='bbox 1934 2321 1982 2362; x_wconf 87' lang='lat'>25</span> 
     </span>
    </p>
   </div>
   <div class='ocr_carea' id='block_1_13' title="bbox 236 2936 1938 2991">
    <p class='ocr_par' dir='ltr' id='par_1_14' title="bbox 236 2936 1938 2991">
     <span class='ocr_line' id='line_1_41' title="bbox 236 2936 1938 2991; baseline -0.003 -13"><span class='ocrx_word' id='word_1_288' title='bbox 236 2939 326 2978; x_wconf 91' lang='lat' dir='ltr'>AB</span> <span class='ocrx_word' id='word_1_289' title='bbox 342 2941 375 2979; x_wconf 94' lang='lat' dir='ltr'>C</span> <span class='ocrx_word' id='word_1_290' title='bbox 519 2953 567 2978; x_wconf 85' lang='lat'>21</span> <span class='ocrx_word' id='word_1_291' title='bbox 602 2941 667 2980; x_wconf 80' lang='grc' dir='ltr'>ἐπὶ</span> <span class='ocrx_word' id='word_1_292' title='bbox 687 2940 783 2979; x_wconf 83' lang='lat' dir='ltr'>add.</span> <span class='ocrx_word' id='word_1_293' title='bbox 807 2939 984 2980; x_wconf 77' lang='lat' dir='ltr'>Werfer</span> <span class='ocrx_word' id='word_1_294' title='bbox 1148 2951 1201 2990; x_wconf 82' lang='lat'>23</span> <span class='ocrx_word' id='word_1_295' title='bbox 1230 2939 1299 2991; x_wconf 81' lang='grc' dir='ltr'>δὴ]</span> <span class='ocrx_word' id='word_1_296' title='bbox 1321 2937 1365 2980; x_wconf 85' lang='grc' dir='ltr'>δὲ</span> <span class='ocrx_word' id='word_1_297' title='bbox 1386 2939 1436 2987; x_wconf 78' lang='grc' dir='ltr'>δὴ</span> <span class='ocrx_word' id='word_1_298' title='bbox 1457 2939 1491 2977; x_wconf 91' lang='lat' dir='ltr'>C</span> <span class='ocrx_word' id='word_1_299' title='bbox 1594 2955 1640 2979; x_wconf 82' lang='grc' dir='ltr'>τε</span> <span class='ocrx_word' id='word_1_300' title='bbox 1661 2951 1743 2977; x_wconf 91' lang='lat' dir='ltr'>om.</span> <span class='ocrx_word' id='word_1_301' title='bbox 1767 2936 1905 2975; x_wconf 85' lang='lat' dir='ltr'>Aldus</span> <span class='ocrx_word' id='word_1_302' title='bbox 1935 2966 1938 2968; x_wconf 22' lang='lat' dir='ltr'>v</span> 
     </span>
    </p>
   </div>
   <div class='ocr_carea' id='block_1_14' title="bbox 238 2990 1905 3102">
    <p class='ocr_par' dir='ltr' id='par_1_15' title="bbox 238 2990 1905 3102">
     <span class='ocr_line' id='line_1_42' title="bbox 238 2990 1905 3088; baseline -0.002 -55"><span class='ocrx_word' id='word_1_303' title='bbox 238 3008 289 3043; x_wconf 80' lang='lat'>24</span> <span class='ocrx_word' id='word_1_304' title='bbox 336 2995 611 3088; x_wconf 63' lang='grc' dir='ltr'>δοκιμώέατον</span> <span class='ocrx_word' id='word_1_305' title='bbox 650 2995 802 3046; x_wconf 66' lang='lat' dir='ltr'><strong>steph.</strong></span> <span class='ocrx_word' id='word_1_306' title='bbox 841 3007 925 3036; x_wconf 86' lang='lat' dir='ltr'><strong>s.v.</strong></span> <span class='ocrx_word' id='word_1_307' title='bbox 969 2995 1095 3048; x_wconf 78' lang='grc' dir='ltr'>Καρία</span> <span class='ocrx_word' id='word_1_308' title='bbox 1332 2995 1386 3032; x_wconf 86' lang='lat'>26</span> <span class='ocrx_word' id='word_1_309' title='bbox 1427 2992 1610 3043; x_wconf 79' lang='grc' dir='ltr'>μάλιστα</span> <span class='ocrx_word' id='word_1_310' title='bbox 1647 2993 1728 3032; x_wconf 86' lang='lat' dir='ltr'><strong>del.</strong></span> <span class='ocrx_word' id='word_1_311' title='bbox 1769 2990 1905 3030; x_wconf 88' lang='lat' dir='ltr'>Cobet</span> 
     </span>
     <span class='ocr_line' id='line_1_43' title="bbox 240 3048 449 3102; baseline 0 -12"><span class='ocrx_word' id='word_1_312' title='bbox 240 3048 449 3102; x_wconf 80' lang='grc' dir='ltr'>ἐξεγένετο</span> 
     </span>
    </p>
   </div>
  </div>
 </body>
</html>
