2098 3320
805 195 1184 245 ΙΣΤΟΡΙΩΝ
1243 195 1288 248 Α
1922 200 2071 264 [163

215 326 308 393 μὲν
357 324 529 393 πρῶτά
569 332 733 393 σφεας
771 327 1065 382 ἐκλιπόντας
1106 327 1299 393 Ἰωνίην
1340 327 1538 382 ἐκέλευε
1578 332 1666 394 τῆς
1705 332 1885 383 ἑωυτοῦ

217 410 383 480 χώρης
421 411 623 476 οἰκῆσαι
659 411 775 463 ὅκου
812 412 1103 476 βούλονται,
1142 415 1266 477 μετὰ
1307 412 1376 472 δέ,
1412 414 1477 467 ὡς
1512 415 1659 466 τοῦτό
1698 436 1755 481 γε
1796 414 1883 466 οὐκ

218 494 384 548 ἔπειθε
408 494 521 549 τοὺς
545 494 822 555 Φωκαιέας,
846 497 871 546 ὁ
896 498 946 547 δὲ
978 498 1254 562 πυθόμενος
1273 497 1358 549 τὸν
1386 501 1562 562 Μῆδον
1586 498 1701 564 παρ’
1722 498 1883 551 αὐτῶν

219 579 284 632 ὡς
308 579 521 644 αὔξοιτο,
557 581 717 632 ἐδίδου
765 587 861 647 σφι
905 579 1134 648 χρήματα
1169 586 1337 649 τεῖχος
1382 582 1752 648 περιβαλέσθαι
1791 583 1880 646 τὴν

172 691 195 732 5
219 665 385 716 πόλιν.
461 665 622 716 ἐδίδου
647 667 699 716 δὲ
730 664 991 732 ἀφειδέως·
1040 666 1118 716 καὶ
1149 667 1243 732 γὰρ
1269 666 1347 717 καὶ
1371 666 1400 731 ἡ
1422 668 1650 732 περίοδος
1672 671 1758 718 τοῦ
1781 669 1877 719 τεί·
1917 688 1945 731 4

217 770 335 816 χεος
366 748 452 800 οὐκ
483 749 648 815 ὀλίγοι
671 748 877 820 ’στάδιοί
904 751 1019 808 εἰσι,
1053 755 1195 801 τοῦτο
1227 753 1279 802 δὲ
1311 754 1411 803 πᾶν
1452 752 1607 802 λίθων
1647 750 1881 818 μεγάλων

218 833 298 884 καὶ
330 833 382 884 εὗ
413 832 853 900 συναρμοσμένων.
907 833 964 885 τὸ
999 836 1091 899 μὲν
1132 833 1189 898 δὴ
1234 840 1400 903 τεῖχος
1424 840 1559 886 τοῖσι
1596 839 1881 887 Φωκαιεῦσι
1917 838 2010 898 164

215 918 380 987 τρόπῳ
425 921 596 987 τοιῷδε
642 916 920 982 ἐξεποιήθη,
960 919 986 968 ὁ
1031 921 1083 970 δὲ
1106 916 1365 985 “Αρπαγος
1412 919 1476 972 ὡς
1522 918 1747 983 ἐπήλασε
1791 919 1880 984 τὴν

218 1000 472 1070 στρατιήν,
501 1003 789 1068 ἐπολιόρκεε
814 1002 1005 1061 αὐτούς,
1033 1004 1405 1071 προϊσχόμενος
1428 1004 1549 1055 ἔπεα
1572 1004 1637 1057 ὥς
1661 1006 1705 1056 οἱ
1733 990 1878 1055 καταζ

142 1114 193 1143 ιο
215 1094 314 1157 χρᾷ
339 1089 381 1139 εἰ
399 1086 673 1153 βούλονται
705 1085 956 1141 Φωκαιέες
988 1092 1321 1154 προμαχεῶνα
1353 1088 1441 1139 ἕνα
1469 1093 1650 1152 μοῦνον
1673 1093 1759 1139 τοῦ
1781 1090 1877 1140 τεί-
1988 1146 2001 1153 ‚

215 1192 333 1240 χεος
380 1173 579 1239 ἐρεῖψαι
632 1171 710 1223 καὶ
756 1173 935 1236 οἴκημα
979 1171 1032 1223 ἓν
1079 1176 1364 1239 κατιρῶσαι.
1440 1174 1485 1223 οἱ
1530 1175 1582 1224 δὲ
1629 1147 2098 1226 Φωκαιέεςάἑὼαὲ

216 1255 651 1323 περιημεκτέοντες
681 1263 740 1329 τῇ
774 1256 1052 1327 δουλοσύνῃ
1085 1256 1286 1323 ἔφασαν
1311 1240 1478 1308 θέλεῖν
1502 1258 1881 1321 βουλεύσασθαι

216 1339 402 1407 ἡμέρην
431 1342 550 1405 μίαν
574 1340 654 1391 καὶ
685 1340 855 1393 ἔπειτα
885 1339 1287 1407 ὑποκρινέεσθαιτ
1334 1342 1387 1393 ἐν
1413 1338 1449 1411 ᾧ
1470 1342 1524 1392 δὲ
1552 1340 1880 1406 βουλεύονται

216 1424 369 1485 αὐτοί,
420 1426 699 1493 ἀπαγαγεῖν
751 1427 939 1477 ἐκεῖνον
982 1424 1212 1477 ἐκέλευον
1253 1422 1342 1489 τὴν
1385 1424 1620 1492 στρατιὴν
1661 1424 1760 1477 ἀπὸ
1795 1429 1881 1476 τοῦ

143 1536 188 1578 ¹5
215 1510 423 1578 τείχεος.
495 1511 522 1560 ὁ
551 1513 604 1563 δὲ
626 1508 886 1578 ’Ἅρπαγος
918 1510 1015 1577 ἔφη
1049 1508 1230 1562 εἰδέναι
1258 1512 1350 1575 μὲν
1375 1510 1427 1561 εὖ
1457 1511 1518 1561 τὰ
1548 1510 1726 1561 ἐκεῖνοι
1755 1508 1875 1575 μέλ-

215 1600 355 1647 λοιεν
386 1593 587 1654 ποιέειν,
620 1595 752 1660 ὅμως
794 1594 848 1646 δέ
894 1601 991 1661 σφι
1028 1593 1257 1661 παριέναι
1298 1593 1696 1660 βουλεύσασθαι.
1771 1591 1884 1663 ἐνῷ
1921 1616 1944 1659 3

215 1677 284 1731 ὧν
314 1680 340 1730 ὁ
361 1677 620 1745 ‘'Apu-aym
658 1679 756 1731 ἀπὸ
792 1683 878 1731 τοῦ
913 1679 1107 1746 τείχεος
1142 1677 1371 1746 ἀπήγαγε
1406 1677 1497 1743 τὴν
1539 1676 1792 1744 στρατιήν,
1834 1679 1881 1729 οἱ

217 1762 467 1817 Φωκαιέες
488 1765 541 1816 ἐν
565 1764 718 1833 τούτῳ
740 1762 1155 1817 κατασπάσαντες
1177 1765 1265 1816 τὰς
1285 1761 1713 1828 πεντηκοντέρους,
1735 1760 1878 1814 ἐσθέ-

214 1869 357 1913 μενοι
400 1846 549 1900 τέκνα
589 1848 668 1899 καὶ
704 1853 941 1915 γυναῖκας
984 1847 1062 1899 καὶ
1104 1847 1293 1899 ἔπιπλα
1332 1845 1508 1906 πάντα,
1542 1845 1664 1913 πρὸς
1704 1847 1756 1898 δὲ
1804 1845 1881 1897 καὶ

142 1957 191 1985 20
215 1934 278 1983 τὰ
307 1931 575 1999 ἀγάλματα
597 1934 658 1983 τὰ
683 1934 737 1983 ἐκ
767 1937 866 1984 τῶν
899 1934 1014 1999 ἱρῶν
1047 1931 1126 1983 καὶ
1157 1933 1218 1983 τὰ
1241 1930 1376 1982 ἄλλα
1405 1929 1708 1995 ἀναθήματα,
1730 1930 1882 1998 χωρὶς

216 2017 245 2067 ὅ
273 2037 321 2068 τι
344 2015 534 2085 χαλκὸς
565 2012 594 2079 ἢ
624 2018 766 2070 λίθος
796 2012 826 2082 ἢ
857 2015 1026 2083 γραφὴ
1060 2014 1136 2080 ἦν,
1162 2018 1223 2067 τὰ
1255 2018 1306 2067 δὲ
1337 2015 1473 2066 ἄλλα
1509 2013 1671 2066 πάντα
1706 2013 1879 2066 ἐσθέν-
1903 2020 2098 2086 ιιι-ἃμα..

216 2121 298 2154 τες
330 2100 407 2152 καὶ
438 2101 575 2153 αὐτοὶ
613 2099 862 2166 ἐσβάντες
903 2100 1084 2152 ἔπλεον
1117 2101 1199 2152 ἐπὶ
1240 2101 1381 2151 Χίου·
1428 2098 1518 2164 τὴν
1555 2100 1606 2150 δὲ
1648 2098 1882 2150 Φώκαιαν

219 2187 559 2251 ἐρημωθεῖσαν
605 2185 795 2251 ἀνδρῶν
836 2185 994 2252 ἔσχον
1035 2187 1081 2236 οἳ
1129 2183 1340 2251 Πέρσαι.
1418 2186 1465 2236 οἱ
1512 2185 1564 2235 δὲ
1612 2181 1878 2241 Φωκαιέες,
1920 2187 2010 2248 165

219 2270 381 2322 ἐπείτε
413 2275 510 2336 σφι
533 2273 658 2321 «Χῖοι
687 2271 774 2323 τὰς
803 2268 986 2335 νήσους
1019 2270 1108 2322 τὰς
1141 2268 1430 2322 Οἰνούσσας
1463 2266 1768 2332 καλεομένας
1797 2265 1882 2318 οὐκ

143 2377 162 2404 2
169 2377 190 2418 5
219 2354 495 2420 ἐβούλοντο
520 2353 844 2420 ὠνευμένοισι
866 2352 1079 2407 πωλέειν
1099 2354 1434 2419 δειμαίνοντες
1456 2351 1522 2418 μὴ
1542 2353 1591 2404 αἱ
1612 2354 1705 2418 μὲν
1730 2351 1880 2417 ἐμπό-

217 2459 324 2506 ριον
355 2437 611 2506 γένωνται,
636 2439 666 2504 ἡ
699 2440 752 2491 δὲ
784 2439 945 2491 αὐτῶν
976 2441 1130 2503 νῆσος
1162 2439 1479 2511 ἀποκληισθῇ
1498 2435 1671 2488 τούτου
1702 2437 1879 2498 εἵνεκα,

219 2523 340 2591 πρὸς
369 2528 522 2576 ταῦτα
552 2525 597 2576 οἱ
622 2522 874 2578 Φωκαιέες
906 2522 1212 2576 ἐστέλλοντο
1243 2524 1294 2576 ἐς
1327 2522 1534 2589 Κύρνον.
1609 2522 1663 2572 ἐν
1692 2521 1787 2587 γὰρ
1822 2526 1883 2591 τῇ
1910 2526 2063 2574 (asim
2081 2553 2092 2567 ,

221 2600 393 2677 Κύρνῳ
439 2609 599 2660 εἴκοσι
644 2607 781 2659 ἔτεσι
826 2607 1065 2675 πρότερον
1102 2607 1289 2664 τούτων
1334 2607 1388 2657 ἐκ
1430 2605 1726 2670 θεοπροπίου
1768 2604 1877 2655 ἆνε-

220 2690 473 2758 στήσαντο
511 2693 677 2750 πόλιν,
711 2699 771 2763 τῇ
803 2692 986 2756 οὔνομα
1023 2691 1084 2756 ἦν
1113 2690 1344 2754 Ἀλαλίη.
1429 2688 1793 2755 Ἀργανθώνιος
1828 2687 1881 2738 δὲ
1921 2708 1946 2739 2

142 2796 194 2836 30
219 2781 482 2841 τηνικαῦτα
538 2775 630 2840 ἤδη
691 2774 1077 2839 ἐτετελευτήκεε.
1166 2774 1498 2840 στελλόμενοι
1556 2774 1608 2824 δὲ
1660 2772 1742 2823 ἐπὶ
1792 2769 1881 2834 τὴν

219 2860 426 2927 Κύρνον,
459 2864 628 2926 πρῶτα
659 2859 1093 2912 καταπλεύσαντες
1125 2860 1175 2911 ἐς
1205 2857 1295 2922 τὴν
1326 2857 1558 2908 Φώκαιαν
1584 2855 1879 2922 κατεφόνευ-

273 3011 298 3037 2
327 3014 376 3051 γε
397 3010 481 3038 om.
505 2997 538 3036 P
736 3010 779 3037 11
815 2999 942 3050 ἔριψαι
962 2996 1001 3035 Λ
1016 2996 1050 3035 Β
1072 3010 1080 3036 ;
1123 2998 1251 3050 ψριψε
1273 2996 1307 3034 C
1456 2998 1693 3048 κατειρῶσαι
1714 2991 1754 3032 Α
1769 2992 1802 3031 Β
1819 2993 1852 3032 Ρ
1870 3005 1879 3032 :

221 3057 443 3106 κατερῶσαι
465 3052 499 3092 C
627 3053 674 3091 18
693 3053 868 3094 Φωκαίες
890 3053 924 3091 C
1054 3064 1107 3091 20
1127 3052 1248 3103 χωρὶς
1269 3048 1329 3102 (ἢ)
1350 3049 1616 3088 Valekcnacr
1739 3061 1789 3097 24
1812 3049 1877 3089 Ol-

222 3107 364 3150 νούσας
385 3108 419 3148 C
585 3110 638 3148 26
667 3107 820 3149 αὐτέων
838 3107 878 3146 Α
893 3107 927 3146 Β
945 3108 978 3146 Ρ
1143 3108 1195 3145 28
1226 3105 1485 3146 ἐνεκτίσαντο
1507 3104 1627 3145 Stein
