2098 3320
12 94 14 97 -
0 0 27 70 Εἰς-μα

684 118 1058 184 ΙΣΤΟΡΙΩΝ
1120 131 1167 184 Δ
1805 135 1890 188 1V.
1921 136 1982 199 ⁷8

100 264 305 335 χωρίην.
391 264 558 317 ἐπείτε
601 265 655 316 δὲ
696 262 804 317 ἔδεέ
841 265 888 317 οἱ
931 268 1088 319 κακῶς
1128 263 1382 332 γενέσθαι,
1426 263 1626 332 ἐγένετο
1666 263 1766 318 ἀπὸ
1801 253 1870 329 ὴ9

101 346 388 418 προφάσιος
437 350 658 414 τοιῆσδε·
725 348 1010 414 ἐπεθύμησε
1060 350 1293 420 Διονύσῳ
1343 351 1569 420 Βακχείῳ
1622 355 1761 402 τελε-

102 436 300 499 σθῆναι·
361 431 605 499 μέλλοντι
648 430 702 485 δέ
751 434 798 485 οἱ
847 434 899 487 ἐς
944 437 1113 501 χεῖρας
1160 433 1374 502 ἄγεσθαι
1420 433 1511 499 τὴν
1557 432 1765 499 τελετὴν

54 514 59 519 ’
102 515 303 586 ἐγένετο
348 515 531 585 φάσμα
577 515 833 586 μέγιστον.
923 516 984 582 ἧν
1031 520 1078 571 οἱ
1127 519 1180 571 ἐν
1229 517 1660 586 Βορυσθενεϊτέων
1705 525 1767 591 τῇ
1800 539 1827 571 2

55 629 78 671 5
103 603 223 656 πόλι
269 603 428 667 οἰκίης
477 600 700 672 μεγάλης
753 603 840 661 καὶ,
881 601 1502 674 πολυτελέρςὴπῌεριβολή,
1550 605 1638 667 τῆς
1687 577 1987 664 etaiam
2004 578 2098 678 22}

101 688 258 758 ὀλίγῳ
287 707 337 740 τι
366 687 607 755 πρότερον
637 686 825 740 τούτων
855 685 1053 753 μνήμην
1091 686 1245 756 εἶχον,
1279 686 1370 752 τὴν
1405 684 1553 754 πέριξ
1588 691 1767 739 λευκοῦ
1787 678 1901 710 ‘³⁶⁸²

101 773 246 825 λίθου
282 771 501 840 σφίγγες
540 793 596 824 τε
639 772 718 825 καὶ
759 776 944 839 γρῦπες
987 771 1229 824 ἕστασαν·
1277 773 1327 826 ἐς
1366 772 1548 836 ταύτην
1589 772 1616 822 6
1656 770 1767 825 θεὸς

103 854 359 924 ἐνέσκηψε
401 853 575 922 βέλος.
668 857 748 908 καὶ
790 856 820 921 ἡ
866 858 958 922 μὲν
1007 855 1216 921 κατεκάη
1264 859 1420 916 πᾶσα,
1473 857 1667 921 Σκύλης
1713 858 1767 908 δὲ

103 940 247 993 οὐδὲν
269 940 443 993 τούτου
474 942 639 994 εἵνεκα
669 940 838 1006 ἧσσον
871 939 1141 994 ἐπετέλεσε
1171 940 1263 1006 τὴν
1285 939 1509 1005 τελετήν.
1584 941 1768 992 Σκύθαι
1804 963 1829 1006 3

31 1047 81 1078 ιο
103 1027 157 1079 δὲ
198 1029 285 1078 τοῦ
323 1025 594 1094 βακχεύειν
635 1024 748 1093 πέρι
778 1023 1008 1091 “Έλλησι
1047 1025 1359 1090 ὀνειδίζουσι·
1406 1025 1463 1077 οὐ
1503 1023 1599 1092 γάρ
1636 1031 1768 1092 φασι

104 1109 238 1164 οἰκὸς
268 1110 396 1163 εἶναι
426 1109 540 1163 θεὸν
572 1109 878 1177 ἐξευρίσκειν
907 1115 1084 1163 τοῦτον
1114 1111 1256 1164 ὅστις
1295 1111 1562 1175 μαίνεσθαι
1599 1107 1768 1176 ἐνάγει

105 1184 408 1263 ἆνθρώπους.
498 1195 661 1248 ἐπείτε
705 1198 759 1248 δὲ
806 1194 1044 1261 ἐτελέ-σθη
1092 1200 1160 1265 τῷ
1209 1195 1436 1264 Βακχείῳ
1484 1194 1510 1244 6
1555 1176 2098 1263 Σκύλης,“ξ“ξ(ξ”;1ζ-ᾙῨ”

105 1277 466 1347 διεπρήσ-τευσε
508 1285 607 1333 τῶν
652 1301 727 1334 τις
774 1278 1203 1347 Βορυσθενεϊτέων
1246 1278 1369 1346 πρὸς
1415 1278 1530 1332 τοὺς
1578 1275 1768 1331 Σκύθας
1784 1275 2039 1349 &udo-Am

104 1362 286 1432 λέγων·
331 1364 486 1430 Ἡμῖν
527 1367 624 1432 γὰρ
666 1368 986 1433 καταγελᾶτε,
1027 1361 1065 1415 ὦ
1106 1360 1304 1422 Σκύθαι,
1337 1364 1416 1415 ὅτι
1452 1359 1768 1430 βακχεύομεν

34 1471 80 1513 15
107 1449 187 1501 καὶ
225 1447 380 1515 ἡμέας
420 1451 446 1500 6
489 1449 601 1504 θεὸς
639 1448 911 1516 λαμβάνει·
958 1453 1043 1502 νῦν
1084 1449 1225 1502 οὗτος
1266 1449 1292 1499 6
1333 1447 1521 1513 δαίμων
1563 1446 1641 1498 καὶ
1681 1445 1768 1498 τὸν

103 1531 340 1601 ὑμέτερον
372 1533 598 1600 βασιλέα
626 1533 902 1600 λελάβηκε,
938 1533 1017 1585 καὶ
1057 1530 1300 1602 βακχεύει
1338 1554 1393 1585 τε
1435 1531 1512 1583 καὶ
1547 1530 1642 1584 ὑπὸ
1681 1534 1769 1582 τοῦ

106 1621 220 1671 θεοῦ
249 1619 491 1685 μαίνεται.
584 1620 628 1672 εἰ
659 1618 713 1672 δέ
741 1640 826 1685 μοι
863 1617 1141 1678 ἀπιστέετε,
1176 1617 1378 1681 ἕπεσθε,
1414 1617 1492 1668 καὶ
1522 1617 1637 1681 ὑμῖν
1669 1615 1767 1682 ἐγὼ

106 1701 247 1768 δέξω.
336 1696 536 1757 εἵποντο
576 1709 674 1756 τῶν
717 1702 946 1756 Σκυθέων
986 1705 1032 1755 οἱ
1073 1706 1429 1770 προεστεῶτες,
1474 1701 1553 1752 καὶ
1593 1699 1768 1753 αὐτοὺς
1806 1723 1827 1768 5

105 1787 370 1857 ἀναγαγὼν
429 1790 457 1840 6
519 1787 909 1856 Βορυσθενεΐτης
961 1787 1121 1860 λάθρῃ
1175 1787 1257 1839 ἐπὶ
1309 1783 1496 1854 πύργον
1549 1789 1765 1837 κατεῖσε.

34 1893 84 1923 20
105 1873 271 1926 ἐπείτε
310 1875 364 1926 δὲ
405 1872 586 1942 παρήιε
627 1873 723 1926 σὺν
763 1879 829 1944 τῷ
874 1871 1033 1943 θιάσῳ
1080 1873 1106 1923 6
1151 1869 1345 1936 Σκύλης
1387 1871 1466 1923 καὶ
1507 1870 1640 1945 εἶδόν
1682 1889 1767 1935 μιν

104 1954 422 2027 βακχεύοντα
469 1961 516 2012 οἱ
565 1956 766 2018 Σκύθαι,
818 1957 971 2025 κάρτα
1020 1955 1282 2024 συμφορὴν
1325 1954 1551 2023 μεγάλην
1596 1951 1764 2018 ἐποιή-

105 2052 276 2102 σαντο,ι
304 2042 595 2109 ἐξελθόντες
626 2046 680 2096 δὲ
710 2041 983 2109 ἐσήμαινον
1014 2041 1152 2113 πάσῃ
1177 2048 1236 2114 τῇ
1268 2047 1474 2113 στρατιῇ
1505 2040 1567 2091 τὰ
1596 2040 1764 2091 ἴδοιεν.

106 2125 171 2181 ὦς
199 2129 254 2180 δὲ
291 2130 417 2193 μετὰ
447 2133 600 2181 ταῦτα
630 2126 872 2194 ἐξήλαυνε
909 2128 935 2178 6
974 2123 1166 2191 Σκύλης
1209 2128 1258 2179 ἐς
1294 2124 1419 2190 ἤθεα
1461 2125 1523 2175 τὰ
1565 2125 1763 2183 ἑωυτοῦ,
1805 2124 1874 2173 80

104 2212 150 2264 οἱ
171 2209 354 2266 Σκύθαι
377 2211 786 2281 προστησάμενοι
809 2211 895 2264 τὸν
919 2210 1170 2278 ἀδελφεὸν
1189 2209 1338 2262 αὐτοῦ
1361 2207 1764 2274 Ὀκταμασάδην,

31 2315 80 2358 25
104 2297 349 2364 γεγονότα
384 2299 438 2350 ἐκ
474 2301 562 2363 τῆς
592 2296 766 2365 Τήρεω
809 2297 1065 2364 θυγατρός,
1098 2292 1429 2348 ἐπανιστέατο
1470 2297 1537 2362 τῷ
1581 2289 1762 2364 Σκύλῃ.

102 2379 131 2431 6
169 2383 225 2434 δὲ
263 2383 436 2448 μαθὼν
467 2382 525 2435 τὸ
560 2383 825 2451 γινόμενον
857 2380 933 2434 ἐπ’
966 2382 1129 2451 ἑωυτῷ
1172 2380 1250 2432 καὶ
1280 2378 1369 2444 τὴν
1410 2379 1571 2442 αἰτίην
1613 2375 1675 2429 δι’
1704 2375 1767 2441 ἣν
1801 2397 1826 2428 2

162 2533 180 2560 1
214 2520 294 2563 ἔδει
314 2520 354 2560 Α
367 2521 402 2560 Β
418 2506 461 2560 (ΣΔ
566 2521 726 2574 ἐγίνετο
748 2520 782 2559 Β
799 2520 832 2559 C
985 2531 1010 2569 3
1040 2518 1240 2567 τελευτὴν
1261 2516 1295 2556 C
1312 2517 1351 2556 R
1501 2530 1526 2565 4
1557 2515 1618 2568 ἐν]
1644 2518 1688 2556 ἐν
1707 2520 1765 2557 τῶ

105 2575 194 2616 RV
211 2590 221 2616 τ
252 2579 296 2618 ἐν
312 2581 395 2618 τῶν
415 2577 446 2616 S
588 2579 823 2617 ·σθενειτῶν
844 2574 882 2614 Α
898 2574 954 2613 B:
987 2574 1139 2615 -σθένει
1159 2577 1241 2613 τῶν
1263 2571 1351 2610 RV
1506 2583 1531 2620 5
1560 2570 1680 2612 πόλει
1702 2571 1736 2609 C
1755 2584 1765 2610 ε

102 2631 227 2680 πόληι
249 2631 340 2670 RV
487 2633 514 2671 6
543 2631 689 2683 ὀλίγον
717 2630 757 2669 R
773 2630 802 2670 S
818 2629 896 2683 [V]
1008 2628 1166 2669 τούτων
1186 2627 1316 2677 νήμην
1337 2624 1391 2665 R¹
1415 2640 1423 2665 τ
1454 2626 1586 2666 τούτω
1605 2625 1766 2677 μνήμην

104 2686 163 2725 R⁰
176 2686 207 2727 S
219 2686 258 2726 V
339 2686 419 2736 τήν
433 2703 481 2728 τε
498 2686 539 2726 Α
554 2686 588 2725 Β
602 2687 636 2725 C
746 2687 772 2725 8
802 2683 983 2733 κατακάη
1002 2683 1041 2722 R
1152 2695 1179 2732 9
1207 2681 1363 2723 τούτων
1381 2681 1414 2720 Ρ
1500 2679 1693 2721 ἐπετέλεε
1708 2680 1766 2719 R:

105 2741 329 2783 ἐπετέλλεε
353 2742 434 2781 SV
572 2741 776 2790 τελευτήν
797 2741 836 2779 R
850 2740 889 2778 V
1086 2751 1100 2776 1
1114 2750 1129 2775 1
1165 2738 1271 2778 εἰκὸς
1293 2735 1374 2775 SV
1562 2747 1611 2785 13
1640 2734 1765 2775 διεπί-

103 2811 254 2837 στευσε
276 2796 306 2836 S
325 2810 335 2835 :
371 2796 622 2851 ἐπρήστευσε
642 2795 682 2834 Α
696 2796 730 2834 Β
746 2795 778 2833 C
798 2809 807 2833 :
844 2794 1130 2847 διεδρήστευσε
1158 2791 1395 2831 Schneider
1413 2804 1421 2829 τ
1457 2789 1765 2842 διεδρηπέτευσε

103 2850 154 2889 G.
180 2851 367 2891 Dindorf
470 2856 555 2893 τῶν
574 2864 655 2890 om.
681 2851 719 2889 R
734 2850 764 2888 S
777 2850 816 2888 V
926 2849 1110 2890 -νειτέων
1127 2846 1168 2885 Α
1183 2846 1218 2884 Β
1237 2845 1274 2883 R
1287 2846 1325 2884 V
1521 2858 1568 2893 14
1596 2844 1698 2897 γὰρ]
1720 2843 1766 2884 δὲ

105 2904 287 2945 PRSV
417 2909 467 2946 16
495 2906 707 2957 λελάληκε
729 2904 914 2944 CRSV
1024 2920 1071 2944 τε
1092 2915 1171 2942 om.
1198 2900 1383 2941 PRSV
1517 2900 1565 2937 18
1595 2900 1708 2950 δείξω
1734 2898 1766 2936 L

106 2972 157 3010 19
185 2961 334 3011 ’νείτης
353 2960 394 3000 Α
408 2961 444 3001 Β
460 2961 501 3000 R
513 2962 552 3001 V
689 2960 829 3002 κάτισε
850 2959 889 2998 Λ
906 2959 940 2998 Β
957 2959 990 2998 C
1006 2958 1039 2997 P
1053 2958 1083 2997 S
1286 2968 1339 3006 23
1370 2955 1558 3007 ἐξέλαυνε
1578 2953 1618 2992 Α
1634 2953 1668 2991 Β
1684 2953 1717 2991 C
1732 2953 1766 2991 P

102 3027 156 3065 24
185 3017 221 3057 οἱ
239 3028 322 3058 om.
346 3016 385 3056 R
399 3016 482 3056 SV
