2098 3320
799 199 1182 251 ΙΣΤΟΡΙΩΝ
1243 196 1288 250 A
1914 197 1952 254 1.
1972 209 2041 268 45

202 330 294 399 μέν
331 353 418 385 νυν
456 332 631 400 ἔθαψε,
667 332 731 386 ὡς
765 332 897 387 οἰκὸς
928 331 1004 397 ἦν,
1038 332 1125 385 τὸν
1162 335 1346 385 ἑωυτοῦ
1382 335 1550 426 παῖδα·
1589 330 1875 401 ’Ἄδρηστος

203 420 256 470 δὲ
287 419 313 468 ὁ
345 419 555 485 Γορδίεω
586 421 671 469 τοῦ
703 419 892 477 Μίδεω,
925 418 1068 471 οὗτος
1097 417 1155 482 δὴ
1189 419 1214 468 ὁ
1247 416 1428 485 φονεὺς
1457 419 1550 483 μὲν
1579 422 1665 469 τοῦ
1695 420 1876 470 ἑωυτοῦ

158 532 165 535 s
196 503 453 570 αδελφεοῦ
472 502 753 570 γενόμενος,
777 501 1038 570 φονεὺςκδὲ
1058 506 1144 553 τοῦ
1159 500 1479 568 καθήραντος,
1499 503 1664 554 ἐπείτε
1687 502 1873 571 ἡσυχίη

204 592 307 640 τῶν
350 587 625 654 ἀνθρώπων
679 585 877 654 ἐγένετο
904 580 1041 657 (περὶ
1088 586 1144 638 τὸ
1194 575 1379 652 σῆμα)
1401 587 1873 654 συγγινω-σκόμενος
1894 594 2098 656 ‹230⁵qu

156 697 178 738 5
204 672 478 739 ἀνθρώπων
503 671 629 724 εἶναι
651 676 751 724 τῶν
775 671 920 726 αὐτὸς
941 670 1050 745 ᾔδεε
1069 666 1613 763 βαρῃθυμφορώτατος,
1639 674 1869 725 ἐπικατα-
2013 652 2098 686 ⁸⁸⁴*

205 755 485 858 σφάζεφτῷ
515 756 689 825 τύμβῳ
721 755 937 809 ἑωυτόν(
1007 817 1029 841 Γ

287 844 503 907 Κροισος
535 843 588 892 δὲ
624 840 706 909 ἐπὶ
741 841 825 892 δύο
856 842 982 908 ἔτεα
1010 843 1068 893 ’ἐν
1102 840 1272 893 πένθεϊ
1300 830 1756 920 μεγάλῳῖκατῆστο
1788 846 1873 893 τοῦ
1886 838 1982 900 Χ46

203 923 377 979 παιδὸς
415 925 762 992 ἐστερημένος·
825 928 948 991 μετὰ
986 924 1038 978 δὲ
1074 912 1447 1015 ἡῗΑστυάγεος
1482 931 1567 978 τοῦ
1606 925 1873 993 Κυαξάρεω
1896 902 1908 991 js

202 1010 439 1077 ἡγεμονίη
468 1002 812 1084 κατᾷιρεθεῖσᾳ
835 1012 928 1062 ὑπὸ
957 1011 1118 1079 Κύρου
1142 1016 1229 1063 τοῦ
1255 1012 1546 1095 Καμβύσεω
1580 1012 1660 1063 καὶ
1691 1013 1752 1062 τὰ
1775 1015 1873 1063 τῶν

133 1117 179 1146 ιο
204 1094 449 1162 Περσέων
486 1093 750 1162 πρήγματα
787 1095 1098 1161 αὐξανόμενα
1136 1084 1345 1160 πένθξός
1372 1087 1464 1160 Ῐῖὲν
1498 1099 1719 1162 Κροῖσον
1750 1094 1871 1147 ἀπέ-

203 1201 381 1238 παυσε,
418 1178 635 1250 ἐνέβησε
668 1182 720 1231 δὲ
752 1181 802 1233 ἐς
833 1182 1092 1248 φροντίδα,
1120 1182 1167 1232 εἴ
1195 1201 1290 1234 κως
1321 1180 1536 1239 δύναιτο,
1570 1180 1687 1246 πρὶν
1714 1179 1870 1246 μεγά-

200 1270 318 1318 λους
348 1263 586 1331 γενέσθαι
616 1263 729 1318 τοὺς
759 1263 980 1331 Πέρσας,
1010 1269 1320 1330 καταλαβεῖν
1344 1256 1874 1331 αὐτῶνζαύξανομένην

200 1348 290 1414 τὴν
313 1348 533 1415 δύναμιν.
546 1329 704 1422 >uerba
727 1346 796 1400 ὧν
818 1348 909 1413 τὴν
927 1349 1149 1401 διάνοιαν
1172 1350 1355 1414 ταύτην
1379 1349 1554 1401 αὐτίκα
1573 1351 1873 1416 ἀπεπειρᾶτο
1910 1369 1936 1401 2

201 1438 300 1486 τῶν
328 1435 580 1499 μαντηίων
608 1438 709 1486 τῶν
738 1455 791 1486 τε
822 1435 875 1485 ἐν
890 1432 1117 1499 “Έλλησι
1150 1433 1229 1485 καὶ
1258 1438 1344 1484 τοῦ
1375 1436 1428 1485 ἐν
1451 1435 1634 1506 Λιβύῃ,
1663 1433 1867 1499 διαπέμ-

105 1538 176 1583 '¹5
201 1522 307 1585 ψας
345 1517 533 1572 ἄλλους
569 1517 719 1590 ἄλλῃ,
760 1517 874 1572 τοὺς
908 1522 1001 1585 μὲν
1039 1520 1090 1572 ἐς
1131 1518 1371 1586 Δελφοὺς
1410 1517 1554 1582 ἰέναι,
1589 1518 1702 1572 τοὺς
1739 1522 1792 1571 δὲ
1823 1521 1874 1572 ἐς

195 1601 360 1668 ’Άβας
391 1604 477 1656 τὰς
501 1602 738 1663 Φωκέων,
765 1604 879 1658 τοὺς
909 1606 963 1656 δὲ
995 1606 1046 1658 ἐς
1071 1604 1346 1669 Δωδώνην·
1401 1605 1448 1655 οἱ
1479 1602 1533 1655 δέ
1562 1624 1694 1657 τινες
1725 1602 1873 1668 ἐπέμ-

201 1709 355 1740 ποντο
386 1687 519 1755 παρά
556 1709 611 1740 τε
642 1687 964 1755 Ἀμφιάρεων
994 1688 1075 1740 καὶ
1113 1690 1245 1755 παρὰ
1275 1688 1593 1756 Τροφώνιον,
1625 1690 1671 1740 οἱ
1703 1690 1757 1740 δὲ
1786 1690 1875 1752 τῆς

202 1773 461 1837 Μιλησίης
513 1774 565 1826 ἐς
616 1774 914 1841 Βραγχίδας.
914 1744 1015 1881 s
1002 1777 1154 1824 ταῦτα
1203 1771 1295 1838 μέν
1348 1794 1435 1825 νυν
1486 1775 1546 1824 τὰ
1596 1771 1874 1837 Ἑλληνικὰ
1913 1794 1938 1837 3

138 1901 157 1915 ,
199 1855 412 1922 μαντήια
447 1858 498 1911 ἐς
535 1858 596 1908 τὰ
635 1856 904 1925 ἀπέπεμψε
942 1858 1343 1923 μαντευσόμενος
1390 1861 1623 1924 Κροῖσος·
1677 1857 1875 1922 Λιβύης

129 1967 178 1995 20
202 1944 254 1993 δὲ
283 1944 416 2008 παρὰ
431 1940 677 2022 ’Ἄμμωνα
706 1941 976 1994 ἀπέστέιλε
998 1942 1185 1996 ἄλλους
1215 1940 1572 2018 χρησομένους.
1636 1940 1875 2006 διέπεμπε

201 2029 256 2078 δὲ
279 2012 704 2092 πειρώμενοςζτῶὒ
723 2029 974 2092 μαντηίων
1005 2028 1033 2078 ὅ
1061 2048 1108 2078 τι
1131 2026 1410 2095 φρονέοιεν,
1438 2027 1503 2080 ὡς
1528 2025 1886 2094 ἀφρονέοντα

162 2109 291 2186 (τὴν
327 2105 839 2186 ἀληθείην]εὑρεθείτῑ,
876 2112 1131 2181 ἐπείρηταί
1170 2118 1307 2179 σφεα
1345 2111 1551 2186 δεύτερα
1586 2109 1795 2180 πέμπων
1832 2112 1874 2162 εἰ

203 2195 474 2265 ἐπιχειρέοι
505 2188 586 2248 επὶ
617 2178 1638 2279 Πέρσας)στρατεύεσθαι.Λὲν-’Ῐ-’ἷει’)ἶάριῑέῖῗόξι
1656 2196 1873 2277 δέ(’τοῖσι
1910 2198 1976 2250 47

201 2282 410 2332 Λυδοῖσι
438 2302 500 2332 τα
531 2278 853 2349 ελάπέπεμπε
894 2282 945 2336 ἐς
979 2280 1070 2346 τὴν
1107 2273 1364 2348 διάθτειραν
1400 2286 1498 2333 τῶν
1534 2281 1870 2348 χρηστηρίων,

130 2386 148 2414 2
156 2386 177 2426 5
203 2364 286 2416 ἀπ’
305 2365 363 2429 ἧς
381 2363 442 2417 ἂν
460 2364 642 2433 ἡμέρης
663 2365 946 2432 ὁρμηθέωσι
972 2368 1024 2418 ἐκ
1049 2367 1289 2433 Σαρδίων,
1311 2365 1410 2418 ἀπὸ
1429 2365 1608 2430 ταύτης
1625 2365 1869 2431 ἡμερολο-

203 2447 408 2516 γέοντας
443 2449 530 2502 τὸν
564 2449 743 2502 λοιπὸν
778 2451 963 2518 χρόνον
1000 2453 1247 2524 ἑκατοστῇ
1283 2449 1440 2522 ἡμέρῃ
1478 2454 1699 2518 χρᾶσθαι
1739 2454 1873 2501 τοῖσι

203 2536 574 2602 χρηστηρίοισι,
609 2536 978 2601 ἐπειρωτῶντας
1016 2537 1044 2587 ὅ
1066 2556 1112 2587 τι
1149 2534 1331 2587 ποιέων
1369 2533 1610 2602 τυγχάνοι
1642 2535 1668 2585 ὁ
1699 2537 1874 2586 Λυδῶν

263 2685 280 2711 1
313 2674 439 2715 ἐοικὸς
454 2671 492 2711 Α
506 2685 526 2711 c
546 2686 554 2711 :
577 2675 680 2715 εἷκὸς
699 2674 728 2713 S
742 2672 836 2726 Vb¹
914 2673 1006 2726 τὸν]
1027 2672 1146 2726 θάψαι
1164 2673 1203 2711 R
1220 2673 1250 2712 S
1266 2673 1304 2711 V
1437 2685 1462 2710 2
1493 2672 1610 2723 prius
1632 2675 1652 2713 ὁ
1668 2703 1676 2712 .
1697 2702 1705 2712 .
1726 2702 1734 2712 .
1754 2676 1876 2723 βαρυ-

205 2736 331 2780 συμφ.
349 2727 411 2780 (5)
441 2741 525 2768 om.
555 2727 692 2767 RSV
895 2741 920 2778 3
961 2732 1035 2769 τοῦ
1063 2727 1167 2779 (υἱοῦ
1196 2730 1287 2782 τοῦ>
1318 2727 1518 2778 Krueger
1716 2739 1740 2776 5
1780 2726 1875 2780 ᾔδεε

206 2783 454 2833 Stephanus
473 2796 482 2821 z
511 2784 620 2831 ἤειδε
640 2783 679 2822 Α
694 2783 727 2821 Ρ
741 2796 762 2822 c
783 2796 792 2822 ε
824 2782 902 2824 εἶδε
923 2782 950 2821 b
1062 2784 1212 2824 ἑωυτὸν
1233 2788 1331 2822 ante
1356 2781 1675 2834 ἐπικατασφάζει
1698 2781 1738 2819 R
1755 2782 1784 2820 S
1798 2781 1836 2819 V
1849 2781 1876 2819 b

208 2849 229 2887 7
261 2837 356 2878 ἔτεα,
375 2836 531 2879 ἐπένθει
554 2838 593 2876 R
609 2838 639 2877 S
653 2838 692 2876 V
802 2837 971 2890 μεγάλῳ
988 2868 996 2877 .
1017 2868 1024 2877 .
1048 2868 1056 2877 .
1077 2841 1266 2891 ἐστερημ.
1291 2851 1373 2878 om.
1402 2837 1441 2875 R
1457 2838 1486 2876 S
1500 2837 1538 2876 V
1638 2840 1818 2885 καθῆστο
1842 2836 1875 2873 L

204 2906 232 2942 9
279 2897 428 2946 καθαιρ.
474 2892 508 2931 Ρ
523 2892 561 2930 R
579 2893 608 2931 S
622 2893 660 2931 V
672 2893 697 2931 b
904 2905 953 2930 10
1001 2896 1168 2946 Περσῶν
1210 2893 1243 2931 P
1258 2893 1297 2931 R
1310 2893 1349 2931 V
1361 2893 1387 2931 b
1591 2905 1607 2931 1
1619 2905 1635 2930 1
1689 2894 1793 2932 ε’ίκος
1835 2891 1874 2928 R

210 2960 258 2996 14
287 2946 436 3000 Λιβύῃ]
460 2951 661 2999 Δελφοῖσι
684 2947 722 2985 R
739 2947 768 2987 S
782 2946 819 2985 V
929 2946 1155 3000 διαπέμψας
1171 2978 1179 2987 .
1195 2978 1205 2988 .
1225 2979 1233 2988 .
1249 2947 1508 2988 ’Λπόλλωνος
1530 2948 1641 2998 (cap.
1667 2958 1719 2996 52
1741 2945 1874 2996 extr.)

205 3016 286 3042 om.
312 3001 351 3040 R
368 3003 397 3041 S
411 3003 449 3041 V
617 3005 667 3041 16
694 3002 789 3054 τὰς]
817 3006 898 3044 τῶν
915 3001 941 3041 b
955 3015 977 3041 c
1147 3015 1195 3052 17
1227 3001 1476 3055 Ἀμφιάρηον
1495 3002 1535 3041 A
1550 3015 1571 3041 c
1743 3014 1792 3051 19
1821 3013 1875 3039 all

206 3058 580 3107 μαντευσομένουςὲ
675 3070 728 3097 2ο
748 3057 983 3098 ἀπέστελλε
999 3057 1037 3096 Α
1051 3071 1073 3096 c
1185 3069 1236 3106 24
1261 3057 1469 3110 ἀπέπεμψε
1486 3071 1508 3096 c
1597 3058 1650 3095 26
1671 3057 1875 3108 ἑκατοστῇ

207 3111 341 3152 Vatic.
370 3124 444 3152 122
466 3125 621 3162 marg.:
652 3111 799 3154 ἕκατον
818 3117 870 3167 τῇ
893 3112 926 3151 Ρ
945 3126 954 3152 z
985 3112 1158 3154 ἕκαστος
1182 3115 1233 3167 τῇ
1256 3112 1349 3153 rell.
1462 3114 1639 3166 χρῆσθαι
1661 3111 1695 3150 L
