2098 3320
0 153 40 202 Ι.
63 165 140 201 112
195 196 197 198 .
831 153 1259 202 ΗΡΟΔΟΤΟὙ

203 282 314 345 οὔτε
353 282 469 347 ἡμῖν
517 287 674 337 κακῶς
715 283 1098 349 βεβουλευμένα
1143 284 1301 337 ἔσται.
1378 286 1406 335 ὅ
1435 306 1489 336 τε
1524 285 1619 352 γὰρ
1655 286 1865 341 τεθνεὼς

202 367 478 431 βασιληίης
517 371 681 434 ταφῆς
719 366 922 435 κυρήσει
965 368 1043 421 καὶ
1093 369 1119 419 ὁ
1159 369 1367 434 περιεὼν
1406 370 1492 420 οὐκ
1531 369 1735 422 ἀπολέει
1773 371 1864 436 τὴν

85 474 163 521 113
201 449 390 527 ψυχήν.
481 450 632 518 κάρτα
672 474 727 504 τε
767 451 907 517 ἔδοξε
944 458 1010 523 τῷ
1056 454 1288 523 βουκόλῳ
1334 453 1455 520 πρὸς
1499 455 1560 505 τὰ
1612 454 1863 522 παρεόντα

203 535 256 587 εὗ
286 534 454 602 λέγειν
484 536 512 601 ἡ
545 536 684 603 γυνή,
721 538 799 589 καὶ
830 537 1003 589 αὐτίκα
1035 539 1198 590 ἐποίεε
1227 542 1395 591 ταῦτα.
1470 542 1556 589 τὸν
1591 541 1682 604 μὲν
1713 539 1863 606 ἔφερε

202 620 509 672 θανατώσων
541 625 707 680 παῖδα,
742 625 915 673 τοῦτον
942 625 1034 686 μὲν
1066 625 1331 686 παραδιδοῖ
1357 630 1418 695 τῇ
1448 625 1629 674 ἑωυτοῦ
1652 625 1860 690 γυναικί,
1887 647 1909 687 5

201 703 290 755 τὸν
321 706 374 756 δὲ
404 707 586 756 ἑωυτοῦ
627 707 773 757 ἐόντα
810 705 983 772 νεκρὸν
1017 707 1197 772 λαβὼν
1237 707 1383 771 ἔθηκε
1423 708 1473 760 ἐς
1513 707 1570 758 τὸ
1613 706 1768 774 ἄγγος
1809 710 1865 759 ἐν

136 810 160 840 2
200 793 267 857 τῷ
312 787 463 856 ἔφερε
502 788 590 840 τὸν
636 790 819 856 ἕτερον·
868 788 1128 855 κοσμήσας
1172 793 1224 842 δὲ
1268 796 1335 860 τῷ
1379 792 1547 860 κόσμῳ
1592 791 1739 843 παντὶ
1778 797 1865 843 τοῦ

203 870 370 938 ἑτέρου
407 874 597 932 παιδός,
643 873 813 940 φέρων
860 875 909 927 ἐς
950 874 1006 925 τὸ
1046 876 1349 941 ἐρημότατον
1384 879 1482 926 τῶν
1523 874 1677 942 ὀρέων
1717 879 1856 928 τιθεῖ.

203 956 268 1010 ὡς
313 959 365 1008 δὲ
408 959 546 1023 τρίτη
592 956 746 1024 ἡμέρη
793 963 859 1028 τῷ
905 960 1082 1028 παιδίῳ
1128 958 1390 1028 ἐκκειμένῳ
1438 959 1649 1026 ἐγένετο,
1691 959 1770 1024 ἤιε
1812 962 1863 1014 ἐς

0 1041 350 1093 mmmmm
375 1043 400 1091 ὁ
423 1042 689 1106 βουκόλος,
715 1047 813 1094 τῶν
836 1064 946 1094 τινα
971 1048 1274 1116 προβοσκῶν
1294 1043 1521 1110 φύλακον
1545 1043 1692 1095 αὐτοῦ
1716 1065 1859 1095 κατα-

200 1126 376 1182 λιπών,
413 1126 573 1177 ἐλθὼν
604 1129 655 1178 δὲ
687 1128 736 1179 ἐς
766 1131 850 1178 τοῦ
879 1126 1133 1194 Ἁρπάγου
1164 1128 1509 1179 ἀποδεικνύναι
1539 1128 1635 1194 ἔφη
1668 1128 1862 1192 ἕτοιμος

137 1229 158 1270 3
202 1210 327 1261 εἶναι
363 1215 449 1261 τοῦ
489 1212 685 1262 παιδίου
723 1210 809 1262 τὸν
850 1210 1010 1263 νέκυν.
1084 1210 1289 1278 πέμψας
1329 1214 1382 1264 δὲ
1418 1213 1444 1262 ὁ
1466 1210 1726 1278 “Ἀρπαγος
1763 1218 1861 1264 τῶν

201 1296 385 1345 ἑωυτοῦ
416 1296 704 1361 δορυφόρων
734 1295 847 1349 τοὺς
879 1294 1206 1349 πιστοτάτους
1237 1294 1337 1347 εἶδέ
1366 1317 1421 1347 τε
1457 1298 1535 1346 διὰ
1566 1295 1752 1348 τούτων
1782 1297 1861 1348 καὶ

201 1378 361 1444 ἔθαψε
392 1383 478 1429 τοῦ
507 1380 759 1443 βουκόλου
789 1379 846 1430 τὸ
878 1381 1090 1432 παιδίον.
1159 1380 1239 1431 καὶ
1273 1379 1329 1431 τὸ
1359 1382 1451 1445 μὲν
1483 1379 1741 1439 ἐτέθαπτο,
1774 1380 1862 1432 τὸν

199 1465 252 1514 δὲ
271 1462 483 1529 ὕστερον
506 1463 691 1515 τούτων
723 1467 886 1531 Κῦρον
913 1463 1257 1529 ὀνομασθέντα
1287 1468 1659 1530 παραλαβοῦσα
1682 1463 1860 1532 ἔτρεφε

199 1546 393 1613 ἡγυνὴ
434 1552 519 1598 τοῦ
562 1548 829 1613 βουκόλου,
875 1548 1060 1614 οὕνομα
1100 1547 1229 1599 ἄλλο
1270 1548 1358 1600 κού
1397 1569 1446 1600 τι
1487 1547 1565 1599 καὶ
1606 1548 1663 1599 οὐ
1700 1552 1860 1615 Κῦρον

201 1629 395 1696 θεμένη.

82 1729 161 1777 114
283 1716 381 1767 Καὶ
413 1716 495 1767 ὅτε
527 1715 583 1780 δὴ
615 1714 675 1781 ἣν
707 1715 938 1782 δεκαέτης
969 1718 995 1768 ὁ
1024 1721 1155 1776 παῖς,
1189 1719 1390 1784 πρῆγμα
1421 1717 1472 1770 ἐς
1501 1709 1651 1768 αὐτὸν
1669 1717 1862 1770 τοιόνδε

199 1800 471 1866 γενόμενον
517 1799 732 1868 ἐξέφηνέ
770 1823 870 1866 μιν.
952 1801 1121 1865 ἔπαιζε
1162 1803 1215 1853 ἐν
1255 1801 1314 1873 τῇ
1353 1800 1488 1872 κώμῃ
1524 1801 1675 1873 ταύτῃ
1716 1803 1769 1853 ἐν
1799 1802 1859 1873 τῇ

198 1882 331 1949 ἦσαν
363 1884 441 1936 καὶ
472 1887 522 1936 αἱ
552 1886 818 1949 βουκολίαι
850 1885 1007 1945 αὗται,
1042 1886 1209 1949 ἔπαιζε
1238 1888 1292 1937 δὲ
1320 1884 1427 1950 μετ’
1465 1883 1637 1937 ἄλλων
1671 1885 1860 1950 ἡλίκων

1891 1067 1935 1096 10

1888 1488 1955 1530 Ῐ5’

1886 1909 1934 1936 20

200 1969 253 2019 ἐν
284 1969 396 2037 ὁδῷ.
486 1970 563 2021 καὶ
595 1971 640 2021 οἱ
674 1973 844 2023 παῖδες
875 1972 1134 2034 παίζοντες
1165 1971 1362 2021 εἵλοντο
1404 1972 1597 2021 ἑωυτῶν
1633 1968 1860 2035 βασιλέα
1903 2004 1911 2009 -

137 2075 162 2106 2
199 2051 325 2103 εἶναι
361 2057 536 2104 τοῦτον
573 2053 630 2117 δὴ
662 2054 749 2105 τὸν
779 2058 864 2104 τοῦ
900 2055 1151 2119 βουκόλου
1190 2055 1456 2118 ἐπίκλησιν
1486 2057 1653 2105 παῖδα.
1743 2054 1769 2103 ὁ
1807 2056 1860 2105 δὲ

199 2135 360 2187 αὐτῶν
391 2136 582 2201 διέταξε
613 2138 725 2190 τοὺς
755 2140 847 2202 μὲν
878 2139 1035 2192 οἰκίας
1067 2136 1385 2202 οἰκοδομέειν,
1418 2137 1531 2191 τοὺς
1562 2140 1614 2189 δὲ
1645 2138 1854 2204 δορυφό-

197 2241 312 2285 ρους
343 2219 483 2279 εῗναι,
506 2220 592 2272 τὸν
624 2220 678 2272 δέ
709 2222 795 2272 κού
825 2243 934 2273 τινα
958 2223 1117 2274 αὐτῶν
1142 2221 1407 2289 ὀφθαλμὸν
1438 2220 1685 2287 βασιλέος
1717 2221 1858 2280 εἶναι,

197 2308 265 2372 τῷ
297 2302 352 2355 δέ
374 2325 470 2356 τινι
500 2306 587 2357 τὰς
619 2307 857 2372 ἀγγελίας
888 2305 1127 2373 ἐσφέρειν
1159 2307 1319 2357 ἐδίδου
1354 2304 1518 2372 γέρας,
1563 2305 1628 2359 ὡς
1665 2305 1858 2376 ἑκάστῳ

1885 2326 1932 2367 25

139 2410 164 2453 3
199 2386 345 2453 ἔργον
370 2387 726 2454 προστάσσων.
803 2391 873 2443 εἷς
902 2389 960 2453 δὴ
993 2390 1181 2441 τούτων
1211 2394 1308 2441 τῶν
1332 2389 1520 2442 παίδων
1552 2390 1855 2455 συμπαίζων,
1901 2415 1903 2417 ·

200 2471 294 2523 ἐὼν
325 2470 692 2538 Ἀρτεμβάρεος
721 2478 851 2531 παῖς,
887 2473 1060 2540 ἀνδρὸς
1092 2475 1293 2538 δοκίμου
1324 2475 1378 2525 ἐν
1410 2472 1649 2538 Μήδοισι,
1683 2473 1740 2525 οὐ
1762 2476 1859 2541 γὰρ

199 2554 257 2620 δὴ
289 2556 498 2620 ἐποίησε
528 2555 583 2607 τὸ
631 2560 949 2625 προσταχθὲν
1003 2559 1058 2609 ἐκ
1104 2562 1190 2608 τοῦ
1236 2557 1413 2624 Κύρου,
1463 2556 1660 2609 ἐκέλευε
1711 2557 1858 2610 αὐτὸν

255 2706 280 2731 2
322 2695 469 2747 περιὼν
508 2695 541 2732 Ρ
557 2694 594 2731 R
611 2694 639 2734 S
655 2695 693 2734 V
803 2694 995 2736 ἀπολέσει
1029 2695 1067 2732 R
1085 2695 1114 2733 S
1127 2696 1165 2733 V
1383 2706 1407 2744 5
1451 2694 1526 2745 μὲν
1555 2708 1635 2736 om.
1675 2695 1708 2735 C
1726 2695 1763 2732 R
1779 2695 1809 2734 S
1822 2695 1862 2734 V

203 2760 224 2797 7
275 2749 472 2797 κοσμίσας
514 2749 551 2786 R
730 2751 755 2788 8
805 2753 886 2803 οὐρ.
929 2751 962 2789 C
979 2750 1011 2788 P
1027 2749 1066 2787 R
1083 2749 1112 2788 S
1127 2750 1165 2787 V
1346 2761 1395 2787 10
1441 2749 1683 2802 προβόσκων
1723 2749 1761 2787 R
1777 2749 1807 2788 S
1821 2750 1860 2789 V

206 2815 250 2841 11
283 2802 376 2852 τοῦ]
397 2805 446 2843 τὸ
469 2803 506 2840 R
524 2803 553 2842 S
567 2804 606 2842 V
759 2816 806 2852 14
839 2803 1034 2845 ἐθάπτετο
1056 2804 1095 2842 R
1111 2803 1193 2844 SV
1335 2806 1384 2843 16
1414 2804 1538 2854 ὄνομα
1560 2804 1592 2842 Ρ
1731 2803 1791 2843 ὤ·
1809 2805 1860 2854 δὴ

201 2869 280 2895 om.
303 2856 343 2894 A
360 2857 394 2895 B
411 2857 443 2895 C
464 2858 498 2895 P
606 2857 754 2907 καέτης
777 2859 815 2896 R
978 2872 1026 2907 19
1056 2862 1100 2900 ἐν
1119 2871 1201 2898 om.
1223 2858 1262 2896 V
1370 2858 1473 2908 κόμη
1496 2858 1535 2896 R
1685 2872 1738 2897 20
1767 2858 1859 2899 ἔπαι

204 2910 243 2948 R
261 2911 290 2950 S
305 2910 359 2949 Vl
580 2926 628 2950 21
663 2917 740 2954 ὁδῶ
767 2912 873 2962 ἦσαν
899 2915 962 2955 καὶ
993 2913 1033 2951 R
1254 2925 1305 2952 22
1335 2913 1384 2962 δὴ
1403 2914 1479 2954 τὸν
1497 2911 1700 2961 βουκόλον
1721 2911 1760 2950 R
1777 2912 1806 2952 S
1820 2912 1860 2952 V

202 2978 252 3013 24
283 2964 379 3016 τὸν]
399 2971 481 3007 τῶν
501 2967 539 3004 A
557 2967 589 3005 B
605 2968 639 3006 C
831 2980 883 3018 25
915 2967 1099 3022 ἐκφέρειν
1117 2968 1156 3006 V
1173 2982 1183 3007 :
1213 2966 1350 3021 φέρειν
1368 2967 1407 3006 Α
1424 2967 1457 3005 Β
1473 2967 1505 3006 C
1523 2967 1556 3005 P
1684 2967 1856 3008 ἑκάστου

203 3020 243 3059 R
260 3018 337 3074 [V]
506 3023 559 3059 26
589 3023 739 3064 παίδων
759 3022 956 3062 Bekker:
987 3022 1153 3065 παιδίων
1174 3022 1207 3061 L
1370 3027 1422 3067 2¹⁸7
1454 3022 1614 3072 Ἀρτεβ.
1638 3021 1668 3061 S
1683 3022 1720 3060 V
