2098 3320
100 1196 121 1214 P

0 1990 142 2041 ιώ·

798 71 1177 123 ΙΣΤΟΡΙΩΝ
1237 72 1278 120 Β

213 207 265 258 δὲ
305 203 444 270 δόξαι
488 203 541 257 εὖ
579 201 749 272 λέγειν
790 205 871 257 καὶ
916 204 1129 270 ποιῆσαί
1167 225 1252 270 μιν
1292 201 1562 256 πεισθέντα
1606 206 1759 254 ταῦτα
1798 202 1879 254 καὶ

215 290 595 356 καταρμόσαντα
636 288 724 342 τὸν
765 290 917 342 λίθον.
957 288 1156 342 ἀπιέναι
1201 287 1278 341 ἐπ’
1322 290 1473 347 οἴκου,
1521 286 1744 355 φέροντα
1787 285 1879 351 τὴν

214 373 441 442 κεφαλὴν
475 378 563 426 τοῦ
598 374 865 442 ἀδελφεοῦ.
956 373 1022 428 ὡς
1057 376 1111 426 δὲ
1151 372 1307 440 ἡμέρη
1348 371 1563 440 ἐγένετο,
1599 371 1879 424 ἐσελθόντα

212 458 300 511 τὸν
339 457 565 525 βασιλέα
605 460 658 513 ἐς
696 458 754 510 τὸ
793 460 974 524 οἴκημα
1017 460 1362 526 ἐκπεπλῆχθαι
1404 458 1596 524 ὁρῶντα
1635 456 1694 508 τὸ
1731 461 1880 522 σῶμα

164 570 188 611 5
212 547 299 596 τοῦ
329 541 497 611 φωρὸς
526 545 582 595 ἐν
611 550 671 617 τῇ
701 543 837 616 πάγῃ
867 542 985 596 ἄνευ
1014 546 1101 607 τῆς
1139 545 1364 610 κεφαλῆς
1396 542 1496 600 ἐόν,
1530 541 1587 594 τὸ
1616 544 1670 594 δὲ
1699 542 1881 606 οἴκημα

213 629 385 682 ἀσινὲς
417 628 495 680 καὶ
526 628 637 680 οὔτε
667 627 848 680 ἔσοδον
879 628 993 681 οὔτε
1033 627 1234 680 ἔκδυσιν
1265 626 1496 692 οὐδεμίαν
1526 626 1662 694 ἔχον.
1754 627 1876 678 ἀπο-

213 712 449 780 ρεύμενον
480 712 534 765 δέ
562 734 648 779 μιν
688 712 806 765 τάδε
842 716 1068 778 ποιῆσαι·
1115 717 1202 763 τοῦ
1243 715 1410 778 φωρὸς
1451 710 1538 763 τὸν
1579 710 1724 763 νέκυν
1756 712 1881 762 κατὰ

212 802 299 850 τοῦ
327 799 520 866 τείχεος
546 797 931 866 κατακρεμάσαι,
960 796 1214 865 φυλάκους
1237 799 1290 849 δὲ
1314 796 1462 848 αὐτοῦ
1494 793 1882 860 καταστήσαντα

213 883 538 935 ἐντείλασθαί
566 890 680 950 σφι,
706 882 792 935 τὸν
823 881 884 934 ἂν
915 884 1116 934 ἴδωνται
1148 881 1541 934 ἀποκλαύσαντα
1570 876 1600 945 ἢ
1635 901 1876 932 κατοικτι-

142 992 192 1021 ιο
214 965 451 1033 σάμενον,
485 968 844 1033 συλλαβόντας
873 966 1014 1034 ἄγειν
1046 966 1168 1034 πρὸς
1200 966 1400 1018 ἑωυτόν.
1477 963 1881 1033 ἀνακρεμαμένου

215 1054 269 1104 δὲ
307 1056 395 1104 τοῦ
430 1050 602 1106 νέκυος
636 1051 726 1117 τὴν
760 1050 949 1119 μητέρα
992 1054 1164 1105 δεινῶς
1209 1049 1397 1118 φέρειν,
1438 1051 1622 1118 λόγους
1662 1052 1716 1102 δὲ
1759 1048 1882 1116 πρὸς

213 1135 302 1189 τὸν
345 1136 606 1204 περιεόντα
646 1139 798 1189 παῖδα
838 1134 1135 1202 ποιευμένην
1176 1133 1525 1202 προστάσσειν
1565 1134 1711 1205 αὐτῷ,
1756 1137 1880 1204 ὅτεῳ

214 1220 380 1291 τρόπῳ
422 1221 639 1281 δύναται,
680 1223 1006 1290 μηχανᾶσθαι
1049 1222 1176 1274 ὅκως
1215 1219 1272 1271 τὸ
1318 1224 1464 1286 σῶμα
1503 1224 1591 1270 τοῦ
1631 1220 1883 1286 ἀδελφεοῦ

217 1305 501 1360 καταλύσας
531 1313 692 1379 κομιῇ·
739 1308 782 1358 εἰ
812 1307 865 1358 δὲ
888 1303 1074 1359 τούτων
1106 1302 1366 1370 ἀμελήσει,
1394 1302 1698 1356 διαπειλέειν
1728 1302 1882 1367 αὐτὴν

145 1412 192 1455 15
216 1390 282 1445 ὡς
321 1392 542 1443 ἐλθοῦσα
579 1390 702 1458 πρὸς
742 1394 829 1443 τὸν
872 1388 1098 1456 βασιλέα
1141 1389 1354 1454 μηνύσει
1398 1389 1547 1441 αὐτὸν
1592 1388 1777 1457 ἔχοντα
1819 1389 1882 1438 τὰ

215 1472 461 1544 χρήματα.
568 1475 633 1529 ὡς
691 1477 746 1528 δὲ
808 1479 1045 1543 χαλεπῶς
1106 1472 1426 1539 ἐλαμβάνετο
1485 1473 1515 1538 ἡ
1574 1471 1733 1539 μήτηρ
1793 1477 1881 1524 τοῦ

215 1559 499 1627 περιεόντος
527 1563 701 1614 παιδὸς
731 1560 811 1612 καὶ
842 1560 1012 1611 πολλὰ
1042 1557 1164 1626 πρὸς
1199 1557 1351 1622 αὐτὴν
1381 1556 1548 1625 λέγων
1578 1558 1664 1609 οὐκ
1695 1556 1878 1617 ἔπειθε,

215 1642 644 1714 ἐπιτεχνήσασθαι
688 1642 854 1696 τοιάδε
896 1664 998 1710 μιν·
1061 1645 1204 1697 ὅνους
1249 1642 1752 1708 κατασκευασάμενον
1802 1641 1881 1693 καὶ

217 1728 401 1783 ἀσκοὺς
430 1727 696 1794 πλήσαντα
724 1730 861 1781 οἴνου
900 1730 1143 1781 ἐπιθεῖναι
1183 1728 1266 1779 ἐπὶ
1304 1732 1403 1779 τῶν
1439 1729 1568 1779 ὄνων
1599 1726 1679 1778 καὶ
1710 1726 1882 1779 ἔπειτα

144 1836 195 1866 20
218 1814 445 1867 ἐλαύνειν
491 1811 680 1867 αὐτούς·
732 1813 796 1867 ὡς
842 1815 897 1866 δὲ
944 1813 1068 1865 κατὰ
1115 1812 1228 1866 τοὺς
1277 1811 1642 1879 φυλάσσοντας
1688 1810 1749 1876 ἧν
1794 1810 1882 1863 τὸν

217 1897 520 1965 κρεμάμενον
569 1897 728 1959 νέκυν,
777 1897 1132 1950 ἐπισπάσαντα
1180 1900 1279 1959 τῶν
1325 1897 1496 1949 ἀσκῶν
1543 1893 1629 1949 δύο
1672 1891 1702 1960 ἢ
1751 1899 1882 1964 τρεῖς

218 1986 468 2048 ποδεῶνας
507 1982 655 2035 αὐτὸν
694 1979 832 2035 λύειν
879 1980 1211 2047 ἀπαμμένους·
1241 1981 1331 2034 ·ὡς
1376 1983 1430 2033 δὲ
1475 1980 1612 2049 ἔρρεε
1659 1981 1685 2031 ὁ
1728 1979 1879 2040 οἶνος,

216 2066 306 2132 τὴν
338 2066 567 2136 κεφαλήν
594 2089 679 2133 μιν
716 2068 988 2120 κόπτεσθαι
1018 2064 1217 2133 μεγάλα
1245 2071 1448 2131 βοῶντα
1486 2066 1564 2120 ὡς,
1583 2065 1667 2117 οὐκ
1699 2064 1884 2134 ἔχοντα

218 2156 340 2219 πρὸς
370 2154 536 2205 ὁκοῖον
566 2157 664 2205 τῶν
694 2154 822 2205 ὄνων
860 2157 1055 2220 πρῶτον
1092 2150 1351 2218 τράπηται·
1398 2149 1511 2205 τοὺς
1542 2152 1596 2202 δὲ
1628 2149 1884 2217 φυλάκους

146 2256 194 2298 25
219 2236 283 2290 ὡς
314 2238 436 2290 ἰδεῖν
466 2241 659 2290 πολλὸν
697 2235 877 2304 ῥέοντα
916 2235 1004 2308 τὸν
1046 2235 1198 2294 οἶνον,
1234 2233 1528 2304 συντρέχειν
1564 2236 1615 2288 ἐς
1646 2233 1737 2299 τὴν
1768 2235 1884 2286 ὁδὸν

148 2388 160 2398 ι
218 2321 404 2389 ἀγγήια
447 2322 655 2390 ἔχοντας
701 2322 781 2374 καὶ
829 2326 916 2374 τὸν
967 2319 1298 2390 ἐκκεχυμένον
1345 2315 1519 2387 [οἶνον]
1564 2319 1884 2387 συγκομίζειν

0 2395 273 2498 ξμᾳᾴἑν
304 2405 358 2459 κέ
389 2410 463 2459 δεῖ
493 2405 825 2472 ποιευμένους.
914 2405 1001 2458 τὸν
1032 2408 1085 2458 δὲ
1115 2403 1542 2472 διαλοιδορέεσθαι
1572 2408 1700 2456 πᾶσι
1729 2402 1884 2471 ὀργὴν

273 2559 298 2585 2
340 2546 536 2602 φέροντα]
572 2545 784 2600 ἀπάγοντα
818 2545 851 2585 Ρ
866 2546 904 2584 R
920 2545 950 2584 S
963 2545 1002 2583 V
1157 2546 1185 2583 6
1228 2544 1383 2597 ἔχοντα
1420 2546 1503 2594 (·τε
1527 2543 1578 2595 S)
1614 2538 1885 2595 πορευόμενον

221 2600 260 2640 R
276 2602 357 2642 SV
575 2604 601 2641 8
635 2609 817 2655 φυλακας
847 2599 929 2639 SV
1094 2602 1352 2648 καταστῆσαι
1384 2598 1645 2640 ἐντείλασθαί
1671 2614 1717 2638 τε
1749 2596 1789 2635 R
1804 2596 1885 2638 SV

218 2670 246 2707 9
275 2665 393 2709 σφισι
412 2656 453 2696 Α
466 2657 501 2697 Β
517 2657 551 2696 C
765 2669 816 2696 10
845 2654 970 2696 αὐτόν
991 2654 1030 2693 R
1045 2653 1075 2694 S
1087 2653 1125 2691 V
1331 2667 1380 2704 13
1409 2654 1725 2706 μηχανήσασθαι
1749 2652 1787 2689 R
1804 2652 1834 2691 S
1846 2651 1886 2690 V

219 2712 323 2754 ὅπως
343 2711 384 2750 Α
397 2712 432 2751 Β
448 2712 481 2751 C
540 2752 542 2756 ,
695 2724 743 2761 14
773 2713 891 2764 κομιῇ
912 2708 1134 2749 Merzdorf
1146 2723 1155 2748 :
1185 2712 1319 2760 κομιεῖ
1333 2708 1374 2748 Α
1387 2708 1422 2747 Β
1438 2709 1471 2747 C
1489 2723 1499 2749 ε
1530 2707 1677 2759 κομίσῃ
1699 2707 1733 2747 Ρ
1750 2706 1790 2745 R
1805 2707 1835 2746 S
1847 2706 1886 2745 V

220 2767 408 2818 ἀμελήση
426 2767 456 2807 S
470 2768 513 2814 V,
645 2766 848 2808 ἀπειλέειν
869 2765 908 2803 R
923 2765 953 2804 S
968 2764 1006 2803 V
1130 2794 1133 2797 -
1158 2777 1206 2814 15
1236 2764 1310 2806 τὰς
1330 2763 1371 2803 Α
1390 2777 1400 2802 t
1430 2777 1513 2804 om.
1544 2763 1578 2803 C
1723 2763 1772 2801 18
1803 2765 1885 2803 ἐπι-

219 2822 489 2873 τεχνίσασθαι
507 2822 540 2861 C
563 2853 570 2861 .
651 2835 705 2862 20
723 2820 794 2874 ἦν]
812 2820 861 2869 ἧν
878 2823 969 2862 ἶσον
986 2820 1025 2860 R
1041 2820 1070 2859 S
1083 2819 1145 2859 V:
1176 2821 1326 2868 ἤνυσεν
1343 2818 1536 2869 Heiberg
1648 2831 1701 2857 22
1725 2818 1880 2870 ἂφαμμ.

221 2875 262 2915 Α
278 2876 312 2915 Β
328 2878 362 2916 C
556 2889 605 2926 24
637 2881 792 2929 πρῶτον
812 2880 895 2916 τῶν
922 2875 1022 2915 ὄνων
1043 2874 1081 2912 R
1099 2873 1180 2914 SV
1345 2873 1529 2926 φύλακας
1551 2873 1582 2914 S
1596 2871 1634 2913 V
1651 2886 1661 2913 ι
1691 2871 1822 2927 φύλοις
1845 2872 1885 2911 R

222 2943 273 2981 25
304 2932 432 2974 πολὺν
454 2931 488 2971 L
655 2933 708 2971 26
737 2932 844 2973 οἶνον
857 2943 944 2970 om.
972 2929 1011 2969 R
1027 2928 1108 2968 SV
1327 2964 1332 2965 ⁷

1919 74 1983 123 ΙΙ.
2009 85 2089 123 121
