2098 3320
84 89 183 139 111.
210 98 263 149 17

237 238 263 269 2

207 726 262 775 18

194 2428 262 2463 20

919 85 1346 136 ΗΡΟΔΟΤΟΤ
1408 111 1411 114 ·

301 225 361 290 τῇ
411 218 552 290 νοτίῃ
604 216 859 292 θαλάσσῃ.
948 218 1299 289 βουλευομένῳ
1347 218 1404 272 δέ
1452 220 1499 271 οἱ
1551 218 1692 285 ἔδοξε
1740 219 1822 273 ἐπὶ
1869 221 1962 286 μὲν

303 303 671 370 Καρχηδονίους
713 302 803 355 τὸν
847 303 1075 357 ναυτικὸν
1124 303 1342 371 στρατὸν
1385 303 1742 364 ἀποστέλλειν,
1785 304 1868 357 ἐπὶ
1907 306 1962 357 δὲ

300 385 610 451 Ἀμμωνίους
649 392 736 439 τοῦ
773 388 920 452 πεζοῦ
959 389 1311 456 ἀποκρίναντα,
1354 389 1438 440 ἐπὶ
1476 390 1530 440 δὲ
1567 387 1682 442 τοὺς
1721 389 1963 443 Αἰθίοπας

301 470 549 524 κατόπτας
598 476 817 538 πρῶτον,
863 472 1147 540 ὀψομένους
1195 493 1252 525 τε
1301 471 1391 537 τὴν
1451 473 1506 524 ἐν
1555 472 1779 525 τούτοισι
1827 476 1964 529 τοῖσι

300 555 510 619 Αἰθίοψι
545 555 824 623 λεγομένην
859 556 984 610 εἶναι
1023 557 1168 623 ἡλίου
1207 555 1454 625 τράπεζαν
1494 557 1537 608 εἰ
1574 555 1685 608 ἔστι
1719 555 1961 623 ἀληθέως,

301 638 381 690 καὶ
417 643 538 704 πρὸς
573 638 724 712 ταύτῃ
759 643 823 692 τὰ
856 640 993 694 ἄλλα
1030 637 1423 709 κατοψομένους,
1457 644 1591 708 δῶρα
1630 643 1683 694 δὲ
1719 645 1786 712 τῷ
1824 642 1960 711 λόγῳ

300 719 546 790 φέροντας
567 728 634 793 τῷ
658 723 870 790 βασιλέϊ
899 726 1075 778 αὐτῶν.
1149 726 1179 790 ἡ
1203 729 1257 778 δὲ
1286 724 1503 792 τράπεζα
1523 729 1610 777 τοῦ
1631 725 1778 790 ἡλίου
1798 723 1962 790 τοιήδε

298 827 375 862 τις
412 803 619 875 λέγεται
656 809 799 861 εἶναι·
859 810 1047 876 λειμών
1082 811 1192 863 ἐστι
1231 811 1285 861 ἐν
1321 815 1389 880 τῷ
1429 811 1684 879 προαστίῳ
1726 810 1963 864 ἐπίπλεος

300 896 456 958 κρεῶν
502 894 673 959 ἑφθῶν
723 892 924 947 πάντων
974 899 1074 947 τῶν
1118 895 1448 962 τετραπόδων,
1499 895 1550 947 ἐς
1600 893 1689 946 τὸν
1737 895 1826 949 τὰς
1869 896 1963 964 μὲν

300 975 479 1030 νύκτας
504 977 881 1042 ἐπιτηδεύοντας
903 978 1092 1031 τιθέναι
1113 982 1176 1031 τὰ
1200 976 1318 1046 κρέα
1345 977 1459 1032 τοὺς
1483 979 1538 1030 ἐν
1560 976 1696 1031 τέλεϊ
1726 977 1964 1049 ἑκάστους

302 1060 475 1115 ἐόντας
503 1065 603 1113 τῶν
638 1051 837 1127 ἀστῶν,
854 1064 945 1118 τὰς
979 1065 1035 1116 δὲ
1061 1062 1247 1132 ἡμέρας
1275 1064 1539 1115 δαίνυσθαι
1568 1063 1842 1130 προσιόντα
1875 1061 1964 1115 τὸν

299 1144 630 1211 βουλόμενον·
678 1145 836 1214 φάναι
865 1150 918 1200 δὲ
941 1147 1056 1202 τοὺς
1084 1148 1380 1218 ἐπιχωρίους
1408 1152 1560 1199 ταῦτα
1583 1146 1672 1211 τὴν
1690 1149 1789 1214 γῆν
1812 1146 1964 1211 αὐτὴν

301 1230 586 1298 ἀναδιδόναι
617 1229 874 1284 ἑκάστοτε.
960 1232 991 1297 ἡ
1021 1234 1114 1298 μὲν
1144 1232 1201 1297 δὴ
1237 1230 1455 1301 τράπεζα
1485 1235 1572 1283 τοῦ
1605 1231 1752 1296 ἡλίου
1787 1237 1961 1284 καλεο-

300 1312 422 1378 μένη
453 1313 656 1381 λέγεται
687 1315 812 1368 εἶναι
841 1315 1021 1382 τοιήδε.
1112 1315 1366 1390 Καμβύσῃ
1397 1318 1451 1369 δὲ
1481 1315 1547 1370 ὣς
1576 1314 1717 1381 ἔδοξε
1751 1314 1964 1382 πέμπειν

300 1398 415 1452 τοὺς
467 1400 825 1460 κατασκόπους,
879 1400 1053 1453 αὐτίκα
1101 1399 1441 1467 μετεπέμπετο
1494 1399 1552 1465 ἐξ
1598 1399 1964 1468 Ἐλεφαντίνης

301 1482 476 1537 πόλιος
526 1488 625 1536 τῶν
669 1484 1019 1554 Ἰχθυοφάγων
1069 1487 1258 1554 ἀνδρῶν
1308 1484 1421 1540 τοὺς
1467 1483 1830 1550 ἐπισταμένους
1873 1483 1965 1556 τὴν

301 1568 566 1620 Αἰθιοπίδα
600 1574 860 1636 γλῶσσαν.
951 1571 1005 1622 ἐν
1034 1568 1071 1641 ᾧ
1100 1573 1154 1623 δὲ
1187 1570 1389 1623 τούτους
1426 1567 1687 1635 μετήισαν,
1721 1570 1775 1622 ἐν
1809 1567 1963 1639 τούτῳ

288 1650 500 1704 ’ἐκέλευε
543 1653 625 1704 ἐπὶ
662 1653 753 1718 τὴν
790 1656 1089 1723 Καρχηδόνα
1126 1653 1301 1706 πλέειν
1339 1653 1426 1706 τὸν
1463 1653 1694 1706 ναυτικὸν
1730 1654 1962 1722 στρατόν.

302 1736 531 1790 Φοίνικες
575 1739 628 1789 δὲ
668 1739 754 1790 οὐκ
795 1738 996 1807 ἔφασαν
1039 1738 1271 1805 ποιήσειν
1312 1742 1480 1790 ταῦτα·
1526 1738 1740 1805 ὁρκίοισί
1778 1759 1830 1790 τε
1870 1738 1964 1804 γὰρ

300 1820 573 1887 μεγάλοισι
596 1821 880 1875 ἐνδεδέσθαι
904 1822 984 1875 καὶ
1008 1821 1095 1874 οὐκ
1116 1821 1179 1876 ἂν
1197 1821 1386 1876 ποιέειν
1407 1823 1526 1874 ὅσια
1548 1823 1630 1874 ἐπὶ
1651 1821 1765 1876 τοὺς
1788 1825 1964 1875 παῖδας

301 1904 415 1958 τοὺς
456 1908 650 1958 ἑωυτῶν
686 1907 1084 1975 στρατευόμενοι.
1174 1907 1422 1960 Φοινίκων
1461 1909 1515 1959 δὲ
1550 1905 1607 1958 οὐ
1639 1904 1965 1972 βουλομένων

302 1990 347 2040 οἱ
388 1991 555 2042 λοιποὶ
597 1991 687 2042 οὐκ
728 1990 994 2061 ἀξιόμαχοι
1035 1992 1276 2059 ἐγίνοντο.
1366 1991 1698 2059 Καρχηδόνιοι
1742 1989 1834 2055 μέν
1877 2010 1964 2042 νυν

302 2073 426 2124 οὕτω
458 2076 766 2141 δουλοσύνην
796 2075 1034 2144 διέφυγον
1063 2076 1186 2144 πρὸς
1216 2074 1474 2142 Περσέων.
1566 2075 1846 2140 Καμβύσης
1868 2075 1963 2141 γὰρ

302 2159 422 2221 βίην
451 2159 539 2211 οὐκ
570 2160 784 2212 ἐδικαίου
812 2159 1122 2228 προσφέρειν
1153 2157 1363 2223 Φοίνιξι,
1396 2160 1474 2210 ὅτι
1504 2157 1667 2226 σφέας
1700 2180 1756 2210 τε
1790 2156 1964 2211 αὐτοὺς

303 2242 609 2296 ἐδεδώκεσαν
633 2242 869 2316 Πέρσῃσι
900 2244 979 2296 καὶ
1008 2249 1104 2298 πᾶς
1128 2245 1182 2296 ἐκ
1206 2243 1454 2296 Φοινίκων
1482 2242 1662 2310 ἤρτητο
1687 2243 1713 2292 ὁ
1737 2241 1962 2295 ναυτικὸς

302 2328 527 2392 στρατός.
620 2316 790 2382 δόντες
833 2331 887 2381 δὲ
928 2327 1006 2380 καὶ
1052 2328 1263 2395 Κύπριοι
1302 2319 1467 2395 σφέας
1510 2326 1687 2380 αὐτοὺς
1727 2325 1963 2398 Πέρσῃσι

301 2404 656 2476 ἐστρατεύοντο
689 2412 766 2464 ἐπ’
798 2414 1066 2480 Αἴγυπτον.
1141 2413 1304 2465 ἐπείτε
1333 2414 1387 2464 δὲ
1414 2416 1484 2481 τῷ
1516 2410 1768 2482 Καμβύσῃ
1799 2411 1853 2461 ἐκ
1875 2412 1962 2474 τῆς

301 2492 667 2562 Ἐλεφαντίνης
707 2498 942 2549 ἀπίκοντο
974 2493 1034 2549 ὀἱ
1079 2495 1421 2566 Ἰχθυοφάγοι,
1465 2494 1652 2560 ἔπεμπε
1696 2492 1871 2547 αὐτοὺς
1911 2495 1961 2547 ἐς

301 2578 412 2631 τοὺς
455 2581 697 2635 Αἰθίοπας
737 2581 1084 2647 ἐντειλάμενός
1127 2602 1182 2633 τε
1221 2582 1283 2632 τὰ
1325 2579 1495 2647 λέγειν
1540 2581 1667 2648 χρῆν
1711 2579 1788 2631 καὶ
1832 2581 1962 2644 δῶρα

357 2732 381 2767 4
412 2723 496 2758 καθ.
519 2719 557 2757 R
571 2719 608 2757 V
714 2720 892 2771 πρώτους
915 2719 954 2757 R
970 2719 999 2758 S
1013 2719 1051 2757 V
1161 2736 1207 2760 ’τε
1228 2731 1309 2758 om.
1327 2717 1365 2755 R
1382 2717 1411 2756 S
1428 2718 1463 2755 V
1603 2729 1624 2766 7
1656 2715 1808 2757 αὐτέων
1825 2715 1864 2754 R
1879 2715 1909 2755 S
1923 2716 1962 2754 V

301 2774 327 2809 8
356 2773 582 2824 προαστείῳ
604 2773 638 2812 L
770 2774 969 2815 ἐπίπλεως
987 2773 1046 2813 Ac
1062 2774 1097 2812 B
1113 2773 1146 2812 C
1163 2774 1196 2812 P
1385 2786 1412 2823 9
1444 2775 1574 2823 ἑφθῶν
1595 2772 1630 2810 Β
1645 2771 1678 2810 C
1697 2771 1734 2808 R
1748 2771 1787 2809 V
1875 2792 1877 2794 ·
1913 2771 1961 2811 ὃν

305 2826 342 2863 R
359 2826 388 2866 S
402 2827 439 2865 V
555 2841 604 2866 10
634 2828 834 2869 ἑκάστοτε
855 2829 1067 2881 Gomperz
1182 2840 1228 2877 14
1254 2827 1474 2879 Καμβύσης
1497 2825 1536 2863 R
1553 2826 1582 2865 S
1598 2826 1634 2864 V
1748 2837 1794 2873 17
1826 2828 1870 2866 ἐν
1884 2855 1894 2866 .
1917 2854 1926 2863 .
1947 2855 1958 2865 .

300 2883 501 2930 μετήισαν
525 2884 725 2933 (μετ-ἦσαν
745 2883 802 2936 L)
823 2897 905 2923 om.
931 2883 970 2922 R
987 2883 1069 2923 SV
1202 2895 1250 2933 19
1277 2900 1325 2923 τε
1344 2895 1424 2922 om.
1448 2879 1487 2919 A
1502 2880 1537 2919 B
1553 2880 1586 2920 C
1602 2880 1635 2918 P
1763 2892 1818 2918 20
1845 2877 1957 2929 ὅσια]

301 2935 400 2976 ὦσιν
421 2937 450 2975 S
465 2937 503 2974 V
693 2952 745 2977 22
774 2940 884 2979 λιποὶ
907 2939 946 2977 R
1087 2938 1278 2990 ἐγένοντο
1301 2937 1340 2974 R
1356 2937 1386 2976 S
1400 2937 1438 2974 V
1629 2945 1681 2983 25
1711 2934 1806 2977 πᾶςἹ
1827 2934 1900 2975 τὰς
1922 2934 1956 2972 C

301 3003 355 3040 29
383 2991 737 3034 -reom,ABCP
859 2992 1133 3046 χρῆνκαὶΡε
1163 2993 1243 3046 χρὴ
1265 2989 1518 3033 καὶΑΒΕε
1547 2987 1850 3044 χρῆναιῐζδν

1986 576 2010 617 5

1989 976 2064 1027 10*

1990 1420 2038 1461 15

1992 1840 2040 1868 20
