<?xml version="1.0" encoding="UTF-8"?>
<!DOCTYPE html PUBLIC "-//W3C//DTD XHTML 1.0 Transitional//EN"
    "http://www.w3.org/TR/xhtml1/DTD/xhtml1-transitional.dtd">
<html xmlns="http://www.w3.org/1999/xhtml" xml:lang="en" lang="en">
 <head>
  <title>
</title>
<meta http-equiv="Content-Type" content="text/html;charset=utf-8" />
  <meta name='ocr-system' content='tesseract 3.04.00' />
  <meta name='ocr-capabilities' content='ocr_page ocr_carea ocr_par ocr_line ocrx_word'/>
</head>
<body>
  <div class='ocr_page' id='page_1' title='image "./herodotihistoria01herouoft_0107.png"; bbox 0 0 2098 3320; ppageno 0'>
   <div class='ocr_carea' id='block_1_1' title="bbox 808 142 2073 245">
    <p class='ocr_par' dir='ltr' id='par_1_1' title="bbox 808 142 2073 245">
     <span class='ocr_line' id='line_1_1' title="bbox 808 142 2073 245; baseline 0.008 -23"><span class='ocrx_word' id='word_1_1' title='bbox 808 142 1190 223; x_wconf 79' lang='grc' dir='ltr'>ῙΣΤοΡιΩΝ</span> <span class='ocrx_word' id='word_1_2' title='bbox 1252 175 1295 223; x_wconf 89' lang='lat' dir='ltr'><strong>A</strong></span> <span class='ocrx_word' id='word_1_3' title='bbox 1925 182 1962 229; x_wconf 92' lang='lat'>1.</span> <span class='ocrx_word' id='word_1_4' title='bbox 1981 182 2073 245; x_wconf 85' lang='lat'>167</span> 
     </span>
    </p>
   </div>
   <div class='ocr_carea' id='block_1_2' title="bbox 159 301 2098 965">
    <p class='ocr_par' dir='ltr' id='par_1_2' title="bbox 159 301 2098 965">
     <span class='ocr_line' id='line_1_2' title="bbox 209 301 1882 372; baseline 0.002 -14"><span class='ocrx_word' id='word_1_5' title='bbox 209 306 263 358; x_wconf 83' lang='grc' dir='ltr'>δὲ</span> <span class='ocrx_word' id='word_1_6' title='bbox 294 301 588 371; x_wconf 82' lang='grc' dir='ltr'>Ἀγυλλαῖοι</span> <span class='ocrx_word' id='word_1_7' title='bbox 629 304 680 357; x_wconf 85' lang='grc' dir='ltr'>ἐς</span> <span class='ocrx_word' id='word_1_8' title='bbox 713 303 950 372; x_wconf 81' lang='grc' dir='ltr'>Δελφοὺς</span> <span class='ocrx_word' id='word_1_9' title='bbox 990 303 1230 370; x_wconf 81' lang='grc' dir='ltr'>ἔπεμπον,</span> <span class='ocrx_word' id='word_1_10' title='bbox 1263 306 1569 372; x_wconf 85' lang='grc' dir='ltr'>βουλόμενοι</span> <span class='ocrx_word' id='word_1_11' title='bbox 1602 305 1882 361; x_wconf 85' lang='grc' dir='ltr'>ἀκέσασθαι</span> 
     </span>
     <span class='ocr_line' id='line_1_3' title="bbox 207 386 1883 456; baseline 0.003 -16"><span class='ocrx_word' id='word_1_12' title='bbox 207 387 299 453; x_wconf 78' lang='grc' dir='ltr'>τὴν</span> <span class='ocrx_word' id='word_1_13' title='bbox 325 386 597 456; x_wconf 83' lang='grc' dir='ltr'>ἁμαρτάδα.</span> <span class='ocrx_word' id='word_1_14' title='bbox 676 388 714 453; x_wconf 89' lang='grc' dir='ltr'>ἡ</span> <span class='ocrx_word' id='word_1_15' title='bbox 747 390 798 441; x_wconf 83' lang='grc' dir='ltr'>δὲ</span> <span class='ocrx_word' id='word_1_16' title='bbox 832 390 993 454; x_wconf 88' lang='grc' dir='ltr'>Πυθίη</span> <span class='ocrx_word' id='word_1_17' title='bbox 1029 388 1193 456; x_wconf 90' lang='grc' dir='ltr'>σφέας</span> <span class='ocrx_word' id='word_1_18' title='bbox 1225 389 1459 443; x_wconf 88' lang='grc' dir='ltr'>ἐκέλευσε</span> <span class='ocrx_word' id='word_1_19' title='bbox 1491 389 1678 444; x_wconf 80' lang='grc' dir='ltr'>ποιέειν</span> <span class='ocrx_word' id='word_1_20' title='bbox 1709 394 1768 444; x_wconf 83' lang='grc' dir='ltr'>τὰ</span> <span class='ocrx_word' id='word_1_21' title='bbox 1806 394 1883 445; x_wconf 91' lang='grc' dir='ltr'>καὶ</span> 
     </span>
     <span class='ocr_line' id='line_1_4' title="bbox 209 470 2098 544; baseline 0.001 -19"><span class='ocrx_word' id='word_1_22' title='bbox 209 477 298 525; x_wconf 82' lang='grc' dir='ltr'>νῦν</span> <span class='ocrx_word' id='word_1_23' title='bbox 328 475 375 525; x_wconf 78' lang='grc' dir='ltr'>οἱ</span> <span class='ocrx_word' id='word_1_24' title='bbox 406 471 705 541; x_wconf 83' lang='grc' dir='ltr'>Ἀγυλλαῖοι</span> <span class='ocrx_word' id='word_1_25' title='bbox 737 474 810 526; x_wconf 85' lang='grc' dir='ltr'>ἔτι</span> <span class='ocrx_word' id='word_1_26' title='bbox 841 473 1176 527; x_wconf 83' lang='grc' dir='ltr'>ἐπιτελέουσι·</span> <span class='ocrx_word' id='word_1_27' title='bbox 1228 474 1308 527; x_wconf 88' lang='grc' dir='ltr'>καὶ</span> <span class='ocrx_word' id='word_1_28' title='bbox 1339 477 1434 542; x_wconf 79' lang='grc' dir='ltr'>γὰρ</span> <span class='ocrx_word' id='word_1_29' title='bbox 1466 477 1753 544; x_wconf 53' lang='grc' dir='ltr'>ἐναγίζουσί</span> <span class='ocrx_word' id='word_1_30' title='bbox 1786 485 1884 543; x_wconf 90' lang='grc' dir='ltr'>σφι</span> <span class='ocrx_word' id='word_1_31' title='bbox 1907 470 2098 527; x_wconf 59' lang='lat' dir='ltr'>mli-24</span> 
     </span>
     <span class='ocr_line' id='line_1_5' title="bbox 159 557 1944 628; baseline 0.003 -19"><span class='ocrx_word' id='word_1_32' title='bbox 159 620 169 628; x_wconf 36' lang='lat' dir='ltr'><em>s</em></span> <span class='ocrx_word' id='word_1_33' title='bbox 209 557 444 624; x_wconf 85' lang='grc' dir='ltr'>μεγάλως</span> <span class='ocrx_word' id='word_1_34' title='bbox 492 557 571 609; x_wconf 86' lang='grc' dir='ltr'>καὶ</span> <span class='ocrx_word' id='word_1_35' title='bbox 613 558 783 625; x_wconf 83' lang='grc' dir='ltr'>ἀγῶνα</span> <span class='ocrx_word' id='word_1_36' title='bbox 823 563 1061 626; x_wconf 84' lang='grc' dir='ltr'>γυμνικὸν</span> <span class='ocrx_word' id='word_1_37' title='bbox 1100 560 1180 612; x_wconf 89' lang='grc' dir='ltr'>καὶ</span> <span class='ocrx_word' id='word_1_38' title='bbox 1229 561 1429 612; x_wconf 84' lang='grc' dir='ltr'>ἱππικὸν</span> <span class='ocrx_word' id='word_1_39' title='bbox 1474 562 1729 613; x_wconf 79' lang='grc' dir='ltr'>ἐπιστᾶσι.</span> <span class='ocrx_word' id='word_1_40' title='bbox 1806 563 1884 614; x_wconf 89' lang='grc' dir='ltr'>καὶ</span> <span class='ocrx_word' id='word_1_41' title='bbox 1918 582 1944 626; x_wconf 87' lang='grc'>3</span> 
     </span>
     <span class='ocr_line' id='line_1_6' title="bbox 163 642 1883 714; baseline 0.002 -20"><span class='ocrx_word' id='word_1_42' title='bbox 163 664 185 706; x_wconf 82' lang='grc'>5</span> <span class='ocrx_word' id='word_1_43' title='bbox 211 642 346 694; x_wconf 78' lang='grc' dir='ltr'>οὗτοι</span> <span class='ocrx_word' id='word_1_44' title='bbox 382 644 475 708; x_wconf 77' lang='grc' dir='ltr'>μὲν</span> <span class='ocrx_word' id='word_1_45' title='bbox 511 647 610 695; x_wconf 83' lang='grc' dir='ltr'>τῶν</span> <span class='ocrx_word' id='word_1_46' title='bbox 641 642 914 696; x_wconf 80' lang='grc' dir='ltr'>Φωκαιέων</span> <span class='ocrx_word' id='word_1_47' title='bbox 951 644 1156 714; x_wconf 80' lang='grc' dir='ltr'>τοιούτῳ</span> <span class='ocrx_word' id='word_1_48' title='bbox 1195 647 1329 714; x_wconf 90' lang='grc' dir='ltr'>μόρῳ</span> <span class='ocrx_word' id='word_1_49' title='bbox 1368 643 1715 713; x_wconf 92' lang='grc' dir='ltr'>διεχρήσαντο,</span> <span class='ocrx_word' id='word_1_50' title='bbox 1748 648 1794 698; x_wconf 83' lang='grc' dir='ltr'>οἱ</span> <span class='ocrx_word' id='word_1_51' title='bbox 1830 649 1883 699; x_wconf 80' lang='grc' dir='ltr'>δὲ</span> 
     </span>
     <span class='ocr_line' id='line_1_7' title="bbox 211 726 1884 796; baseline 0.002 -16"><span class='ocrx_word' id='word_1_52' title='bbox 211 726 374 780; x_wconf 81' lang='grc' dir='ltr'>αὐτῶν</span> <span class='ocrx_word' id='word_1_53' title='bbox 434 729 484 781; x_wconf 88' lang='grc' dir='ltr'>ἐς</span> <span class='ocrx_word' id='word_1_54' title='bbox 535 726 592 779; x_wconf 87' lang='grc' dir='ltr'>τὸ</span> <span class='ocrx_word' id='word_1_55' title='bbox 643 726 842 795; x_wconf 87' lang='grc' dir='ltr'>Ῥήγιον</span> <span class='ocrx_word' id='word_1_56' title='bbox 895 729 1269 796; x_wconf 81' lang='grc' dir='ltr'>καταφυγόντες</span> <span class='ocrx_word' id='word_1_57' title='bbox 1331 730 1558 782; x_wconf 81' lang='grc' dir='ltr'>ἐνθεῦτεν</span> <span class='ocrx_word' id='word_1_58' title='bbox 1611 730 1884 796; x_wconf 84' lang='grc' dir='ltr'>ὁρμώμενοι</span> 
     </span>
     <span class='ocr_line' id='line_1_8' title="bbox 212 809 1882 885; baseline 0.002 -22"><span class='ocrx_word' id='word_1_59' title='bbox 212 809 489 876; x_wconf 81' lang='grc' dir='ltr'>ἐκτήσαντο</span> <span class='ocrx_word' id='word_1_60' title='bbox 520 813 670 865; x_wconf 92' lang='grc' dir='ltr'>πόλιν</span> <span class='ocrx_word' id='word_1_61' title='bbox 700 815 791 880; x_wconf 86' lang='grc' dir='ltr'>γῆς</span> <span class='ocrx_word' id='word_1_62' title='bbox 823 816 910 878; x_wconf 84' lang='grc' dir='ltr'>τῆς</span> <span class='ocrx_word' id='word_1_63' title='bbox 941 815 1218 880; x_wconf 84' lang='grc' dir='ltr'>Οἷνωτρίης</span> <span class='ocrx_word' id='word_1_64' title='bbox 1250 813 1432 885; x_wconf 86' lang='grc' dir='ltr'>ταύτην</span> <span class='ocrx_word' id='word_1_65' title='bbox 1468 814 1574 879; x_wconf 83' lang='grc' dir='ltr'>ἥτις</span> <span class='ocrx_word' id='word_1_66' title='bbox 1614 819 1702 867; x_wconf 79' lang='grc' dir='ltr'>νῦν</span> <span class='ocrx_word' id='word_1_67' title='bbox 1731 814 1882 880; x_wconf 77' lang='grc' dir='ltr'>Ὕέλη</span> 
     </span>
     <span class='ocr_line' id='line_1_9' title="bbox 212 895 1949 965; baseline 0.002 -17"><span class='ocrx_word' id='word_1_68' title='bbox 212 895 460 949; x_wconf 80' lang='grc' dir='ltr'>καλέεται.</span> <span class='ocrx_word' id='word_1_69' title='bbox 525 896 728 950; x_wconf 85' lang='grc' dir='ltr'>ἔκτισαν</span> <span class='ocrx_word' id='word_1_70' title='bbox 766 901 819 950; x_wconf 80' lang='grc' dir='ltr'>δὲ</span> <span class='ocrx_word' id='word_1_71' title='bbox 861 898 1043 964; x_wconf 89' lang='grc' dir='ltr'>ταύτην</span> <span class='ocrx_word' id='word_1_72' title='bbox 1087 898 1208 965; x_wconf 84' lang='grc' dir='ltr'>πρὸς</span> <span class='ocrx_word' id='word_1_73' title='bbox 1249 898 1425 965; x_wconf 82' lang='grc' dir='ltr'>ἀνδρὸς</span> <span class='ocrx_word' id='word_1_74' title='bbox 1467 898 1882 965; x_wconf 85' lang='grc' dir='ltr'>Ποσειδωνιήτεω</span> <span class='ocrx_word' id='word_1_75' title='bbox 1923 923 1949 963; x_wconf 86' lang='lat'>4</span> 
     </span>
    </p>
   </div>
   <div class='ocr_carea' id='block_1_3' title="bbox 210 970 2098 1059">
    <p class='ocr_par' dir='ltr' id='par_1_3' title="bbox 210 970 2098 1059">
     <span class='ocr_line' id='line_1_10' title="bbox 210 970 2098 1059; baseline 0.004 -27"><span class='ocrx_word' id='word_1_76' title='bbox 210 982 451 1046; x_wconf 81' lang='grc' dir='ltr'>μαθόντες</span> <span class='ocrx_word' id='word_1_77' title='bbox 483 982 547 1035; x_wconf 84' lang='grc' dir='ltr'>ὡς</span> <span class='ocrx_word' id='word_1_78' title='bbox 577 986 663 1034; x_wconf 85' lang='grc' dir='ltr'>τὸν</span> <span class='ocrx_word' id='word_1_79' title='bbox 695 983 891 1050; x_wconf 85' lang='grc' dir='ltr'>Κύρνον</span> <span class='ocrx_word' id='word_1_80' title='bbox 925 989 1024 1050; x_wconf 92' lang='grc' dir='ltr'>σφι</span> <span class='ocrx_word' id='word_1_81' title='bbox 1054 983 1083 1048; x_wconf 87' lang='grc' dir='ltr'>ἡ</span> <span class='ocrx_word' id='word_1_82' title='bbox 1123 985 1284 1048; x_wconf 89' lang='grc' dir='ltr'>Πυθίη</span> <span class='ocrx_word' id='word_1_83' title='bbox 1324 982 1511 1051; x_wconf 85' lang='grc' dir='ltr'>ἔχρησε</span> <span class='ocrx_word' id='word_1_84' title='bbox 1555 984 1882 1054; x_wconf 46' lang='grc' dir='ltr'>κτίσαι-ᾔω</span> <span class='ocrx_word' id='word_1_85' title='bbox 1896 970 2098 1059; x_wconf 43' lang='lat' dir='ltr'>Q&amp;</span> 
     </span>
    </p>
   </div>
   <div class='ocr_carea' id='block_1_4' title="bbox 94 1061 2098 2772">
    <p class='ocr_par' dir='ltr' id='par_1_4' title="bbox 140 1061 2098 1472">
     <span class='ocr_line' id='line_1_11' title="bbox 140 1061 2098 1139; baseline 0.003 -24"><span class='ocrx_word' id='word_1_86' title='bbox 140 1086 187 1115; x_wconf 84' lang='lat'>10</span> <span class='ocrx_word' id='word_1_87' title='bbox 212 1066 373 1126; x_wconf 91' lang='grc' dir='ltr'>ἐόντα,</span> <span class='ocrx_word' id='word_1_88' title='bbox 407 1065 525 1118; x_wconf 87' lang='grc' dir='ltr'>ἀλλ’</span> <span class='ocrx_word' id='word_1_89' title='bbox 557 1066 615 1117; x_wconf 81' lang='grc' dir='ltr'>οὐ</span> <span class='ocrx_word' id='word_1_90' title='bbox 649 1066 739 1131; x_wconf 76' lang='grc' dir='ltr'>τὴν</span> <span class='ocrx_word' id='word_1_91' title='bbox 776 1070 950 1132; x_wconf 65' lang='grc' dir='ltr'>νῆσον.</span> <span class='ocrx_word' id='word_1_92' title='bbox 1027 1069 1259 1133; x_wconf 87' lang='grc' dir='ltr'>Φωκαίης</span> <span class='ocrx_word' id='word_1_93' title='bbox 1295 1066 1387 1133; x_wconf 89' lang='grc' dir='ltr'>μέν</span> <span class='ocrx_word' id='word_1_94' title='bbox 1427 1089 1514 1120; x_wconf 92' lang='grc' dir='ltr'>νυν</span> <span class='ocrx_word' id='word_1_95' title='bbox 1550 1067 1662 1131; x_wconf 88' lang='grc' dir='ltr'>πέρι</span> <span class='ocrx_word' id='word_1_96' title='bbox 1698 1071 1784 1132; x_wconf 87' lang='grc' dir='ltr'>τῆς</span> <span class='ocrx_word' id='word_1_97' title='bbox 1830 1071 1883 1120; x_wconf 91' lang='grc' dir='ltr'>ἐν</span> <span class='ocrx_word' id='word_1_98' title='bbox 1899 1061 2098 1139; x_wconf 40' lang='lat' dir='ltr'>&amp;ae</span> 
     </span>
     <span class='ocr_line' id='line_1_12' title="bbox 210 1150 2016 1223; baseline 0 -21"><span class='ocrx_word' id='word_1_99' title='bbox 210 1150 373 1223; x_wconf 85' lang='grc' dir='ltr'>Ἰωνίῃ</span> <span class='ocrx_word' id='word_1_100' title='bbox 394 1152 546 1205; x_wconf 83' lang='grc' dir='ltr'>οὕτως</span> <span class='ocrx_word' id='word_1_101' title='bbox 566 1151 706 1220; x_wconf 83' lang='grc' dir='ltr'>ἔσχε.</span> <span class='ocrx_word' id='word_1_102' title='bbox 771 1150 1104 1219; x_wconf 88' lang='grc' dir='ltr'>παραπλήσια</span> <span class='ocrx_word' id='word_1_103' title='bbox 1127 1155 1180 1204; x_wconf 82' lang='grc' dir='ltr'>δὲ</span> <span class='ocrx_word' id='word_1_104' title='bbox 1204 1153 1427 1204; x_wconf 91' lang='grc' dir='ltr'>τούτοισι</span> <span class='ocrx_word' id='word_1_105' title='bbox 1449 1153 1527 1204; x_wconf 90' lang='grc' dir='ltr'>καὶ</span> <span class='ocrx_word' id='word_1_106' title='bbox 1546 1151 1690 1216; x_wconf 88' lang='grc' dir='ltr'>Τήιοι</span> <span class='ocrx_word' id='word_1_107' title='bbox 1714 1153 1879 1217; x_wconf 88' lang='grc' dir='ltr'>ἐποίη-</span> <span class='ocrx_word' id='word_1_108' title='bbox 1923 1153 2016 1204; x_wconf 88' lang='grc'>168</span> 
     </span>
     <span class='ocr_line' id='line_1_13' title="bbox 212 1235 1878 1305; baseline 0.002 -18"><span class='ocrx_word' id='word_1_109' title='bbox 212 1257 326 1288; x_wconf 90' lang='grc' dir='ltr'>σαν·</span> <span class='ocrx_word' id='word_1_110' title='bbox 376 1235 539 1289; x_wconf 87' lang='grc' dir='ltr'>ἐπείτε</span> <span class='ocrx_word' id='word_1_111' title='bbox 569 1235 665 1303; x_wconf 89' lang='grc' dir='ltr'>γάρ</span> <span class='ocrx_word' id='word_1_112' title='bbox 711 1243 888 1304; x_wconf 92' lang='grc' dir='ltr'>σφεων</span> <span class='ocrx_word' id='word_1_113' title='bbox 921 1238 1026 1290; x_wconf 76' lang='grc' dir='ltr'>εἷλε</span> <span class='ocrx_word' id='word_1_114' title='bbox 1071 1237 1268 1304; x_wconf 89' lang='grc' dir='ltr'>χώματι</span> <span class='ocrx_word' id='word_1_115' title='bbox 1308 1236 1363 1288; x_wconf 86' lang='grc' dir='ltr'>τὸ</span> <span class='ocrx_word' id='word_1_116' title='bbox 1403 1242 1570 1305; x_wconf 84' lang='grc' dir='ltr'>τεῖχος</span> <span class='ocrx_word' id='word_1_117' title='bbox 1602 1235 1878 1304; x_wconf 68' lang='grc' dir='ltr'>“Αρπαγος,</span> 
     </span>
     <span class='ocr_line' id='line_1_14' title="bbox 211 1319 1882 1389; baseline 0.002 -18"><span class='ocrx_word' id='word_1_118' title='bbox 211 1319 460 1385; x_wconf 85' lang='grc' dir='ltr'>ἐσβάντες</span> <span class='ocrx_word' id='word_1_119' title='bbox 505 1320 687 1375; x_wconf 89' lang='grc' dir='ltr'>πάντες</span> <span class='ocrx_word' id='word_1_120' title='bbox 733 1323 784 1375; x_wconf 91' lang='grc' dir='ltr'>ἐς</span> <span class='ocrx_word' id='word_1_121' title='bbox 826 1323 887 1372; x_wconf 83' lang='grc' dir='ltr'>τὰ</span> <span class='ocrx_word' id='word_1_122' title='bbox 933 1326 1086 1373; x_wconf 84' lang='grc' dir='ltr'>πλοῖα</span> <span class='ocrx_word' id='word_1_123' title='bbox 1134 1323 1334 1389; x_wconf 83' lang='grc' dir='ltr'>οἴχοντο</span> <span class='ocrx_word' id='word_1_124' title='bbox 1384 1321 1626 1375; x_wconf 87' lang='grc' dir='ltr'>πλέοντες</span> <span class='ocrx_word' id='word_1_125' title='bbox 1669 1322 1750 1374; x_wconf 89' lang='grc' dir='ltr'>ἐπὶ</span> <span class='ocrx_word' id='word_1_126' title='bbox 1795 1325 1882 1386; x_wconf 84' lang='grc' dir='ltr'>τῆς</span> 
     </span>
     <span class='ocr_line' id='line_1_15' title="bbox 211 1404 1882 1472; baseline 0.001 -15"><span class='ocrx_word' id='word_1_127' title='bbox 211 1406 435 1472; x_wconf 89' lang='grc' dir='ltr'>Θρηίκης</span> <span class='ocrx_word' id='word_1_128' title='bbox 472 1406 551 1458; x_wconf 87' lang='grc' dir='ltr'>καὶ</span> <span class='ocrx_word' id='word_1_129' title='bbox 588 1407 800 1458; x_wconf 80' lang='grc' dir='ltr'>ἐνθαῦτα</span> <span class='ocrx_word' id='word_1_130' title='bbox 837 1406 1040 1459; x_wconf 78' lang='grc' dir='ltr'>ἔκτισαν</span> <span class='ocrx_word' id='word_1_131' title='bbox 1073 1406 1222 1459; x_wconf 91' lang='grc' dir='ltr'>πόλιν</span> <span class='ocrx_word' id='word_1_132' title='bbox 1248 1404 1496 1472; x_wconf 80' lang='grc' dir='ltr'>”Αβδηρα,</span> <span class='ocrx_word' id='word_1_133' title='bbox 1523 1405 1614 1470; x_wconf 78' lang='grc' dir='ltr'>τὴν</span> <span class='ocrx_word' id='word_1_134' title='bbox 1644 1407 1882 1472; x_wconf 91' lang='grc' dir='ltr'>πρότερος</span> 
     </span>
    </p>

    <p class='ocr_par' dir='ltr' id='par_1_5' title="bbox 94 1489 2098 1728">
     <span class='ocr_line' id='line_1_16' title="bbox 94 1489 2098 1558; baseline 0.001 -19"><span class='ocrx_word' id='word_1_135' title='bbox 94 1547 97 1549; x_wconf 41' lang='grc'>,</span> <span class='ocrx_word' id='word_1_136' title='bbox 138 1508 185 1550; x_wconf 79' lang='lat'>15</span> <span class='ocrx_word' id='word_1_137' title='bbox 210 1489 397 1542; x_wconf 89' lang='grc' dir='ltr'>τούτων</span> <span class='ocrx_word' id='word_1_138' title='bbox 423 1489 762 1555; x_wconf 80' lang='grc' dir='ltr'>Κλαζομένιος</span> <span class='ocrx_word' id='word_1_139' title='bbox 784 1489 1033 1557; x_wconf 82' lang='grc' dir='ltr'>Τιμήσιος</span> <span class='ocrx_word' id='word_1_140' title='bbox 1067 1491 1240 1545; x_wconf 91' lang='grc' dir='ltr'>κτίσας</span> <span class='ocrx_word' id='word_1_141' title='bbox 1265 1490 1352 1542; x_wconf 84' lang='grc' dir='ltr'>οὐκ</span> <span class='ocrx_word' id='word_1_142' title='bbox 1383 1491 1619 1558; x_wconf 69' lang='grc' dir='ltr'>ἀπῤ-νητο,</span> <span class='ocrx_word' id='word_1_143' title='bbox 1647 1489 1763 1542; x_wconf 85' lang='grc' dir='ltr'>ἀλλ’</span> <span class='ocrx_word' id='word_1_144' title='bbox 1787 1492 1880 1543; x_wconf 82' lang='grc' dir='ltr'>ὑπὸ</span> <span class='ocrx_word' id='word_1_145' title='bbox 1908 1497 2015 1534; x_wconf 62' lang='grc' dir='ltr'>*Μ</span> <span class='ocrx_word' id='word_1_146' title='bbox 2035 1494 2098 1541; x_wconf 69' lang='lat'>6⁹⁰·</span> 
     </span>
     <span class='ocr_line' id='line_1_17' title="bbox 212 1557 2098 1642; baseline 0 -17"><span class='ocrx_word' id='word_1_147' title='bbox 212 1574 444 1640; x_wconf 87' lang='grc' dir='ltr'>Θρηίκων</span> <span class='ocrx_word' id='word_1_148' title='bbox 475 1573 764 1639; x_wconf 79' lang='grc' dir='ltr'>ἐξελασθεὶς</span> <span class='ocrx_word' id='word_1_149' title='bbox 795 1577 938 1641; x_wconf 80' lang='grc' dir='ltr'>τιμᾶς</span> <span class='ocrx_word' id='word_1_150' title='bbox 957 1580 1042 1627; x_wconf 81' lang='grc' dir='ltr'>νῦν</span> <span class='ocrx_word' id='word_1_151' title='bbox 1073 1574 1169 1627; x_wconf 85' lang='grc' dir='ltr'>ὑπὸ</span> <span class='ocrx_word' id='word_1_152' title='bbox 1187 1575 1355 1640; x_wconf 88' lang='grc' dir='ltr'>Τηίων</span> <span class='ocrx_word' id='word_1_153' title='bbox 1379 1579 1476 1627; x_wconf 82' lang='grc' dir='ltr'>τῶν</span> <span class='ocrx_word' id='word_1_154' title='bbox 1508 1576 1560 1627; x_wconf 88' lang='grc' dir='ltr'>ἐν</span> <span class='ocrx_word' id='word_1_155' title='bbox 1584 1573 1882 1642; x_wconf 83' lang='grc' dir='ltr'>Ἀβδήροισι</span> <span class='ocrx_word' id='word_1_156' title='bbox 2021 1557 2098 1589; x_wconf 60' lang='lat'>⁸⁸⁴⁶</span> 
     </span>
     <span class='ocr_line' id='line_1_18' title="bbox 211 1658 587 1728; baseline 0 -18"><span class='ocrx_word' id='word_1_157' title='bbox 211 1658 276 1712; x_wconf 83' lang='grc' dir='ltr'>ὡς</span> <span class='ocrx_word' id='word_1_158' title='bbox 304 1658 434 1725; x_wconf 87' lang='grc' dir='ltr'>ἥρως</span> <span class='ocrx_word' id='word_1_159' title='bbox 465 1659 587 1728; x_wconf 88' lang='grc' dir='ltr'>ἔχει.</span> 
     </span>
    </p>

    <p class='ocr_par' dir='ltr' id='par_1_6' title="bbox 208 1740 2018 1894">
     <span class='ocr_line' id='line_1_19' title="bbox 293 1740 2018 1810; baseline -0.002 -16"><span class='ocrx_word' id='word_1_160' title='bbox 293 1743 450 1795; x_wconf 77' lang='grc' dir='ltr'>Οὗτοι</span> <span class='ocrx_word' id='word_1_161' title='bbox 478 1741 572 1807; x_wconf 91' lang='grc' dir='ltr'>μέν</span> <span class='ocrx_word' id='word_1_162' title='bbox 601 1764 688 1796; x_wconf 94' lang='grc' dir='ltr'>νυν</span> <span class='ocrx_word' id='word_1_163' title='bbox 711 1740 896 1796; x_wconf 84' lang='grc' dir='ltr'>Ἰώνων</span> <span class='ocrx_word' id='word_1_164' title='bbox 927 1746 1099 1809; x_wconf 80' lang='grc' dir='ltr'>μοῦνοι</span> <span class='ocrx_word' id='word_1_165' title='bbox 1130 1740 1220 1807; x_wconf 75' lang='grc' dir='ltr'>τὴν</span> <span class='ocrx_word' id='word_1_166' title='bbox 1250 1743 1560 1808; x_wconf 84' lang='grc' dir='ltr'>δουλοσύνην</span> <span class='ocrx_word' id='word_1_167' title='bbox 1583 1741 1668 1795; x_wconf 83' lang='grc' dir='ltr'>οὐκ</span> <span class='ocrx_word' id='word_1_168' title='bbox 1701 1743 1878 1810; x_wconf 86' lang='grc' dir='ltr'>ἆνεχό-</span> <span class='ocrx_word' id='word_1_169' title='bbox 1921 1740 2018 1804; x_wconf 81' lang='grc'>169</span> 
     </span>
     <span class='ocr_line' id='line_1_20' title="bbox 208 1826 1881 1894; baseline -0.001 -15"><span class='ocrx_word' id='word_1_170' title='bbox 208 1848 351 1891; x_wconf 89' lang='grc' dir='ltr'>μενοι</span> <span class='ocrx_word' id='word_1_171' title='bbox 404 1826 635 1892; x_wconf 80' lang='grc' dir='ltr'>ἐξέλιπον</span> <span class='ocrx_word' id='word_1_172' title='bbox 687 1829 776 1881; x_wconf 81' lang='grc' dir='ltr'>τὰς</span> <span class='ocrx_word' id='word_1_173' title='bbox 828 1830 1079 1894; x_wconf 88' lang='grc' dir='ltr'>πατρίδας,</span> <span class='ocrx_word' id='word_1_174' title='bbox 1131 1831 1176 1880; x_wconf 80' lang='grc' dir='ltr'>οἱ</span> <span class='ocrx_word' id='word_1_175' title='bbox 1228 1827 1268 1879; x_wconf 86' lang='grc' dir='ltr'>δ’</span> <span class='ocrx_word' id='word_1_176' title='bbox 1318 1827 1466 1879; x_wconf 84' lang='grc' dir='ltr'>ἄλλοι</span> <span class='ocrx_word' id='word_1_177' title='bbox 1506 1827 1694 1887; x_wconf 84' lang='grc' dir='ltr'>Ἴωνες,</span> <span class='ocrx_word' id='word_1_178' title='bbox 1749 1829 1881 1891; x_wconf 72' lang='grc' dir='ltr'>πλὴν</span> 
     </span>
    </p>

    <p class='ocr_par' dir='ltr' id='par_1_7' title="bbox 135 1911 1939 2318">
     <span class='ocr_line' id='line_1_21' title="bbox 135 1911 1882 1981; baseline 0.001 -20"><span class='ocrx_word' id='word_1_179' title='bbox 135 1932 186 1962; x_wconf 84' lang='lat'>20</span> <span class='ocrx_word' id='word_1_180' title='bbox 211 1912 498 1978; x_wconf 87' lang='grc' dir='ltr'>Μιλησίων,</span> <span class='ocrx_word' id='word_1_181' title='bbox 537 1913 617 1964; x_wconf 86' lang='grc' dir='ltr'>διὰ</span> <span class='ocrx_word' id='word_1_182' title='bbox 655 1911 820 1980; x_wconf 81' lang='grc' dir='ltr'>μάχης</span> <span class='ocrx_word' id='word_1_183' title='bbox 860 1915 952 1978; x_wconf 78' lang='grc' dir='ltr'>μὲν</span> <span class='ocrx_word' id='word_1_184' title='bbox 994 1913 1229 1964; x_wconf 84' lang='grc' dir='ltr'>ἀπίκοντο</span> <span class='ocrx_word' id='word_1_185' title='bbox 1267 1911 1502 1981; x_wconf 76' lang='grc' dir='ltr'>Ἁρπάγῳ</span> <span class='ocrx_word' id='word_1_186' title='bbox 1545 1911 1666 1963; x_wconf 89' lang='grc' dir='ltr'>κατά</span> <span class='ocrx_word' id='word_1_187' title='bbox 1708 1933 1799 1977; x_wconf 90' lang='grc' dir='ltr'>περ</span> <span class='ocrx_word' id='word_1_188' title='bbox 1836 1913 1882 1963; x_wconf 83' lang='grc' dir='ltr'>οἱ</span> 
     </span>
     <span class='ocr_line' id='line_1_22' title="bbox 210 1995 1883 2064; baseline 0 -18"><span class='ocrx_word' id='word_1_189' title='bbox 210 1996 516 2064; x_wconf 86' lang='grc' dir='ltr'>ἐκλιπόντες,</span> <span class='ocrx_word' id='word_1_190' title='bbox 566 1998 645 2048; x_wconf 89' lang='grc' dir='ltr'>καὶ</span> <span class='ocrx_word' id='word_1_191' title='bbox 688 1995 862 2063; x_wconf 88' lang='grc' dir='ltr'>ἄνδρες</span> <span class='ocrx_word' id='word_1_192' title='bbox 909 1995 1140 2063; x_wconf 86' lang='grc' dir='ltr'>ἐγένοντο</span> <span class='ocrx_word' id='word_1_193' title='bbox 1189 1997 1367 2064; x_wconf 85' lang='grc' dir='ltr'>ἀγαθοὶ</span> <span class='ocrx_word' id='word_1_194' title='bbox 1411 1997 1522 2062; x_wconf 90' lang='grc' dir='ltr'>περὶ</span> <span class='ocrx_word' id='word_1_195' title='bbox 1567 1999 1653 2060; x_wconf 85' lang='grc' dir='ltr'>τῆς</span> <span class='ocrx_word' id='word_1_196' title='bbox 1702 1999 1883 2053; x_wconf 74' lang='grc' dir='ltr'>ἑωυτοῦ</span> 
     </span>
     <span class='ocr_line' id='line_1_23' title="bbox 210 2079 1882 2148; baseline 0 -17"><span class='ocrx_word' id='word_1_197' title='bbox 210 2079 422 2133; x_wconf 82' lang='grc' dir='ltr'>ἕκαστος</span> <span class='ocrx_word' id='word_1_198' title='bbox 450 2081 744 2148; x_wconf 87' lang='grc' dir='ltr'>μαχόμενοι·</span> <span class='ocrx_word' id='word_1_199' title='bbox 790 2080 1100 2134; x_wconf 86' lang='grc' dir='ltr'>ἑσσωθέντες</span> <span class='ocrx_word' id='word_1_200' title='bbox 1130 2083 1183 2132; x_wconf 83' lang='grc' dir='ltr'>δὲ</span> <span class='ocrx_word' id='word_1_201' title='bbox 1215 2081 1293 2132; x_wconf 89' lang='grc' dir='ltr'>καὶ</span> <span class='ocrx_word' id='word_1_202' title='bbox 1324 2081 1530 2134; x_wconf 85' lang='grc' dir='ltr'>ἁλόντες</span> <span class='ocrx_word' id='word_1_203' title='bbox 1561 2081 1735 2145; x_wconf 83' lang='grc' dir='ltr'>ἔμενον</span> <span class='ocrx_word' id='word_1_204' title='bbox 1761 2082 1882 2131; x_wconf 82' lang='grc' dir='ltr'>κατὰ</span> 
     </span>
     <span class='ocr_line' id='line_1_24' title="bbox 209 2162 1939 2231; baseline 0.002 -17"><span class='ocrx_word' id='word_1_205' title='bbox 209 2163 377 2231; x_wconf 86' lang='grc' dir='ltr'>χώρην</span> <span class='ocrx_word' id='word_1_206' title='bbox 398 2164 600 2216; x_wconf 83' lang='grc' dir='ltr'>ἕκαστοι</span> <span class='ocrx_word' id='word_1_207' title='bbox 622 2165 699 2216; x_wconf 88' lang='grc' dir='ltr'>καὶ</span> <span class='ocrx_word' id='word_1_208' title='bbox 719 2166 779 2216; x_wconf 82' lang='grc' dir='ltr'>τὰ</span> <span class='ocrx_word' id='word_1_209' title='bbox 799 2166 1173 2231; x_wconf 88' lang='grc' dir='ltr'>ἐπιτασσόμενα</span> <span class='ocrx_word' id='word_1_210' title='bbox 1195 2164 1474 2218; x_wconf 88' lang='grc' dir='ltr'>ἐπετέλεον.</span> <span class='ocrx_word' id='word_1_211' title='bbox 1541 2163 1791 2229; x_wconf 88' lang='grc' dir='ltr'>Μιλήσιοι</span> <span class='ocrx_word' id='word_1_212' title='bbox 1809 2162 1877 2223; x_wconf 88' lang='grc' dir='ltr'>δέ,</span> <span class='ocrx_word' id='word_1_213' title='bbox 1914 2186 1939 2217; x_wconf 89' lang='lat'>2</span> 
     </span>
     <span class='ocr_line' id='line_1_25' title="bbox 211 2247 1890 2318; baseline 0.001 -20"><span class='ocrx_word' id='word_1_214' title='bbox 211 2247 276 2301; x_wconf 81' lang='grc' dir='ltr'>ὡς</span> <span class='ocrx_word' id='word_1_215' title='bbox 309 2249 388 2301; x_wconf 89' lang='grc' dir='ltr'>καὶ</span> <span class='ocrx_word' id='word_1_216' title='bbox 419 2249 658 2316; x_wconf 88' lang='grc' dir='ltr'>πρότερόν</span> <span class='ocrx_word' id='word_1_217' title='bbox 686 2270 770 2314; x_wconf 94' lang='grc' dir='ltr'>μοι</span> <span class='ocrx_word' id='word_1_218' title='bbox 801 2251 1003 2316; x_wconf 82' lang='grc' dir='ltr'>εἴρηται,</span> <span class='ocrx_word' id='word_1_219' title='bbox 1031 2249 1158 2318; x_wconf 79' lang='grc' dir='ltr'>αὐτῷ</span> <span class='ocrx_word' id='word_1_220' title='bbox 1183 2250 1326 2318; x_wconf 90' lang='grc' dir='ltr'>Κύρῳ</span> <span class='ocrx_word' id='word_1_221' title='bbox 1358 2250 1524 2315; x_wconf 86' lang='grc' dir='ltr'>ὅρκιον</span> <span class='ocrx_word' id='word_1_222' title='bbox 1553 2248 1890 2313; x_wconf 55' lang='grc' dir='ltr'>ποιησάμενοι,</span> 
     </span>
    </p>

    <p class='ocr_par' dir='ltr' id='par_1_8' title="bbox 137 2331 2074 2738">
     <span class='ocr_line' id='line_1_26' title="bbox 137 2331 1884 2401; baseline 0.001 -18"><span class='ocrx_word' id='word_1_223' title='bbox 137 2351 183 2394; x_wconf 82' lang='lat'>25</span> <span class='ocrx_word' id='word_1_224' title='bbox 209 2331 426 2401; x_wconf 83' lang='grc' dir='ltr'>ἡσυχίην</span> <span class='ocrx_word' id='word_1_225' title='bbox 455 2331 594 2400; x_wconf 82' lang='grc' dir='ltr'>ἦγον.</span> <span class='ocrx_word' id='word_1_226' title='bbox 663 2334 787 2396; x_wconf 80' lang='grc' dir='ltr'>οὕτω</span> <span class='ocrx_word' id='word_1_227' title='bbox 819 2333 876 2397; x_wconf 77' lang='grc' dir='ltr'>δὴ</span> <span class='ocrx_word' id='word_1_228' title='bbox 901 2333 958 2385; x_wconf 86' lang='grc' dir='ltr'>τὸ</span> <span class='ocrx_word' id='word_1_229' title='bbox 989 2334 1215 2399; x_wconf 91' lang='grc' dir='ltr'>δεύτερον</span> <span class='ocrx_word' id='word_1_230' title='bbox 1240 2333 1400 2397; x_wconf 84' lang='grc' dir='ltr'>Ἰωνίη</span> <span class='ocrx_word' id='word_1_231' title='bbox 1426 2334 1747 2386; x_wconf 88' lang='grc' dir='ltr'>ἐδεδούλωτο.</span> <span class='ocrx_word' id='word_1_232' title='bbox 1817 2332 1884 2386; x_wconf 81' lang='grc' dir='ltr'>ὡς</span> 
     </span>
     <span class='ocr_line' id='line_1_27' title="bbox 210 2415 1883 2490; baseline 0.001 -23"><span class='ocrx_word' id='word_1_233' title='bbox 210 2418 263 2468; x_wconf 83' lang='grc' dir='ltr'>δὲ</span> <span class='ocrx_word' id='word_1_234' title='bbox 300 2416 413 2485; x_wconf 78' lang='grc' dir='ltr'>τοὺς</span> <span class='ocrx_word' id='word_1_235' title='bbox 449 2419 502 2470; x_wconf 91' lang='grc' dir='ltr'>ἐν</span> <span class='ocrx_word' id='word_1_236' title='bbox 538 2424 598 2490; x_wconf 85' lang='grc' dir='ltr'>τῇ</span> <span class='ocrx_word' id='word_1_237' title='bbox 635 2417 818 2487; x_wconf 82' lang='grc' dir='ltr'>ἠπείρῳ</span> <span class='ocrx_word' id='word_1_238' title='bbox 842 2416 1021 2472; x_wconf 84' lang='grc' dir='ltr'>Ἴωνας</span> <span class='ocrx_word' id='word_1_239' title='bbox 1065 2418 1370 2486; x_wconf 85' lang='grc' dir='ltr'>ἐχειρώσατο</span> <span class='ocrx_word' id='word_1_240' title='bbox 1397 2415 1674 2486; x_wconf 67' lang='grc' dir='ltr'>οἍρπαγος,</span> <span class='ocrx_word' id='word_1_241' title='bbox 1712 2419 1758 2469; x_wconf 87' lang='grc' dir='ltr'>οἱ</span> <span class='ocrx_word' id='word_1_242' title='bbox 1794 2419 1883 2474; x_wconf 79' lang='grc' dir='ltr'>τὰς</span> 
     </span>
     <span class='ocr_line' id='line_1_28' title="bbox 209 2498 1882 2570; baseline 0.001 -19"><span class='ocrx_word' id='word_1_243' title='bbox 209 2498 392 2569; x_wconf 86' lang='grc' dir='ltr'>νήσους</span> <span class='ocrx_word' id='word_1_244' title='bbox 423 2501 626 2570; x_wconf 85' lang='grc' dir='ltr'>ἔχοντες</span> <span class='ocrx_word' id='word_1_245' title='bbox 642 2500 812 2555; x_wconf 85' lang='grc' dir='ltr'>Ἴωνες</span> <span class='ocrx_word' id='word_1_246' title='bbox 844 2501 1312 2569; x_wconf 88' lang='grc' dir='ltr'>καταρρωδήσαντες</span> <span class='ocrx_word' id='word_1_247' title='bbox 1335 2507 1488 2554; x_wconf 82' lang='grc' dir='ltr'>ταῦτα</span> <span class='ocrx_word' id='word_1_248' title='bbox 1519 2500 1682 2568; x_wconf 87' lang='grc' dir='ltr'>σφέας</span> <span class='ocrx_word' id='word_1_249' title='bbox 1706 2500 1882 2558; x_wconf 75' lang='grc' dir='ltr'>,αὐτοὺς</span> 
     </span>
     <span class='ocr_line' id='line_1_29' title="bbox 210 2583 2074 2656; baseline -0.001 -20"><span class='ocrx_word' id='word_1_250' title='bbox 210 2584 391 2638; x_wconf 86' lang='grc' dir='ltr'>ἔδοσαν</span> <span class='ocrx_word' id='word_1_251' title='bbox 430 2586 590 2656; x_wconf 88' lang='grc' dir='ltr'>Κύρῳ.</span> <span class='ocrx_word' id='word_1_252' title='bbox 681 2586 1034 2652; x_wconf 86' lang='grc' dir='ltr'>κεκακωμένων</span> <span class='ocrx_word' id='word_1_253' title='bbox 1070 2588 1120 2639; x_wconf 84' lang='grc' dir='ltr'>δὲ</span> <span class='ocrx_word' id='word_1_254' title='bbox 1158 2586 1340 2650; x_wconf 80' lang='grc' dir='ltr'>Ἰώνων</span> <span class='ocrx_word' id='word_1_255' title='bbox 1378 2587 1456 2638; x_wconf 87' lang='grc' dir='ltr'>καὶ</span> <span class='ocrx_word' id='word_1_256' title='bbox 1493 2583 1894 2652; x_wconf 68' lang='grc' dir='ltr'>συλλεγομένωνΔ</span> <span class='ocrx_word' id='word_1_257' title='bbox 1920 2595 2009 2646; x_wconf 91' lang='lat'>170</span> <span class='ocrx_word' id='word_1_258' title='bbox 2065 2594 2074 2604; x_wconf 88' lang='lat'>&#39;</span> 
     </span>
     <span class='ocr_line' id='line_1_30' title="bbox 210 2668 1882 2738; baseline -0.001 -18"><span class='ocrx_word' id='word_1_259' title='bbox 210 2668 352 2722; x_wconf 84' lang='grc' dir='ltr'>οὐδὲν</span> <span class='ocrx_word' id='word_1_260' title='bbox 386 2670 558 2735; x_wconf 62' lang='grc' dir='ltr'>ἧσσον»</span> <span class='ocrx_word' id='word_1_261' title='bbox 593 2673 643 2725; x_wconf 91' lang='grc' dir='ltr'>ἐς</span> <span class='ocrx_word' id='word_1_262' title='bbox 678 2670 736 2723; x_wconf 89' lang='grc' dir='ltr'>τὸ</span> <span class='ocrx_word' id='word_1_263' title='bbox 774 2671 1073 2730; x_wconf 91' lang='grc' dir='ltr'>Πανιώνιον,</span> <span class='ocrx_word' id='word_1_264' title='bbox 1114 2670 1421 2736; x_wconf 89' lang='grc' dir='ltr'>πυνθάνομαι</span> <span class='ocrx_word' id='word_1_265' title='bbox 1457 2670 1657 2738; x_wconf 89' lang='grc' dir='ltr'>γνώμην</span> <span class='ocrx_word' id='word_1_266' title='bbox 1696 2669 1882 2721; x_wconf 88' lang='grc' dir='ltr'>Βίαντα</span> 
     </span>
    </p>

    <p class='ocr_par' dir='ltr' id='par_1_9' title="bbox 986 2755 992 2772">
     <span class='ocr_line' id='line_1_31' title="bbox 986 2755 992 2772; baseline 0 0"><span class='ocrx_word' id='word_1_267' title='bbox 986 2755 992 2772; x_wconf 59' lang='lat'>2</span> 
     </span>
    </p>
   </div>
   <div class='ocr_carea' id='block_1_5' title="bbox 210 2805 1891 3024">
    <p class='ocr_par' dir='ltr' id='par_1_10' title="bbox 210 2805 1891 3024">
     <span class='ocr_line' id='line_1_32' title="bbox 266 2805 1880 2862; baseline -0.001 -15"><span class='ocrx_word' id='word_1_268' title='bbox 266 2821 291 2847; x_wconf 80' lang='lat'><em>2</em></span> <span class='ocrx_word' id='word_1_269' title='bbox 328 2807 526 2862; x_wconf 77' lang='grc' dir='ltr'>ἃμαρτίδα</span> <span class='ocrx_word' id='word_1_270' title='bbox 555 2808 588 2847; x_wconf 94' lang='lat' dir='ltr'>C</span> <span class='ocrx_word' id='word_1_271' title='bbox 812 2822 835 2858; x_wconf 82' lang='lat'><strong>4</strong></span> <span class='ocrx_word' id='word_1_272' title='bbox 871 2810 936 2851; x_wconf 78' lang='grc' dir='ltr'>καὶ</span> <span class='ocrx_word' id='word_1_273' title='bbox 967 2810 1129 2850; x_wconf 76' lang='grc' dir='ltr'>ἱππικὸν</span> <span class='ocrx_word' id='word_1_274' title='bbox 1158 2821 1238 2848; x_wconf 89' lang='lat' dir='ltr'>om.</span> <span class='ocrx_word' id='word_1_275' title='bbox 1272 2808 1306 2847; x_wconf 90' lang='lat' dir='ltr'>P</span> <span class='ocrx_word' id='word_1_276' title='bbox 1524 2809 1551 2846; x_wconf 92' lang='lat'><strong>6</strong></span> <span class='ocrx_word' id='word_1_277' title='bbox 1582 2806 1815 2860; x_wconf 71' lang='grc' dir='ltr'>ὁρμεόμενοι</span> <span class='ocrx_word' id='word_1_278' title='bbox 1847 2805 1880 2845; x_wconf 91' lang='lat' dir='ltr'>L</span> 
     </span>
     <span class='ocr_line' id='line_1_33' title="bbox 212 2860 1891 2915; baseline -0.002 -11"><span class='ocrx_word' id='word_1_279' title='bbox 212 2862 391 2914; x_wconf 83' lang='grc' dir='ltr'>(·ώμενοι</span> <span class='ocrx_word' id='word_1_280' title='bbox 422 2864 477 2912; x_wconf 90' lang='lat' dir='ltr'>C)</span> <span class='ocrx_word' id='word_1_281' title='bbox 611 2894 620 2903; x_wconf 83' lang='lat'>.</span> <span class='ocrx_word' id='word_1_282' title='bbox 701 2876 722 2913; x_wconf 91' lang='grc'><strong>7</strong></span> <span class='ocrx_word' id='word_1_283' title='bbox 755 2863 923 2904; x_wconf 76' lang='grc' dir='ltr'>ἔκτισαν</span> <span class='ocrx_word' id='word_1_284' title='bbox 950 2863 1341 2915; x_wconf 29' lang='lat' dir='ltr'>„Schweighaeuser</span> <span class='ocrx_word' id='word_1_285' title='bbox 1372 2876 1393 2891; x_wconf 65' lang='lat'><strong><em>⁹</em></strong></span> <span class='ocrx_word' id='word_1_286' title='bbox 1454 2861 1604 2911; x_wconf 72' lang='grc' dir='ltr'>’Τέλλη</span> <span class='ocrx_word' id='word_1_287' title='bbox 1633 2860 1681 2901; x_wconf 89' lang='lat' dir='ltr'>C¹</span> <span class='ocrx_word' id='word_1_288' title='bbox 1706 2875 1715 2899; x_wconf 73' lang='grc' dir='ltr'>ε</span> <span class='ocrx_word' id='word_1_289' title='bbox 1746 2861 1891 2908; x_wconf 84' lang='grc' dir='ltr'>Θυέλα;</span> 
     </span>
     <span class='ocr_line' id='line_1_34' title="bbox 212 2915 1881 2969; baseline -0.001 -13"><span class='ocrx_word' id='word_1_290' title='bbox 212 2917 371 2969; x_wconf 81' lang='lat' dir='ltr'><strong>Steph.&#39;</strong></span> <span class='ocrx_word' id='word_1_291' title='bbox 387 2918 490 2968; x_wconf 84' lang='lat' dir='ltr'>Byz.</span> <span class='ocrx_word' id='word_1_292' title='bbox 512 2931 595 2958; x_wconf 81' lang='lat' dir='ltr'>s.V.</span> <span class='ocrx_word' id='word_1_293' title='bbox 817 2920 843 2957; x_wconf 86' lang='grc'>8</span> <span class='ocrx_word' id='word_1_294' title='bbox 875 2922 1015 2959; x_wconf 85' lang='grc' dir='ltr'>Ποσιδ.</span> <span class='ocrx_word' id='word_1_295' title='bbox 1036 2919 1076 2957; x_wconf 90' lang='grc' dir='ltr'>Α</span> <span class='ocrx_word' id='word_1_296' title='bbox 1092 2919 1125 2956; x_wconf 86' lang='grc' dir='ltr'>Β</span> <span class='ocrx_word' id='word_1_297' title='bbox 1142 2919 1175 2957; x_wconf 91' lang='lat' dir='ltr'>C</span> <span class='ocrx_word' id='word_1_298' title='bbox 1403 2930 1449 2965; x_wconf 83' lang='lat'>14</span> <span class='ocrx_word' id='word_1_299' title='bbox 1479 2917 1653 2969; x_wconf 84' lang='grc' dir='ltr'>Θρηίκης</span> <span class='ocrx_word' id='word_1_300' title='bbox 1676 2915 1853 2961; x_wconf 73' lang='lat' dir='ltr'>¹Bekker</span> <span class='ocrx_word' id='word_1_301' title='bbox 1872 2929 1881 2954; x_wconf 91' lang='lat'><strong>:</strong></span> 
     </span>
     <span class='ocr_line' id='line_1_35' title="bbox 210 2969 1880 3024; baseline -0.001 -12"><span class='ocrx_word' id='word_1_302' title='bbox 210 2971 401 3024; x_wconf 84' lang='grc' dir='ltr'>Θρηικίης</span> <span class='ocrx_word' id='word_1_303' title='bbox 424 2973 468 3024; x_wconf 32' lang='grc' dir='ltr'>Ι(</span> <span class='ocrx_word' id='word_1_304' title='bbox 652 2986 697 3022; x_wconf 87' lang='lat'>¹5</span> <span class='ocrx_word' id='word_1_305' title='bbox 729 2975 917 3022; x_wconf 83' lang='grc' dir='ltr'>ἀπώνητο</span> <span class='ocrx_word' id='word_1_306' title='bbox 942 2973 975 3011; x_wconf 85' lang='grc' dir='ltr'>Ρ</span> <span class='ocrx_word' id='word_1_307' title='bbox 1131 2975 1180 3011; x_wconf 85' lang='grc'>16</span> <span class='ocrx_word' id='word_1_308' title='bbox 1211 2973 1410 3024; x_wconf 80' lang='grc' dir='ltr'>ἐξελαθεὶς</span> <span class='ocrx_word' id='word_1_309' title='bbox 1432 2972 1465 3010; x_wconf 84' lang='grc' dir='ltr'><em>Ρ</em></span> <span class='ocrx_word' id='word_1_310' title='bbox 1597 2984 1657 3019; x_wconf 46' lang='grc'>,30</span> <span class='ocrx_word' id='word_1_311' title='bbox 1686 2969 1880 3019; x_wconf 76' lang='grc' dir='ltr'>ἀπικέατο</span> 
     </span>
    </p>
   </div>
   <div class='ocr_carea' id='block_1_6' title="bbox 211 3025 1308 3081">
    <p class='ocr_par' dir='ltr' id='par_1_11' title="bbox 211 3025 1308 3081">
     <span class='ocr_line' id='line_1_36' title="bbox 211 3025 1308 3081; baseline -0.001 -15"><span class='ocrx_word' id='word_1_312' title='bbox 211 3026 247 3066; x_wconf 90' lang='lat' dir='ltr'>C</span> <span class='ocrx_word' id='word_1_313' title='bbox 265 3027 298 3066; x_wconf 90' lang='lat' dir='ltr'><strong>P</strong></span> <span class='ocrx_word' id='word_1_314' title='bbox 318 3025 322 3027; x_wconf 42' lang='lat'>⁵</span> <span class='ocrx_word' id='word_1_315' title='bbox 462 3041 514 3078; x_wconf 83' lang='lat'>25</span> <span class='ocrx_word' id='word_1_316' title='bbox 546 3029 645 3081; x_wconf 78' lang='grc' dir='ltr'>ἄγον</span> <span class='ocrx_word' id='word_1_317' title='bbox 667 3029 699 3067; x_wconf 94' lang='lat' dir='ltr'>C</span> <span class='ocrx_word' id='word_1_318' title='bbox 716 3028 749 3067; x_wconf 90' lang='lat' dir='ltr'>P</span> <span class='ocrx_word' id='word_1_319' title='bbox 790 3077 801 3081; x_wconf 64' lang='lat'>‚.</span> <span class='ocrx_word' id='word_1_320' title='bbox 916 3041 966 3077; x_wconf 85' lang='lat'>27</span> <span class='ocrx_word' id='word_1_321' title='bbox 997 3029 1126 3069; x_wconf 79' lang='grc' dir='ltr'>ταύτὰ</span> <span class='ocrx_word' id='word_1_322' title='bbox 1148 3028 1308 3066; x_wconf 84' lang='lat' dir='ltr'>Reiske</span> 
     </span>
    </p>
   </div>
  </div>
 </body>
</html>
