2098 3320
704 116 1079 180 ΙΣΤΟΡΙΩΝ
1143 134 1188 180 Δ
1819 135 2018 187 1v2161

109 265 289 330 μοῖραν
310 260 530 325 ἐποίησε,
555 259 717 324 ἄλλην
737 262 790 312 δὲ
813 264 1242 328 Πελοποννησίων
1268 264 1346 316 καὶ
1368 268 1589 331 Κρητῶν,
1611 267 1781 333 τρίτην

0 337 15 437 ζ
114 349 168 402 δὲ
198 343 484 412 νησιωτέων
514 343 730 397 πάντων·
775 347 919 397 τοῦτο
950 349 1003 398 δὲ
1033 352 1099 417 τῷ
1129 347 1343 414 βασιλέϊ
1374 348 1545 419 Βάττῳ
1575 348 1781 415 τεμένεα

0 418 302 514 &gfff-uby
333 430 414 482 καὶ
446 428 734 496 ἱερωσύνας,
759 431 820 481 τὰ
850 429 986 483 ἄλλα
1017 430 1179 484 πάντα
1208 434 1270 484 τὰ
1300 434 1538 501 πρότερον
1570 432 1710 503 εἶχον
1734 438 1779 487 οἱ

112 513 358 583 βασιλέες
401 515 452 568 ἐς
495 511 655 579 μέσον
697 518 764 584 τῷ
811 513 946 584 δήμῳ
994 515 1153 581 ἔθηκε.
1244 518 1324 570 ἐπὶ
1367 521 1455 583 μὲν
1502 518 1560 583 δὴ
1605 518 1781 572 τούτου
1818 523 1911 572 162

0 654 1 661 ἵ
65 623 88 664 5
112 604 200 653 τοῦ
229 597 420 652 Βάττου
454 599 580 651 οὕτω
617 597 834 651 διετέλεε
871 600 1032 659 ἐόντα,
1072 602 1153 654 ἐπὶ
1190 603 1242 653 δὲ
1278 606 1363 653 τοῦ
1398 602 1570 654 τούτου
1606 603 1781 658 παιδὸς

114 685 421 753 Ἀρκεσίλεω
445 681 611 748 πολλὴ
635 682 829 753 ταραχὴ
855 685 966 751 περὶ
997 689 1095 737 τῶν
1118 685 1299 751 τιμέων
1323 685 1538 753 ἐγένετο.
1606 686 1776 754 Ἀρκε-
1815 711 1843 744 2

115 772 299 824 σίλεως
327 770 423 836 γὰρ
455 768 482 819 6
514 766 705 820 Βάττου
734 790 789 820 τε
819 773 906 820 τοῦ
942 774 1111 838 χωλοῦ
1148 770 1228 822 καὶ
1260 773 1532 838 Φερετίμης
1563 772 1649 824 οὐκ
1680 772 1777 839 ἔφη

114 852 380 920 ἀνέξεσθαι
428 854 552 904 κατὰ
595 848 691 919 [τὰ]
736 854 763 904 6
813 853 1093 907 Μαντινεὺς
1143 854 1396 920 Δημῶναξ
1438 855 1597 920 ἔταξε,
1645 858 1778 908 ἀλλὰ

113 940 316 1006 ἀπαίτεε
335 938 396 990 τὰ
413 942 512 990 τῶν
528 937 787 1005 προγόνων
804 936 968 1006 γέρεα.
1028 940 1254 991 ἐνθεῦτεν
1271 938 1555 1003 στασιάζων
1574 941 1776 1006 ἑσσώθη

42 1043 90 1075 10
114 1023 193 1076 καὶ
224 1023 381 1092 ἔφυγε
411 1023 462 1077 ἐς
492 1020 677 1088 Σάμον,
702 1021 732 1087 ἡ
756 1024 810 1075 δὲ
838 1021 998 1090 μήτηρ
1029 1025 1075 1075 οἱ
1105 1024 1156 1076 ἐς
1179 1028 1437 1089 Σαλαμῖνα
1465 1027 1553 1089 τῆς
1578 1025 1777 1092 Κύπρου

113 1107 286 1177 ἔφυγε.
372 1109 459 1172 τῆς
507 1109 562 1159 δὲ
609 1111 893 1173 Σαλαμῖνος
936 1111 1111 1160 τοῦτον
1155 1107 1242 1159 τὸν
1287 1109 1470 1176 χρόνον
1516 1108 1777 1176 ἐπεκράτεε
1816 1136 1841 1179 3

115 1191 369 1252 Εὐέλθων,
407 1190 461 1246 ὃς
496 1190 553 1243 τὸ
594 1192 646 1243 ἐν
685 1196 943 1260 Δελφοῖσι
984 1192 1315 1259 θυμιητήριον,
1353 1192 1435 1244 ἐὸν
1471 1191 1774 1258 ἀξιοθέητον,
1817 1208 2030 1244 W,

112 1276 338 1343 ἀνέθηκε,
376 1280 432 1328 τὸ
468 1277 523 1328 ἐν
558 1281 626 1346 τῷ
666 1277 939 1342 Κορινθίων
977 1280 1207 1346 θησαυρῷ
1246 1281 1415 1329 κεῖται.
1504 1277 1776 1343 ἀπικομένη

112 1365 167 1415 δὲ
195 1363 329 1430 παρὰ
350 1365 525 1414 τοῦτον
547 1361 578 1426 ἡ
603 1362 850 1429 Φερετίμη
875 1360 1039 1414 ἐδέετο
1064 1365 1299 1428 στρατιῆς
1327 1360 1357 1426 ἣ
1383 1360 1583 1426 κατάξει
1615 1361 1780 1429 σφέας

40 1465 86 1507 15
113 1449 165 1501 ἐς
193 1445 285 1511 τὴν
317 1443 561 1514 Κυρήνην.
636 1446 663 1496 ὁ
692 1448 747 1498 δὲ
779 1444 1016 1498 Εὐέλθων
1046 1449 1146 1498 πᾶν
1175 1449 1374 1511 μᾶλλον
1402 1442 1432 1510 ἢ
1465 1445 1702 1513 στρατιήν
1732 1449 1778 1498 οἱ
1812 1470 1840 1512 4

0 1543 58 1588 uk
112 1531 290 1598 ἐδίδου·
335 1531 366 1596 ἡ
402 1532 456 1583 δὲ
490 1529 828 1596 λαμβάνουσα
861 1530 918 1582 τὸ
958 1531 1214 1596 διδόμενον
1251 1535 1404 1582 καλὸν
1438 1533 1528 1596 μὲν
1565 1531 1662 1598 ἔφη
1700 1532 1779 1582 καὶ

111 1620 257 1668 τοῦτο
282 1615 423 1679 εἶναι,
447 1614 655 1668 κάλλιον
680 1617 734 1668 δὲ
759 1616 933 1674 ἐκεῖνο,
956 1614 1012 1666 τὸ
1036 1616 1208 1667 δοῦναί
1226 1618 1272 1667 οἱ
1295 1613 1503 1687 δεομένῃ
1523 1615 1776 1682 στρατιήν.

112 1706 257 1753 τοῦτο
288 1700 369 1753 ἐπὶ
399 1700 547 1754 παντὶ
577 1701 674 1767 γὰρ
703 1704 770 1769 τῷ
808 1698 1046 1770 διδομένῳ
1078 1699 1239 1768 ἔλεγε,
1272 1700 1557 1752 τελευταῖόν
1588 1702 1633 1751 οἱ
1670 1698 1773 1764 ἐξέ-
1814 1721 1836 1767 5

112 1790 284 1852 πεμψε
321 1789 479 1853 δῶρον
516 1786 542 1836 6
581 1783 816 1837 Εὐέλθων
852 1783 1096 1852 ἄτρακτον
1135 1783 1355 1852 χρύσεον
1392 1784 1471 1835 καὶ
1507 1783 1777 1849 ἠλακάτην,

39 1894 91 1924 20
112 1872 306 1938 προσῆν
329 1872 384 1922 δὲ
405 1865 487 1937 [οἱ]
512 1869 591 1921 καὶ
623 1871 791 1936 εἴριον·
838 1868 1114 1934 ἐπειπάσης
1144 1871 1197 1921 δὲ
1228 1869 1364 1923 αὖτις
1394 1871 1483 1934 τῆς
1506 1870 1780 1935 Φερετίμης

110 1953 268 2008 τώυτὸ
303 1954 422 2009 ἔπος
457 1955 484 2005 6
521 1953 757 2007 Εὐέλθων
794 1954 893 2022 ἔφη
929 1954 1202 2006 τοιούτοισι
1237 1940 1473 2021 γυναῖκας
1509 1952 1781 2019 δωρέεσθαι

112 2039 229 2092 ἀλλ’
247 2039 304 2091 οὐ
327 2046 551 2112 στρατιῇ.
617 2040 644 2090 6
667 2041 721 2091 δὲ
739 2038 1075 2106 Ἀρκεσίλεως
1096 2043 1271 2091 τοῦτον
1294 2037 1379 2090 τὸν
1402 2039 1585 2107 χρόνον
1608 2038 1703 2090 ἐὼν
1728 2039 1779 2090 ἐν
1819 2038 1910 2099 163

86 2122 260 2195 ’Σάμῳ
292 2122 554 2192 συνήγειρε
577 2123 739 2177 πάντα
762 2122 914 2191 ἄνδρα
945 2124 1026 2177 ἐπὶ
1044 2126 1137 2191 γῆς
1169 2124 1455 2192 ἀναδασμῷ.
1530 2127 1776 2189 συλλεγο-

109 2207 260 2274 μένου
289 2211 344 2262 δὲ
374 2213 588 2277 στρατοῦ
611 2212 805 2261 πολλοῦ
836 2207 1024 2274 ἐστάλη
1051 2210 1101 2261 ἐς
1127 2206 1367 2275 Δελφοὺς
1397 2207 1423 2258 6
1446 2205 1780 2273 Ἀρκεσίλεως

39 2314 88 2358 ²5
110 2294 423 2361 χρησόμενος
460 2298 528 2364 τῷ
569 2294 856 2362 χρηστηρίῳ
895 2294 1007 2359 περὶ
1049 2292 1275 2344 κατόδου.
1362 2291 1392 2357 ἡ
1433 2293 1487 2343 δὲ
1527 2292 1689 2355 Πυθίη
1732 2292 1779 2342 οἱ
1818 2311 1843 2343 2

109 2385 210 2449 χρᾷ
253 2377 387 2431 τάδε·
451 2377 568 2431 Ἐπὶ
617 2379 710 2443 μὲν
755 2376 1002 2444 τέσσερας
1050 2375 1267 2430 Βάττους
1319 2375 1397 2427 καὶ
1446 2375 1780 2442 Ἀρκεσίλεως

110 2461 371 2531 τέσσερας,
399 2462 526 2515 ὀκτὼ
557 2463 748 2529 ἀνδρῶν
770 2460 962 2529 γενεάς,
990 2464 1120 2514 διδοῖ
1139 2462 1255 2526 ὑμῖν
1277 2459 1461 2525 Λοξίης
1483 2459 1780 2525 βασιλεύειν
1833 2502 1836 2506 ,

168 2615 187 2642 1
217 2602 360 2657 μοίρην
377 2601 418 2641 Α
431 2602 467 2641 Β
482 2601 517 2642 C
702 2613 728 2639 2
757 2599 891 2642 τούτω
912 2600 946 2640 C
960 2599 999 2639 V
1174 2611 1201 2648 3
1232 2601 1342 2652 ἱρωσ.
1366 2597 1406 2637 Α
1420 2598 1454 2637 Β
1469 2598 1503 2638 C
1519 2598 1553 2637 P
1664 2599 1779 2650 εἶχον

110 2669 195 2698 om.
213 2656 255 2696 V
362 2667 388 2708 5
417 2655 460 2698 δὲ
476 2654 624 2698 τούτου
638 2658 712 2696 τοῦ
733 2655 773 2693 R
789 2655 819 2694 S
831 2654 870 2693 V
980 2655 1006 2692 8
1035 2655 1087 2695 τὰ
1108 2653 1190 2693 del.
1209 2652 1369 2692 Struve
1481 2652 1688 2694 Μαντνεὺς
1710 2651 1750 2690 R
1768 2664 1779 2691 τ

111 2719 283 2764 Mam-w.
301 2710 342 2751 V
532 2724 560 2763 9
591 2711 721 2759 ἐσώθη
744 2709 829 2749 CV
1029 2720 1079 2747 10
1107 2708 1155 2761 ἡ]
1178 2709 1216 2749 οἱ
1232 2707 1323 2747 RV
1510 2719 1555 2746 11
1587 2701 1776 2760 χῶρονἘ

115 2779 165 2818 13
200 2766 272 2820 τὸ]
308 2771 365 2809 τῶ
395 2765 431 2807 C
599 2764 736 2807 κέεται
767 2764 801 2803 L
1026 2764 1076 2802 18
1104 2764 1183 2816 γὰρ
1211 2761 1309 2813 (orn.
1333 2762 1386 2814 E)
1412 2763 1476 2803 ἐπὶ
1496 2762 1618 2803 παντὶ
1638 2760 1777 2801 Aldus

109 2826 316 2864 τελευτῶν
334 2824 372 2864 οἱ
392 2819 590 2874 ἐξέπεμπε
612 2819 648 2860 E
791 2831 841 2869 19
869 2817 1055 2872 χρύσεων
1074 2816 1112 2856 V
1243 2820 1356 2866 ἠλεκ.
1380 2816 1415 2856 Ε
1430 2815 1470 2855 R
1483 2816 1521 2855 V
1658 2828 1713 2856 20
1741 2817 1780 2857 οἱ

110 2889 194 2918 om.
234 2875 276 2916 A
289 2875 326 2916 Β
341 2875 376 2918 C
394 2889 406 2917 2
454 2877 491 2918 οἶ
528 2876 594 2918 καὶ
633 2887 715 2916 om.
753 2873 789 2914 E
956 2873 1022 2913 ἐπὶ
1055 2870 1188 2921 πάσης
1226 2870 1264 2909 R
1279 2871 1316 2910 V
1334 2884 1343 2910 :
1385 2869 1553 2920 εἷπάσης
1587 2868 1629 2910 Α
1642 2869 1677 2909 Β
1694 2869 1728 2909 C
1743 2869 1778 2909 E

111 2944 162 2971 21
207 2930 390 2974 τούτοισι
420 2929 456 2971 Ε
663 2942 716 2978 24
760 2931 782 2970 ὀ
815 2939 898 2967 om.
927 2925 1117 2966 ABCP
1317 2927 1371 2965 26
1407 2925 1612 2981 τέσσαρας
1638 2923 1778 2966 CRV

113 2999 165 3040 27
195 2985 398 3043 τέσσαρας
419 2985 453 3026 C
465 2986 504 3026 V
615 2987 767 3041 ἀνδρῶν
787 2995 869 3024 orn.
897 2981 938 3023 R
953 2981 984 3023 S
998 2982 1035 3021 V
1146 2982 1242 3032 ἡμῖν
1264 2981 1296 3020 C
1314 2981 1352 3019 R
1366 2980 1405 3020 V
1783 3022 1786 3025 Α
