2098 3320
804 147 1180 196 ΙΣΤΟΡΙΩΝ
1259 149 1297 196 Β
1920 153 1987 204 11.
2012 166 2083 215 39

213 279 459 348 χρέωνται
510 280 689 344 ὁμοίως
736 279 786 331 ἐς
834 278 995 331 πάντα
1042 280 1103 330 τὰ
1154 278 1248 345 ἱρά,
1301 279 1378 331 καὶ
1417 279 1527 331 ’ἀπὸ
1574 276 1748 331 τούτου
1795 285 1881 330 τοῦ

214 365 368 429 νόμου
426 363 538 415 οὐδὲ
596 362 757 415 ἄλλου
815 363 1015 416 οὐδενὸς
1072 363 1306 431 ἐμψύχου
1366 367 1589 431 κεφαλῆς
1645 364 1881 431 γεύσεται
2076 357 2098 430 ς’

213 449 500 516 Αἰγυπτίων
552 448 727 501 οὐδείς.
815 448 844 512 ἡ
897 450 949 499 δὲ
1003 446 1061 511 δὴ
1111 445 1358 515 ἐξαίρεσις
1406 453 1505 500 τῶν
1561 451 1677 515 ἱρῶν
1726 449 1803 500 καὶ
1849 419 2098 514 &w

214 537 389 587 καῦσις
428 532 560 598 ἄλλη
602 531 715 598 περὶ
759 530 889 583 ἄλλο
936 533 1040 599 ἱρόν
1083 539 1180 599 σφι
1221 531 1509 597 κατέστηκε.
1600 532 1690 597 τὴν
1730 532 1773 583 δ’
1813 530 1881 585 ῶν

165 640 186 681 5
212 619 458 685 μεγίστην
488 638 543 670 τε
584 616 793 682 δαίμονα
832 616 1046 684 ἥγηνται
1087 616 1211 668 εἶναι
1254 617 1334 668 καὶ
1373 618 1618 684 μεγίστην
1656 619 1701 669 οἱ
1733 617 1881 684 ὁρτὴν

214 700 474 769 ἀνάγουσι,
517 701 700 766 ταύτην
742 700 951 768 ἔρχομαι
997 699 1165 768 ἐρέων.
1257 702 1408 753 ἐπεὰν
1449 702 1751 768 ἀποδείρωσι
1794 701 1880 754 τὸν
1916 723 1940 754 2

213 790 358 852 βοῦν,
393 784 748 850 κατευξάμενοι
781 786 974 850 κοιλίην
1009 787 1102 851 μὲν
1140 787 1306 850 κείνην
1337 789 1506 837 πᾶσαν
1539 784 1597 850 ἐξ
1623 784 1692 838 ῶν
1723 787 1877 846 εἶλον,

214 868 493 938 σπλάγχνα
515 872 566 922 δὲ
599 870 747 922 αὐτοῦ
768 870 1003 921 λείπουσι
1035 871 1087 921 ἐν
1110 874 1176 939 τῷ
1202 870 1398 936 σώματι
1422 870 1501 922 καὶ
1525 870 1614 934 τὴν
1646 869 1877 940 πιμ-ε-λήν,
1908 866 2026 934 (⁷⁶1⁸
2037 912 2047 922 .

211 952 401 1007 ’σκέλεα
424 956 477 1006 δὲ
508 952 850 1019 ἀποτάμνουσι
882 953 960 1004 καὶ
984 954 1075 1018 τὴν
1106 952 1272 1022 ὀσ-φὺν
1304 953 1457 1021 ἄκρην
1483 955 1561 1006 καὶ
1584 954 1698 1009 τοὺς
1721 955 1880 1019 ὤμους
1908 949 2050 1009 ω
2073 966 2098 1005 ‚⁸⁶

145 1061 190 1088 ιο
212 1060 267 1091 τε
300 1039 380 1091 καὶ
408 1037 494 1090 τὸν
524 1037 795 1105 τράχηλον.
883 1042 1035 1089 ταῦτα
1066 1041 1119 1089 δὲ
1150 1038 1452 1104 ποιήσαντες
1487 1044 1544 1089 τὸ
1574 1038 1704 1090 ἄλλο
1735 1044 1879 1105 σῶμα
1913 1061 1937 1103 3

211 1128 298 1174 τοῦ
327 1123 452 1188 βοὸς
481 1125 736 1188 πιμπλᾶσι
775 1121 938 1189 ἄρτων
980 1126 1205 1189 καθαρῶν
1247 1123 1324 1174 καὶ
1363 1122 1566 1188 μέλιτος
1602 1124 1680 1175 καὶ
1721 1125 1875 1194 ἄστει-ς
1906 1126 2098 1175 ‹min-‚⁴

213 1209 359 1274 φίδος
418 1207 497 1259 καὶ
548 1207 713 1258 σύκων
766 1207 846 1258 καὶ
897 1211 1185 1272 λιβανωτοῦ
1239 1207 1318 1259 καὶ
1378 1207 1598 1273 σμύρνης
1651 1208 1730 1259 καὶ
1780 1213 1879 1259 τῶν

212 1291 385 1343 ἄλλων
415 1290 700 1357 θυωμάτων,
726 1288 1015 1355 πλήσαντες
1045 1293 1098 1343 δὲ
1127 1291 1314 1344 τούτων
1346 1292 1680 1359 καταγίζουσι,
1707 1292 1878 1344 ἔλαιον

211 1374 436 1442 ἄφθονον
477 1374 822 1443 καταχέοντες.
911 1376 1375 1442 προνηστεύσαντες
1414 1378 1468 1428 δὲ
1509 1376 1697 1436 θύουσι,
1744 1397 1875 1428 καιο-
1914 1385 1977 1439 4³·

142 1480 186 1521 ¹5
210 1458 374 1525 μένων
394 1462 447 1512 δὲ
464 1465 561 1511 τῶν
587 1462 704 1526 ἱρῶν
727 1458 993 1511 τύπτονται
1017 1459 1214 1514 πάντες·
1249 1462 1400 1512 ε’πεᾶν
1424 1463 1477 1512 δὲ
1500 1461 1964 1532 ἀποτύψωντα·ι,“ΠἹ
1980 1462 2098 1540 ⁸:22

211 1548 354 1596 δαῖτα
393 1545 707 1610 προτίθενται
751 1545 813 1594 τὰ
858 1544 1094 1596 ἐλίποντο
1137 1549 1236 1596 τῶν
1278 1547 1409 1611 ἱρῶν.
1497 1545 1611 1597 τοὺς
1654 1543 1747 1610 μέν
1791 1566 1877 1597 νυν
1914 1559 1973 1606 41

173 1635 190 1700 ’ἱ
212 1628 453 1695 καθαροὺς
492 1632 619 1694 βοῦς
658 1628 774 1681 τοὺς
814 1627 1022 1695 ἔρσενας
1065 1629 1144 1681 καὶ
1184 1628 1299 1683 τοὺς
1340 1630 1565 1697 μόσχους
1610 1632 1657 1683 οἱ
1696 1626 1878 1683 πάντες

211 1712 477 1779 Αἰγύπτιοι
521 1712 719 1771 θύουσι,
769 1713 858 1766 τὰς
905 1714 959 1764 δὲ
1007 1712 1191 1777 θηλέας
1243 1714 1299 1764 οὔ
1353 1720 1452 1780 σφι
1504 1711 1674 1777 ἔξεστι
1724 1714 1874 1771 θύειν,

211 1795 327 1848 ἀλλ’
358 1798 463 1863 ἱραί
499 1797 600 1849 εἰσι
634 1799 722 1861 τῆς
744 1794 923 1849 Ἴσιος.
1011 1797 1069 1848 τὸ
1104 1798 1200 1864 γὰρ
1242 1800 1329 1862 τῆς
1357 1797 1520 1851 Ἴσιος
1556 1796 1760 1865 ἄγαλμα
1795 1797 1878 1849 ἐὸν
1915 1821 1940 1851 2

138 1899 189 1928 20
211 1879 497 1948 γυναικήιον
541 1881 797 1947 βούκερών
843 1882 970 1939 ε’στι,
1021 1880 1143 1932 κατά
1188 1903 1280 1948 περ
1315 1880 1570 1946 “Ελληνες
1614 1881 1703 1945 τὴν
1747 1881 1878 1934 Ἰοῦν

210 1963 480 2032 γράφουσι,
536 1965 755 2018 καὶτὰς
807 1968 933 2029 βοῦς
985 1967 1073 2019 τὰς
1134 1965 1317 2030 θηλέας
1376 1966 1639 2033 Αἰγύπτιοι
1697 1965 1880 2019 πάντες

210 2049 391 2114 ὁμοίως
421 2048 667 2115 σέβονται
703 2047 973 2115 προβάτων
1011 2046 1210 2103 πάντων
1245 2049 1469 2116 μάλιστα
1506 2055 1690 2120 μακρῷ.
1781 2055 1879 2102 τῶν
1915 2071 1939 2113 3

211 2134 375 2195 εἵνεκα
425 2133 526 2185 οὔτ’
579 2133 703 2200 ἀνὴρ
756 2133 1028 2199 Αἰγύπτιος
1082 2134 1193 2186 οὔτε
1255 2134 1377 2202 γυνὴ
1438 2134 1593 2201 ἄνδρα
1643 2133 1880 2199 “Ελληνα

210 2215 448 2285 φιλήσειε
490 2216 551 2270 ἂν
595 2223 663 2288 τῷ
710 2217 937 2282 στόματι,
984 2218 1098 2270 οὐδὲ
1140 2219 1363 2290 μαχαίρῃ
1407 2218 1587 2285 ἀνδρὸς
1621 2216 1879 2283 ’Έλληνος

135 2322 186 2364 25
209 2300 455 2370 χρήσεται
499 2301 601 2359 οὐδ’
646 2303 883 2368 ὀβελοῖσι
923 2301 1035 2354 οὐδὲ
1072 2302 1272 2368 λέβητι,
1316 2303 1427 2355 οὐδὲ
1471 2301 1622 2370 κρέως
1669 2306 1881 2370 καθαροῦ

208 2384 743 2453 βοὸςδιατετμημένου
765 2386 1042 2460 Ἑλληνικῇ
1064 2389 1286 2460 μαχαίρῃ
1314 2388 1564 2455 γεύσεται.
1634 2385 1880 2440 θάπτουσι
1915 2410 1941 2452 4

210 2472 263 2522 δὲ
292 2470 408 2526 τοὺς
437 2469 847 2543 ἀποθνῄσκοντας
875 2476 999 2536 βοῦς
1029 2473 1212 2538 τρόπον
1241 2473 1402 2524 τόνδε·
1450 2474 1538 2526 τὰς
1572 2473 1664 2537 μὲν
1696 2470 1879 2536 θηλέας

210 2555 261 2607 ἐς
305 2554 394 2644 τὸν
444 2555 666 2639 ποταμὸν
719 2557 948 2613 ἆπιεῖσι,,
979 2555 1091 2610 τοὺς
1143 2558 1196 2607 δὲ
1249 2557 1459 2622 ἔρσενας,
1510 2556 1880 2622 κατορύσσουσι

266 2705 284 2732 1
317 2696 388 2747 ἵερ.
414 2692 582 2745 SV(it.
605 2693 652 2743 3)
831 2706 857 2732 2
886 2691 976 2734 οὐδὲ
998 2695 1128 2735 ἄλλου
1149 2706 1231 2733 om.
1259 2693 1394 2734 RSV
1558 2707 1583 2743 4
1614 2694 1648 2735 δ’
1670 2693 1879 2735 &SRSV

208 2749 236 2787 6
267 2750 416 2789 ἐπεὰν.
473 2746 807 2818 κατευξάμενοι]
843 2750 945 2796 ἐπην
972 2749 1304 2802 προνηστεύσωσι
1337 2748 1539 2801 (-εύσουσι
1562 2749 1616 2789 S.
1650 2748 1802 2789 ευουσι
1818 2749 1875 2800 V)

209 2802 364 2854 τῆ(ι)σι
395 2803 459 2844 καὶ
495 2805 598 2852 ἐπην
627 2801 893 2863 κατεύξωνται
931 2801 1082 2850 <vm-at
1118 2803 1218 2855 SV)
1255 2803 1389 2844 θύουσι
1423 2806 1499 2844 τὰν
1535 2804 1626 2854 (τὸν
1663 2802 1759 2851 PS)
1791 2807 1879 2854 βῶν

211 2857 331 2909 (βοῦν
353 2856 405 2908 Ρ)
423 2859 488 2898 καὶ
510 2854 790 2910 ἀποδείραντες
813 2856 898 2896 PR
913 2855 994 2896 SV
1128 2871 1173 2897 11
1205 2860 1376 2915 καθαρὸν
1397 2858 1430 2897 C
1445 2857 1485 2896 R
1573 2879 1575 2881 ·
1628 2870 1676 2907 13
1707 2856 1749 2899 δὲ
1770 2856 1813 2899 δὲ
1838 2856 1877 2895 R

213 2924 262 2962 14
290 2911 570 2963 καταχέαντες
591 2911 728 2958 RSV
854 2924 903 2963 15
935 2912 1206 2965 ἇποτύψονται
1227 2913 1268 2952 R
1383 2926 1430 2965 17
1462 2914 1631 2967 ἄρσενας
1652 2912 1693 2953 R
1717 2911 1781 2962 (it.
1803 2913 1876 2961 28)

209 2975 264 3006 2'0
292 2966 438 3020 βούκερ
440 2972 484 3007 ον
505 2966 588 3007 SV
647 2967 649 2969 ’
670 2971 673 2974 “
798 2980 850 3007 22
881 2968 1023 3020 ὁμοίως
1042 2981 1123 3008 om.
1150 2967 1230 3007 SV
1432 2971 1487 3007 26
1515 2967 1716 3022 χρήσεται
1738 2966 1778 3007 R
1795 2965 1877 3007 SV

209 3023 263 3062 28
291 3022 430 3063 ἇπιᾶσι
455 3021 487 3060 L
