2098 3320
744 128 1124 204 ΙΣΤΟΡΙΩΝ
1199 156 1238 204 Γ
1862 154 1949 205 ΙΙΙ,
1984 166 2096 216 9ο·

155 286 512 357 γμένοςοῧτος
544 285 717 356 φόρος)
747 286 960 354 προσήιε
990 288 1290 355 τετρακόσια
1318 285 1542 340 τάλαντα
1571 288 1820 354 ἀργυρίου.

157 373 299 428 οὗτος
334 375 425 439 μὲν
461 372 519 437 δὴ
550 372 743 439 πρῶτός
779 374 825 424 οἱ
862 371 1012 437 νομὸς
1051 370 1364 437 κατεστήκεε·
1412 373 1508 425 ἀπὸ
1545 373 1598 424 δὲ
1631 375 1825 424 Μυσῶν

157 457 239 510 καὶ
269 459 442 510 Λυδῶν
473 457 552 509 καὶ
574 458 840 510 Λασονίων
873 457 952 509 καὶ
985 457 1263 523 Καβαλίων
1295 457 1373 508 καὶ
1402 455 1677 509 Ὑτεννέων
1706 477 1822 509 πεν-

156 542 369 594 τακόσια
398 539 638 593 τάλαντα·
685 541 910 608 δεύτερος
940 540 1089 607 νομὸς
1120 540 1277 596 οὗτος.
1369 539 1469 593 ἀπὸ
1505 543 1559 593 δὲ
1594 540 1822 605 Ἑλλησ-
1863 563 1889 595 2

110 648 131 688 5
157 626 375 679 ποντίων
403 630 499 678 τῶν
535 626 616 679 ἐπὶ
647 626 782 691 δεξιᾶ
814 625 1087 678 ἐσπλέοντι
1117 626 1198 678 καὶ
1230 630 1443 693 Φρυγῶν
1476 626 1556 677 καὶ
1590 627 1825 692 Θρηίκων

156 715 255 763 τῶν
297 712 350 762 ἐν
394 711 466 782 τῇ
499 709 647 782 Ἀσίῃ
691 710 771 762 καὶ
814 712 1174 778 Παφλαγόνων
1215 711 1295 763 καὶ
1338 713 1700 777 Μαριανδυνῶν
1746 711 1824 762 καὶ

157 796 348 862 Συρίων
378 786 632 860 ’ἑξήκοντα
673 796 751 847 καὶ
791 796 1051 862 τριηκόσια
1090 794 1311 847 τάλαντα
1351 793 1412 859 ἧν
1453 795 1626 862 φόρος·
1676 794 1825 860 νομὸς

155 880 319 948 τρίτος
357 879 512 934 οὗτος.
603 878 700 932 ἀπὸ
746 882 800 932 δὲ
843 880 1061 931 Κιλίκων
1102 881 1248 945 ἵπποι
1283 901 1337 931 τε
1377 879 1544 931 λευκοὶ
1586 877 1827 944 ἑξήκοντα
1866 898 1891 942 3

158 964 238 1016 καὶ
267 963 560 1030 τριηκόσιοι,
595 962 810 1028 ἑκάστης
846 963 1030 1031 ἡμέρης
1069 965 1139 1019 εἷς
1174 964 1451 1031 γινόμενος,
1487 964 1565 1015 καὶ
1604 963 1828 1016 τάλαντα

86 1069 133 1097 ιο
157 1049 388 1116 ἀργυρίου
435 1048 757 1100 πεντακόσια.
846 1048 1032 1111 τούτων
1080 1051 1133 1100 δὲ
1180 1047 1552 1115 τεσσεράκοντα
1601 1051 1694 1114 μὲν
1747 1049 1827 1099 καὶ
1850 1045 2039 1116 121.)OEae
2060 1062 2098 1094 τε

156 1131 332 1185 ἑκατὸν
352 1133 401 1185 ἐς
420 1131 510 1196 τὴν
530 1131 874 1200 φρουρέουσαν
899 1134 1050 1185 ἵππον
1070 1133 1160 1198 τὴν
1181 1133 1412 1197 Κιλικίην
1436 1133 1606 1201 χώρην
1630 1134 1824 1186 ἀναισι-
1899 1123 1959 1151 “⁹
1970 1117 2090 1158 ⁷⁰⁴⁸<

155 1221 323 1283 μοῦτο,
356 1218 417 1269 τὰ
447 1220 499 1270 δὲ
531 1218 792 1284 τριηκόσια
823 1217 902 1269 καὶ
934 1215 1173 1282 ἑξήκοντα
1205 1217 1402 1287 Δαρείῳ
1434 1218 1632 1284 ἐφοίτα·
1679 1217 1829 1283 νομὸς

156 1299 389 1368 τέταρτος
420 1301 578 1356 οὗτος.
651 1301 750 1353 ἀπὸ
781 1304 833 1353 δὲ
860 1303 1136 1366 Ποσιδηίου
1166 1302 1358 1361 πόλιος,
1390 1300 1480 1365 τὴν
1510 1300 1847 1370 Ἀμφίλοχος,
1867 1321 1930 1370 91

158 1386 185 1436 ὁ
207 1384 498 1454 Ἀμφιάρεω
524 1388 684 1439 οἴκισε
709 1385 786 1439 ἐπ’
811 1386 1005 1452 οὔροισι
1028 1390 1162 1438 τοῖσι
1186 1387 1407 1438 Κιλίκων
1429 1406 1483 1438 τε
1507 1385 1588 1437 καὶ
1618 1387 1826 1453 Συρίων,

85 1489 132 1531 15
158 1468 436 1537 ἀρξάμενον
479 1470 577 1524 ἀπὸ
621 1471 801 1536 ταύτης
842 1469 991 1539 μέχρι
1029 1470 1301 1537 Αἰγύπτου,
1345 1469 1479 1535 πλὴν
1521 1470 1697 1538 μοίρης
1741 1474 1829 1535 τῆς

157 1553 412 1622 Ἀραβίων
440 1550 611 1619 (ταῦτα
641 1556 735 1623 γὰρ
767 1554 828 1620 ἦν
859 1551 1073 1619 ἀτελέα),
1108 1553 1415 1620 πεντήκοντα
1452 1555 1530 1607 καὶ
1568 1555 1830 1621 τριηκόσια

157 1638 381 1699 τάλαντα
417 1640 573 1707 φόρος
607 1638 684 1704 ἤν·
731 1640 841 1692 ἔστι
882 1642 934 1692 δὲ
970 1641 1024 1692 ἐν
1060 1644 1126 1710 τῷ
1165 1645 1300 1709 νομῷ
1336 1639 1493 1708 τούτῳ
1525 1640 1734 1704 Φοινίκη
1774 1661 1829 1692 τε

144 1726 298 1787 Ιπᾶσα
329 1723 408 1775 καὶ
434 1726 584 1791 Συρίη
609 1724 637 1790 ἡ
664 1725 985 1789 Παλαιστίνη
1011 1722 1286 1790 καλεομένη
1311 1724 1392 1776 καὶ
1417 1723 1631 1790 Κύπρος·
1678 1727 1828 1789 νομός

158 1806 379 1874 πέμπτος
410 1808 567 1862 οὗτος.
659 1808 744 1861 ἀπ’
775 1808 1030 1876 Αἰγύπτου
1067 1811 1121 1861 δὲ
1151 1808 1230 1860 καὶ
1262 1808 1470 1873 Λιβύων
1505 1813 1605 1860 τῶν
1641 1830 1825 1875 προσε-
1867 1830 1893 1862 2

85 1910 133 1939 20
158 1891 291 1960 χέων
316 1893 548 1963 Αἰγύπτῳ
582 1894 660 1945 καὶ
686 1891 910 1960 Κυρήνης
939 1914 992 1945 τε
1026 1892 1104 1944 καὶ
1129 1892 1323 1960 Βάρκης
1345 1891 1415 1957 (ἐς
1445 1894 1540 1959 γὰρ
1563 1892 1648 1944 τὸν
1673 1893 1825 1959 Αἰγύ-

158 1997 302 2029 πτιον
333 1977 485 2043 νομὸν
509 1978 652 2030 αὗται
676 1972 1028 2043 ἐκεκοσμέατο)
1051 1978 1327 2030 ἑπτακόσια
1349 1975 1563 2043 προσήιε
1586 1975 1825 2036 τάλαντα,

159 2059 322 2128 πάρεξ
356 2067 443 2114 τοῦ
481 2064 535 2114 ἐκ
574 2065 661 2127 τῆς
704 2063 914 2129 Μοίριος
939 2063 1132 2127 -λίμνης
1175 2060 1439 2128 γινομένου
1480 2062 1729 2128 ἀργυρίου,
1771 2060 1829 2112 τὸ

160 2147 353 2212 ἐγίνετο
394 2148 448 2198 ἐκ
484 2151 583 2199 τῶν
625 2146 826 2214 ἰχθύων·
873 2146 1048 2198 τούτου
1085 2167 1140 2199 τε
1180 2145 1239 2210 δὴ
1280 2145 1433 2214 χωρὶς
1468 2150 1554 2197 τοῦ
1594 2146 1829 2213 ἀργυρίου
1868 2167 1893 2211 3

0 2229 238 2325 ιῧὶἅὶ
262 2235 347 2283 τοῦ
369 2230 779 2298 ἐπιμετρῳμένου
802 2231 943 2282 σίτου
968 2229 1178 2297 προσήιε
1202 2232 1264 2282 τὰ
1288 2230 1565 2283 ἑπτακόσια
1587 2228 1827 2283 τάλαντα·

216 2381 233 2408 Ι
265 2368 386 2423 φόρος
406 2368 522 2412 οὗτος
544 2370 577 2409 Ρ
689 2370 915 2424 προσή(ι)ει
936 2367 975 2407 Α
991 2369 1024 2407 C
1040 2369 1096 2407 P:
1129 2368 1296 2423 προσείη
1320 2368 1354 2407 Β
1500 2381 1524 2406 2
1556 2371 1577 2409 ὃ
1595 2366 1671 2419 μὲν
1692 2369 1740 2418 δὴ
1762 2384 1827 2422 πρ.

159 2423 275 2467 οῧτός
294 2424 334 2464 Α
348 2424 382 2464 Β
397 2425 430 2464 C
569 2427 605 2466 οἱ
626 2437 708 2464 om.
735 2425 769 2463 C
968 2437 992 2473 3
1022 2425 1258 2465 Αλυσονίων
1277 2423 1317 2462 Α
1331 2423 1365 2462 Β
1383 2422 1415 2462 C
1431 2423 1465 2462 P
1604 2422 1830 2470 Καβαλέων

161 2480 311 2519 Stein:
360 2477 586 2528 Καβηλέων
623 2479 892 2519 Valckenaer
1041 2479 1260 2520 Ὑτεννέων
1300 2478 1451 2518 Stein:
1500 2477 1723 2519 αὐτεννέων
1763 2478 1827 2519 R:

159 2534 359 2576 αὐτενέων
379 2535 488 2574 SV:
519 2533 717 2587 ὑγεννέων
736 2533 824 2573 ΑΒ
841 2534 922 2573 CP
1087 2546 1112 2583 5
1144 2536 1278 2575 εἷσπλι
1305 2532 1397 2572 RV
1539 2545 1561 2582 7
1591 2532 1826 2586 τριηκόσια]

158 2589 377 2643 τριήκοντα
398 2589 491 2628 RV
618 2589 668 2638 ἦν
688 2588 873 2630 τάλαντα
896 2589 953 2628 P:
984 2588 1035 2637 ἧν
1053 2588 1148 2629 τάλ.
1171 2587 1221 2636 ἦν
1243 2588 1276 2626 C
1438 2601 1488 2627 10
1518 2586 1562 2628 δὲ
1583 2600 1666 2627 om.
1690 2587 1729 2624 R
1745 2587 1774 2626 S
1789 2587 1830 2625 V

158 2658 327 2698 τεσσαρ.
371 2644 511 2683 CRV
675 2643 749 2695 μὲν
787 2657 869 2684 om.
907 2641 1111 2682 ABCP1
1336 2655 1379 2682 11
1423 2641 1647 2694 φορέουσαν
1689 2641 1830 2681 RSV

159 2699 438 2751 ἆνεαισιμοῦτο
454 2699 504 2750 (3)
530 2698 569 2737 R
783 2711 830 2738 12
861 2700 925 2739 καὶ
955 2711 1036 2739 om.
1064 2698 1200 2737 RSV
1365 2698 1484 2748 νόμος
1515 2696 1658 2750 ἐφοίτα
1690 2695 1729 2734 R
1747 2697 1829 2735 SV

163 2766 211 2802 13
241 2757 402 2795 Ποσειδ.
427 2754 466 2793 Α
482 2754 516 2793 Β
533 2754 565 2792 C
581 2753 615 2792 P
729 2766 777 2803 14
807 2754 997 2795 Κιλικίων
1015 2753 1055 2792 Α
1070 2753 1103 2791 Β
1121 2753 1154 2791 C
1260 2751 1391 2805 Σύρων
1414 2753 1448 2791 L
1563 2763 1611 2801 17
1642 2750 1828 2793 ’τάλαντα

158 2821 240 2849 om.
268 2808 306 2847 R
323 2809 352 2848 S
366 2809 405 2847 V
536 2809 585 2848 18
614 2808 639 2858 ἡ
658 2821 740 2849 om.
766 2808 805 2847 R
819 2809 858 2849 V
997 2821 1050 2847 20
1079 2819 1142 2857 pr.
1168 2808 1234 2848 κα).
1253 2820 1337 2846 om.
1361 2806 1401 2845 A
1415 2806 1450 2845 B
1466 2806 1500 2845 C
1514 2806 1548 2845 P
1658 2808 1731 2847 τὸν
1749 2808 1828 2859 γὰρ

158 2864 390 2915 Αἰγυπτίων
411 2863 451 2902 R
466 2863 547 2902 SV
742 2876 790 2902 21
825 2862 1048 2913 ἐκοσμέατο
1069 2861 1158 2900 ΑΒ
1179 2876 1188 2901 :
1219 2860 1413 2912 ἐκομέατο
1436 2861 1470 2900 C
1500 2913 1504 2915 ‚
1603 2861 1828 2915 προσή(ι)ει

159 2917 198 2956 Α
212 2917 246 2956 Β
262 2919 295 2957 C
310 2918 342 2956 P
364 2918 428 2969 (it.
452 2918 524 2970 24)
658 2931 709 2957 22
742 2917 887 2972 Μύριος
911 2918 949 2955 R
965 2919 995 2956 S
1009 2917 1047 2955 V
1157 2915 1379 2968 ’γενομένου
1401 2915 1493 2954 RV
1628 2927 1682 2964 23
1712 2914 1758 2957 δὲ
1778 2917 1827 2964 δὴ

162 2971 200 3018 R
216 2972 246 3012 S
258 2972 321 3013 V:
353 2972 397 3014 δὲ
420 2973 455 3012 Β
641 2987 692 3023 24
725 2971 1057 3025 ἐπιμετρουμένου
1082 2971 1115 3010 Ρ
1130 2971 1168 3010 R
1185 2973 1214 3011 S
1227 2971 1264 3010 V
1279 2983 1287 3009 :'
1318 2988 1505 3024 μετρουμ.
1530 2969 1569 3008 Α
1584 2970 1618 3009 Β
1635 2971 1668 3010 C
1776 2972 1829 3011 τὰ

158 3040 239 3067 om.
265 3027 304 3067 A
319 3027 352 3067 B
367 3028 400 3067 C
419 3028 452 3067 P
