2098 3320
34 99 98 148 ΙΙ.
121 103 194 148 60

138 1245 197 1292 61

128 1833 196 1880 62

171 2271 196 2303 ἱ)

866 99 1290 148 ΗΡΟΔΟΤΟΎ

239 230 597 294 κροταλίζουσι,
631 232 677 282 οἱ
715 232 768 282 δὲ
802 229 1040 282 αὐλέουσι
1076 232 1198 282 κατὰ
1234 229 1397 282 πάντα
1430 229 1517 282 τὸν
1548 231 1722 290 πλόον,
1757 234 1806 284 αἱ
1841 234 1893 284 δὲ
1942 230 1947 232 Ἴ

235 314 408 366 λοιπαὶ
431 319 658 380 γυναῖκες
679 314 757 366 καὶ
779 314 953 382 ἄνδρες
973 315 1193 367 ἀείδουσι
1219 315 1297 365 καὶ
1321 316 1408 367 τὰς
1426 319 1596 383 χεῖρας
1618 314 1891 381 κροτέουσι.

237 398 389 448 ἐπεὰν
419 399 474 450 δὲ
496 397 738 452 πλέοντες
762 396 886 451 κατά
914 420 1023 451 τινα
1046 399 1196 454 πόλιν
1219 398 1381 463 ἄλλην
1405 398 1661 466 γένωνται,
1689 401 1892 468 ἐγχρίμ-

235 485 427 547 ψαντες
463 481 552 546 τὴν
581 486 733 550 βᾶριν
762 491 824 556 τῇ
857 491 922 556 γῇ
952 486 1150 537 ποιεῦσι
1185 482 1367 536 τοιάδε*
1413 486 1463 535 αἱ
1499 482 1592 548 μέν
1627 505 1757 538 τινες
1795 489 1895 536 τῶν

238 570 481 630 γυναικῶν
517 572 714 620 ποιεῦσι
749 566 811 619 τά
851 590 943 635 περ
985 570 1170 634 εἴρηκα,
1204 570 1254 619 αἱ
1292 569 1347 619 δὲ
1387 566 1666 633 τωθάζουσι
1693 572 1894 633 βοῶσαι
1916 589 1940 630 5

236 651 324 703 τὰς
369 651 424 702 ἐν
463 652 523 722 τῇ
569 652 688 703 πόλι
734 652 885 724 ταύτῃ
930 657 1181 719 γυναῖκας,
1228 654 1277 705 αἱ
1325 654 1379 704 δὲ
1425 650 1702 720 ὀρχέονται,
1747 654 1797 705 αἱ
1842 654 1895 704 δὲ

236 733 568 802 ἀνασύρονται
599 735 942 802 ἀνιστάμεναι.
1011 741 1166 788 ταῦτα
1197 738 1329 803 παρὰ
1358 739 1526 788 πᾶσαν
1557 737 1705 788 πόλιν
1735 757 1891 803 παρα-

238 819 484 884 ποταμίην
514 826 727 872 ποιεῦσι.
795 822 947 873 ἐπεὰν
979 823 1032 872 δὲ
1069 821 1342 872 ἀπίκωνται
1378 821 1428 873 ἐς
1458 819 1549 884 τὴν
1586 820 1891 886 Βούβαστιν,

238 901 500 968 ὁρτάζουσι
539 903 763 971 μεγάλας
803 904 1075 972 ἀνάγοντες
1111 906 1302 964 θυσίας,
1338 905 1416 956 καὶ
1453 904 1585 958 οἶνος
1621 903 1894 969 ἀμπέλινος

237 988 587 1052 ἀναισιμοῦται
632 988 801 1041 πλέων
849 991 902 1041 ἐν
949 990 1007 1060 τῇ
1057 990 1171 1061 ὁρτῇ
1216 988 1368 1059 ταύτῃ
1415 983 1445 1052 ἢ
1494 989 1547 1040 ἐν
1597 993 1664 1058 τῷ
1712 987 1896 1041 ἅπαντι
1922 1013 1971 1042 ιο

238 1072 441 1142 ἐνιαυτῷ
478 1077 545 1142 τῷ
585 1074 846 1144 ἐπιλοίπῳ.
914 1078 1235 1141 συμφοιτῶσι
1271 1072 1339 1133 δέ,
1372 1074 1401 1123 ὅ
1429 1094 1478 1124 τι
1507 1072 1629 1140 ἀνὴρ
1662 1073 1740 1127 καὶ
1770 1071 1894 1140 γυνή

238 1157 348 1208 ἐστι
394 1154 527 1221 πλὴν
570 1159 794 1218 παιδίων,
839 1157 919 1209 καὶ
963 1160 1015 1212 ἐς
1059 1156 1405 1223 ἐβδομήκοντα
1447 1155 1698 1224 μυριάδας,
1743 1156 1808 1212 ὡς
1848 1159 1895 1211 οἱ

237 1240 495 1308 ἐπιχώριοι
536 1240 762 1308 λέγουσι.
835 1247 989 1294 ταῦτα
1025 1244 1118 1308 μὲν
1162 1242 1220 1306 δὴ
1268 1242 1419 1313 ταύτῃ
1466 1240 1698 1300 ποιέεται,
1749 1242 1802 1293 ἐν
1841 1243 1896 1294 δὲ

244 1325 445 1392 Βουσίρι
476 1325 598 1378 πόλι
628 1326 692 1380 ὡς
722 1326 966 1394 ἀνάγουσι
1001 1334 1062 1399 τῇ
1087 1325 1191 1379 Ἴσι
1227 1325 1318 1390 τὴν
1348 1324 1514 1392 ὁρτήν,
1547 1327 1735 1392 εἴρηται
1771 1326 1890 1392 πρόν

237 1409 382 1475 τερόν
404 1431 506 1474 μοι.
581 1410 847 1463 τύπτονται
871 1407 999 1478 [μὲν]
1029 1413 1124 1478 γὰρ
1155 1410 1213 1475 δὴ
1238 1411 1361 1475 μετὰ
1390 1410 1480 1474 τὴν
1504 1410 1682 1475 θυσίην
1713 1408 1895 1473 πάντες
1910 1433 1970 1476 -15

239 1493 319 1559 καὶ
371 1497 547 1554 πᾶσαι,
602 1494 830 1563 μυριάδες
887 1495 1040 1562 κάρτα
1098 1495 1285 1547 πολλαὶ
1345 1494 1633 1562 ἀνθρώπων·
1699 1493 1787 1545 τὸν
1840 1497 1894 1547 δὲ

236 1577 520 1642 τύπτονται,
556 1579 612 1630 οὔ
647 1601 731 1645 μοι
766 1580 909 1632 ὅσιόν
938 1581 1050 1633 ἐστι
1083 1578 1273 1647 λέγειν.
1342 1580 1458 1630 ὅσοι
1493 1582 1545 1631 δὲ
1584 1582 1761 1646 Καρῶν
1793 1580 1895 1631 εἶσι

238 1663 290 1713 ἐν
329 1662 562 1732 Αἰγύπτῳ
599 1662 859 1725 οἰκέοντες,
892 1664 1028 1717 οὗτοι
1064 1666 1117 1716 δὲ
1152 1663 1375 1733 τοσούτῳ
1413 1662 1486 1715 ἔτι
1522 1661 1658 1715 πλέω
1697 1667 1914 1714 ποιεῦσι»

237 1747 425 1799 τούτων
455 1748 560 1817 ὅσῳ
593 1749 756 1800 καὶτὰ
775 1745 981 1814 μέτωπα
1013 1749 1278 1801 κόπτονται
1307 1748 1600 1819 μαχαίρῃσι,
1628 1747 1707 1799 καὶ
1737 1747 1909 1816 τούτῳ-

239 1831 338 1882 εἰσὶ
369 1834 515 1896 δῆλοι
551 1833 627 1884 ὅτι
666 1833 765 1884 εἰσὶ
800 1832 954 1898 ξεῖνοι
987 1833 1066 1885 καὶ
1103 1832 1189 1885 οὐκ
1227 1833 1504 1899 Αἰγύπτιοι.
1593 1832 1660 1884 ἐς
1681 1829 1803 1883 Σάϊν
1839 1833 1893 1883 δὲ
1917 1853 1968 1881 20

237 1915 387 1967 πόλιν
411 1917 561 1969 ἐπεὰν
593 1915 948 1986 συλλεχθέωσι
972 1925 1089 1990 τῇσι
1114 1917 1335 1988 θυσίῃσι,
1362 1917 1415 1969 ἔν
1446 1937 1541 1968 τινι
1571 1916 1707 1969 νυκτὶ
1730 1915 1893 1982 λύχνα

240 2000 434 2052 καίουσι
463 2000 645 2055 πάντες
675 2003 846 2054 πολλὰ
868 2003 1101 2070 ὑπαίθρια
1123 2001 1235 2068 περὶ
1258 2002 1320 2053 τὰ
1349 2001 1551 2065 δώματα
1581 1999 1759 2069 κύκλῳ.
1832 2000 1892 2050 τὰ

237 2086 291 2136 δὲ
319 2083 484 2152 λύχνα
514 2086 624 2138 ἐστὶ
660 2086 891 2158 ἐμβάφια
927 2086 1122 2152 ἔμπλεα
1156 2085 1279 2139 ἁλὸς
1310 2086 1389 2137 καὶ
1425 2085 1611 2144 ἐλαίου,
1647 2086 1891 2156 ἐπιπρλῆς
1905 2092 2098 2158 οωήιιο

236 2170 290 2220 δὲ
320 2167 497 2221 ἔπεστι
525 2169 642 2221 αὐτὸ
677 2170 734 2222 τὸ
765 2171 1049 2239 ἐλὶῴχνιον,
1084 2171 1163 2223 καὶ
1199 2174 1343 2221 τοῦτο
1373 2169 1562 2221 καίεται
1582 2168 1886 2244 κπαννύχιον,

238 2251 316 2304 καὶ
346 2260 407 2324 τῇ
437 2253 555 2325 ὁρτῇ
585 2254 770 2319 οὕνομα
800 2260 956 2307 κεῖται
983 2253 1275 2322 λυχνοκαΐη.
1365 2254 1413 2305 οἳ
1443 2252 1484 2304 δ’
1515 2251 1671 2323 ἂνδμὴ
1702 2251 1891 2303 ἔλθωσι
1916 2274 1964 2316 25

235 2340 334 2387 τῶν
366 2338 648 2403 Αἰγυπτίων
681 2340 732 2392 ἐς
761 2337 852 2402 τὴν
881 2337 1155 2405 πανήγυριν
1185 2338 1383 2401 ταύτην,
1418 2335 1771 2404 φυλάσσοντες
1802 2334 1892 2398 τὴν

237 2419 388 2471 νύκτα
423 2424 510 2484 τῆς
547 2423 721 2486 θυσίης
760 2423 955 2474 καίουσι
994 2423 1072 2474 καὶ
1108 2422 1248 2474 αὐτοὶ
1284 2420 1465 2474 πάντες
1500 2422 1561 2472 τὰ
1597 2420 1776 2488 λύχνα,
1811 2419 1890 2470 καὶ

236 2503 360 2556 οὕτω
380 2503 466 2555 οὐκ
486 2506 540 2557 ἐν
560 2504 654 2558 Σάῖ
674 2506 832 2578 μούνῃ
854 2508 1039 2559 καίεται
1061 2507 1195 2557 ἀλλὰ
1215 2506 1294 2557 καὶ
1313 2506 1407 2557 ἀνὰ
1431 2508 1600 2556 πᾶσαν
1619 2495 1887 2570 Αἴγυπτον.

235 2586 346 2639 ὅτευ
374 2590 428 2640 δὲ
464 2585 629 2641 εἵνεκα
658 2595 767 2658 φῶς
800 2586 955 2659 ἔλαχε
994 2591 1072 2642 καὶ
1109 2589 1254 2655 τιμὴν
1285 2590 1313 2654 ἡ
1346 2587 1439 2653 νὺξ
1471 2590 1607 2653 αὕτη,
1641 2587 1751 2639 ἔστι
1787 2585 1890 2653 ἱρὸς

288 2739 314 2776 3
353 2728 622 2780 ε’ὙΧΡῖψαντ-ες
652 2727 733 2768 SV
924 2731 950 2768 8
988 2729 1232 2782 ποιέουσώι)
1262 2728 1398 2767 ABC
1594 2741 1621 2777 9
1660 2729 1762 2777 ἑορτ.
1795 2724 1833 2764 Α
1852 2725 1888 2764 Β

239 2793 285 2829 14
334 2782 450 2822 πόλει
491 2784 523 2821 C
546 2784 576 2822 S
599 2784 676 2835 [V]
887 2796 934 2834 15
981 2784 1056 2835 μὲν
1092 2797 1172 2825 om.
1215 2784 1249 2822 P
1271 2784 1308 2823 R
1332 2784 1362 2822 S
1383 2783 1422 2822 V
1459 2781 1670 2831 Athenag.
1711 2781 1793 2830 leg.
1837 2782 1890 2819 28

240 2837 290 2873 ¹6
331 2835 420 2886 Τὸν]
460 2842 516 2878 T&
559 2838 626 2877 R:
674 2839 722 2878 τὸ
759 2838 788 2879 ὧ
829 2840 914 2878 SV
1138 2852 1184 2888 17
1224 2838 1451 2881 ,τύπτονται
1487 2836 1636 2889 τρόπον
1673 2835 1882 2882 Athenag.

240 2891 288 2927 18
331 2890 458 2931 πλέον
493 2893 525 2930 C
663 2892 842 2934 ποιέουσι
878 2894 912 2932 Ρ
933 2894 971 2931 R
995 2893 1079 2933 SV
1113 2894 1175 2942 (it.
1213 2895 1282 2942 63,
1314 2894 1358 2942 3)
1546 2904 1595 2942 19
1636 2892 1688 2931 τὰ
1725 2903 1806 2929 om.
1832 2888 1885 2926 ¹R

235 2957 282 2981 21
318 2951 577 2996 συλλεχθῶσι
601 2946 634 2985 Ρ
648 2946 686 2985 R
703 2948 733 2987 S
747 2948 784 2986 V
887 2951 930 2989 ἐν
950 2952 1002 2997 τῆ
1023 2949 1135 2989 νυκτὶ
1159 2948 1191 2986 Ρ
1209 2947 1248 2985 R
1266 2947 1297 2987 S
1312 2947 1351 2985 V
1492 2958 1543 2995 25
1572 2944 1706 2986 κέεται
1729 2944 1762 2982 L
1786 2944 1887 2995 (καί-

235 2997 274 3037 R
292 2998 348 3051 V)
432 3002 657 3052 λυχνοκαῗα
674 3002 707 3041 Ρ
818 3004 870 3042 28
899 3006 1020 3044 τοῦτο
1044 3004 1078 3042 Β
1190 3016 1243 3053 29
1272 3003 1367 3043 ὅτου
1386 3000 1426 3041 Α
1442 3000 1476 3040 Β
1492 3002 1526 3041 C
1615 2999 1732 3040 ἕνεκα
1754 2999 1792 3037 R
1807 2998 1837 3037 S
1851 2996 1889 3036 V
