2098 3320
45 78 134 131 111.
165 80 234 143 36

0 232 64 275 μ
84 209 214 300 ’¹352

172 301 234 352 37

897 81 1317 132 ΗΡΟΔΟΤΟΎ

275 231 389 265 νους
432 210 602 276 μέντοι
642 210 756 265 τοὺς
796 210 1219 279 περιποιήσαντας
1242 209 1321 267 οὐ
1367 211 1785 281 καταπροΐξεσθαι
1823 212 1940 265 ἀλλ’

275 294 608 348 ἀποκτενέειν·
653 296 732 347 καὶ
765 296 972 361 ἐποίησε
1001 301 1166 349 ταῦτα.
1256 298 1283 348 ὁ
1317 299 1410 364 μὲν
1443 297 1502 362 δὴ
1540 302 1741 350 τοιαῦτα
1771 299 1940 350 πολλὰ

275 381 326 433 ἐς
367 378 572 446 Πέρσας
615 400 671 432 τε
717 379 796 432 καὶ
839 380 952 434 τοὺς
998 380 1289 450 συμμάχους
1332 380 1634 447 ἐξεμαίνετο,
1679 381 1843 447 μένων
1886 383 1941 434 ἐν

276 463 459 532 Μέμφι
491 464 570 516 καὶ
595 462 746 529 θήκας
774 486 829 516 τε
861 466 1079 520 παλαιᾶς
1110 466 1323 533 ἀνοίγων
1358 467 1436 519 καὶ
1468 466 1804 532 σκεπτόμενος
1819 464 1941 520 ’τοὺς

275 548 493 615 νεκρούς·
542 548 607 603 ὣς
648 551 700 601 δὲ
737 548 795 613 δὴ
835 548 914 601 καὶ
951 550 1002 604 ἐς
1038 552 1124 602 τοῦ
1152 548 1443 617 “Ηφαίστου
1472 550 1528 602 τὸ
1561 550 1665 618 ἱρὸν
1701 549 1825 615 ἦλθε
1850 551 1941 603 ,καὶ
1965 574 1987 615 5

277 634 445 684 πολλὰ
480 637 548 703 τῷ
585 631 837 700 ἀγάλματι
881 632 1206 701 κατεγέλασε·
1253 635 1364 687 ἔστι
1402 637 1499 702 γὰρ
1540 639 1626 687 τοῦ
1652 633 1942 702 “Ηφαίστου

275 717 516 784 τῶγαλμα
544 721 675 769 τοῖσι
705 718 1039 782 Φοινικηίοισι
1071 717 1373 771 Παταΐκοισι
1405 718 1796 786 ἐμφερέστατον,
1828 720 1941 773 τοὺς

276 803 323 853 οἱ
354 802 583 854 Φοίνικες
615 803 669 853 ἐν
699 808 816 874 τῇσι
847 799 1071 874 πρῴρῃσι
1102 807 1201 855 τῶν
1236 802 1473 870 τριηρέων
1504 803 1814 870 περιάγουσι.
1887 802 1941 857 ὃς

274 887 328 937 δὲ
367 883 567 938 τούτους
605 884 672 950 μὴ
713 887 900 945 ὄπωπε,
946 887 1044 952 ἐγὼ
1085 889 1139 939 δὲ
1179 886 1429 953 σημανέω·
1476 888 1724 955 πυγμαίου
1764 886 1942 954 ἀνδρὸς
2041 958 2043 960 q

272 970 481 1035 μίμησίς
511 971 638 1021 ἐστι.
727 971 916 1034 ἐσῆλθε
946 973 999 1022 δὲ
1033 970 1111 1022 καὶ
1142 972 1193 1025 ἐς
1227 976 1325 1023 τῶν
1358 972 1621 1039 Καβείρων
1651 971 1708 1023 τὸ
1739 972 1858 1038 ἱρόν,
1891 972 1942 1024 ἐς
1970 991 2018 1021 10
2070 1029 2075 1033 ,

273 1053 332 1105 τὸ
363 1054 419 1106 οὐ
451 1054 651 1119 θεμιτόν
683 1055 795 1105 ἐστι
826 1052 1017 1106 ἐσιέναι
1053 1054 1215 1108 ἄλλον
1251 1076 1310 1122 γε
1346 1051 1376 1120 ἢ
1415 1055 1502 1107 τὸν
1539 1054 1660 1122 ἱρέα·
1706 1060 1858 1108 ταῦτα
1886 1057 1941 1107 δὲ

273 1139 335 1188 τὰ
373 1136 641 1204 ἀγάλματα
684 1138 762 1189 καὶ
803 1137 1048 1204 ἐνέπρησε
1089 1141 1257 1191 πολλὰ
1301 1140 1652 1207 κατασκώψας.
1739 1139 1850 1191 ἔστι
1887 1142 1942 1193 δὲ

274 1221 353 1273 καὶ
398 1226 549 1274 ταῦτα
591 1223 739 1287 ὅμοια
781 1227 916 1274 τοῖσι
958 1227 1047 1273 τοῦ
1090 1221 1396 1290 Ἡφαίστου·
1459 1224 1635 1276 τούτου
1678 1223 1732 1275 δέ
1777 1228 1942 1290 σφεας

274 1309 453 1359 παῖδας
483 1305 695 1373 λέγουσι
726 1306 867 1358 εἶναι.
943 1314 1174 1380 πανταχῇ
1195 1305 1265 1359 ὧν
1286 1329 1370 1373 μοι
1402 1307 1529 1373 δῆλά
1553 1309 1663 1359 ἐστι
1685 1308 1761 1359 ὅτι
1785 1306 1938 1373 ἐμάνη

272 1388 506 1457 μεγάλως
542 1391 569 1441 ὁ
607 1390 905 1456 Καμβύσης·
952 1391 1009 1443 οὐ
1047 1392 1143 1459 γὰρ
1183 1388 1244 1443 ἂν
1286 1392 1442 1458 ἱροῖσί
1477 1413 1532 1444 τε
1572 1392 1651 1443 καὶ
1691 1392 1941 1457 νομαίοισι
1967 1409 2015 1452 ¹5

274 1467 573 1542 ἐπεχείρησε
598 1478 894 1541 καταγελᾶν.
969 1475 1012 1527 εἰ
1041 1474 1135 1543 γάρ
1158 1496 1232 1529 τις
1254 1476 1460 1542 προθείη
1485 1479 1612 1528 πᾶσι
1635 1475 1941 1542 ἀνθρώποισι

274 1557 578 1623 ἐκλέξασθαι
609 1559 826 1611 κελεύων
857 1559 1036 1624 νόμους
1058 1559 1172 1613 τοὺς
1197 1560 1503 1614 καλλίστους
1534 1560 1588 1612 ἐκ
1618 1564 1717 1611 τῶν
1740 1557 1940 1612 πάντων

215 1652 219 1657 ἃ
273 1643 453 1708 νόμων,
503 1642 900 1710 διασκεψάμενοι
945 1641 1007 1695 ἂν
1055 1645 1255 1696 ἑλοίατο
1308 1643 1510 1696 ἔκαστοι
1562 1644 1677 1698 τοὺς
1729 1646 1936 1696 ἑωυτῶν·

274 1728 404 1779 οὕτω
434 1728 691 1792 νομίζουσι
726 1728 919 1780 πολλόν
954 1748 1001 1779 τι
1039 1728 1341 1783 καλλίστους
1375 1727 1487 1782 τοὺς
1528 1731 1722 1780 ἑωυτῶν
1761 1728 1941 1793 νόμους

274 1811 478 1863 ἕκαστοι
509 1811 650 1863 εἶναι.
740 1811 826 1862 οὐκ
863 1808 932 1863 ὧν
967 1813 1101 1865 οἶκός
1142 1813 1252 1864 ἐστι
1287 1811 1447 1865 ἄλλον
1486 1833 1546 1880 γε
1575 1808 1605 1877 ἢ
1641 1812 1940 1878 μαινόμενον
1967 1829 2017 1857 20

273 1895 428 1962 ἄνδρα
455 1894 655 1962 γέλωτα
684 1897 745 1947 τὰ
775 1900 978 1948 τοιαῦτα
1006 1898 1248 1948 τίθεσθαι.
1325 1896 1391 1951 ὡς
1419 1899 1474 1949 δὲ
1503 1897 1627 1948 οὕτω
1652 1896 1942 1962 νενομίκασι

273 1981 336 2030 τὰ
373 1979 484 2046 περὶ
524 1979 637 2033 τοὺς
672 1979 854 2044 νόμους
890 1982 937 2032 οἱ
973 1978 1156 2034 πάντες
1192 1979 1457 2047 ἄνθρωποι,
1491 1981 1734 2033 πολλοῖσί
1769 2000 1822 2032 τε
1860 1979 1940 2031 καὶ

274 2062 480 2115 ἄλλοισι
520 2064 831 2130 τεκμηρίοισι
867 2062 1080 2131 πάρεστι
1122 2065 1537 2130 σταθμώσασθαι,
1571 2065 1626 2117 ἐν
1665 2066 1719 2116 δὲ
1760 2063 1817 2128 δὴ
1860 2064 1940 2115 καὶ

274 2151 414 2217 τῷδε·
481 2152 693 2214 Δαρεῖος
739 2148 821 2200 ἐπὶ
864 2151 952 2213 τῆς
997 2150 1178 2201 ἑωυτοῦ
1221 2149 1377 2217 ἀρχῆς
1419 2147 1636 2202 καλέσας
1674 2145 1940 2212 Ἑλλήνων

273 2231 386 2285 τοὺς
417 2232 692 2298 παρεόντας
723 2233 880 2297 εἵρετο
912 2231 993 2284 ἐπὶ
1024 2233 1158 2303 κόσῳ
1190 2231 1252 2285 ἂν
1281 2231 1498 2302 χρήματι
1524 2233 1797 2298 βουλοίατο
1825 2231 1940 2293 τοὺς
1967 2246 2013 2286 ²5

333 2381 350 2408 1
382 2367 553 2419 -ἰζεσθαι
577 2368 615 2407 R
630 2368 712 2408 SV
840 2381 865 2418 3
896 2373 1010 2421 ξυμμ.
1034 2369 1067 2408 Ρ
1082 2370 1121 2409 R
1136 2369 1217 2410 SV
1345 2382 1371 2418 4
1401 2369 1649 2419 σκεπόμενος
1669 2370 1702 2408 C
1833 2382 1858 2418 5
1888 2370 1938 2411 ὣς

274 2424 505 2464 Schaefer:
551 2425 602 2465 ὡς
641 2422 854 2462 ABCP:
900 2427 940 2465 ἐς
979 2423 1115 2463 RSV
1333 2426 1374 2467 ἐς
1404 2437 1487 2464 om.
1525 2424 1665 2464 RSV
1801 2425 1934 2467 τὸ...

273 2478 499 2531 Ἡφαίστου
521 2477 587 2530 (6)
611 2491 691 2518 om.
720 2477 760 2516 R
968 2490 989 2527 7
1020 2479 1069 2519 τὸ
1100 2480 1266 2531 ἄγαλμα
1296 2477 1386 2518 RV
1585 2481 1843 2520 Φοινικικοῖσι
1871 2478 1939 2517 R:

273 2536 490 2574 Φοινικοΐσι
514 2532 544 2572 S
559 2532 599 2572 V
630 2547 635 2550 ·
762 2533 788 2570 8
818 2533 855 2573 οἵ
876 2545 956 2572 om.
984 2531 1082 2572 PV¹
1195 2533 1376 2587 πρώτῃσι
1397 2532 1435 2572 Α
1451 2533 1533 2573 BC
1548 2533 1582 2571 P
1744 2546 1772 2583 9
1801 2531 1937 2573 ὄπωπε

274 2587 504 2626 Schaefer:
537 2587 756 2638 ὀπώπεεζν)
780 2587 813 2625 L
834 2589 923 2637 (ἆπ-
947 2587 1050 2640 SV)
1163 2589 1243 2640 ἐγὼ
1263 2587 1328 2640 δὲ]
1351 2587 1482 2641 &Uspe
1503 2589 1544 2627 A
1558 2588 1593 2626 B
1608 2588 1641 2627 C
1753 2586 1937 2639 πυγμαίω

275 2642 315 2681 R
330 2641 360 2682 S
375 2642 411 2680 V
570 2655 620 2681 10
649 2641 694 2683 δὲ
714 2655 794 2681 om.
822 2642 860 2680 R
876 2641 906 2681 S
922 2642 957 2680 V
1071 2643 1254 2694 Καβίρων
1272 2642 1312 2681 Α
1325 2642 1360 2682 Β
1379 2656 1390 2682 :
1420 2642 1613 2697 Καβύρων
1633 2642 1666 2681 C
1796 2643 1868 2694 ἷερ.
1896 2640 1935 2678 R

274 2696 339 2746 (it.
369 2695 438 2748 11)
590 2710 632 2735 11
667 2695 833 2738 εἰσιέναι
856 2696 947 2735 RV
1094 2709 1142 2735 12
1171 2695 1236 2747 δὲ]
1256 2697 1336 2750 γὰρ
1357 2696 1492 2737 RSV
1646 2709 1695 2746 13
1724 2699 1832 2737 τοῖσι
1851 2708 1932 2735 om.

272 2751 312 2789 A
327 2751 362 2789 B
375 2751 409 2790 C
525 2763 573 2800 14
602 2755 744 2793 παῖδας
764 2764 846 2790 om.
870 2751 910 2790 R
1003 2753 1200 2804 πολλαχῆ
1223 2751 1314 2790 RV
1327 2751 1359 2791 S
1382 2752 1517 2805 (7408)
1633 2763 1681 2800 15
1711 2751 1937 2802 νομίμοισιν

277 2804 317 2843 R
333 2804 364 2843 S
377 2805 415 2842 V
530 2807 581 2844 16
610 2806 803 2859 προσθείη
824 2804 865 2843 Α
880 2805 914 2843 Β
930 2805 963 2844 C
981 2805 1011 2846 S
1127 2818 1177 2855 19
1205 2805 1310 2847 πολύ
1331 2806 1365 2844 L
1477 2808 1630 2847 ἑαυτῶν
1647 2806 1713 2844 V:
1743 2807 1874 2845 αὐτῶν
1895 2804 1933 2842 R

273 2873 328 2898 20
358 2858 462 2900 εἰκός
485 2858 515 2898 S
529 2858 568 2898 V
678 2861 808 2901 ἄλλον
828 2859 860 2900 S
881 2859 1001 2910 Orig.
1023 2866 1171 2901 contra
1192 2860 1304 2900 Cels.
1324 2874 1361 2901 v.
1378 2873 1455 2910 34:
1487 2862 1592 2902 ἄλλο
1613 2860 1700 2900 rell.
1815 2858 1862 2910 ἢ]
1885 2860 1934 2906 δὴ

275 2913 413 2953 RSV
577 2927 625 2952 21
667 2915 721 2956 τὰ
748 2927 833 2954 om.
865 2913 1004 2954 ABC
1215 2928 1265 2954 22
1307 2917 1342 2956 οἱ
1373 2915 1506 2955 RSV
1537 2915 1688 2966 Orig.:
1727 2927 1806 2954 om.
1841 2913 1931 2953 rell.

271 2985 318 3008 τε
340 2981 419 3007 om.
447 2967 566 3019 Orig.
586 2982 595 3009 z
626 2967 701 3019 μὲν
723 2968 894 3008 Bekker
