2098 3320
96 1103 143 1131 10

28 1948 143 1976 ‘20

762 188 1139 237 ΙΣΤΟΡΙΩΝ
1202 188 1244 237 Α
1335 154 1342 161 ’
1872 193 1910 241 1.
1933 206 2041 263 95*

166 318 493 374 ἀπίστασθαΐ·
542 318 627 372 καί
664 339 758 374 κως
797 318 933 372 οὗτοι
977 319 1090 388 περὶ
1136 321 1225 386 τῆς
1276 319 1559 388 ἐλευθερίης
1604 319 1831 390 μαχεσά-

165 425 306 471 μενοι
339 408 474 457 τοῖσι
512 402 833 472 Ἀσσυρίοισι
876 402 1109 472 ἐγένοντο
1148 403 1324 473 ἄνδρες
1365 404 1544 472 ἀγαθοὶ
1576 405 1663 458 ,καὶ
1703 405 1834 457 ἀπω·

166 487 376 555 σάμενοι
405 487 496 554 τὴν
527 488 842 555 δουλοσύνην
878 489 1304 557 ἐλευθερώθησαν.
1368 490 1494 555 μετὰ
1536 491 1589 542 δὲ
1630 489 1833 544 τούτους

167 575 246 626 καὶ
276 575 336 626 τὰ
359 573 494 626 ἄλλα
523 573 670 626 ἔθνεα
699 574 864 626 ἐποίεε
894 573 1049 626 τώυτὸ
1090 578 1224 626 τοῖσι
1261 572 1502 639 Μήδοισι.
1565 575 1747 626 ἐόντων
1779 577 1831 627 δὲ
1872 578 1946 637 96

165 654 450 724 αὐτονόμων
473 657 671 711 πάντων
703 659 797 710 ἀνὰ
826 657 916 723 τὴν
946 658 1150 726 ἤπειρον
1180 660 1275 711 ὧδε
1306 659 1442 713 αὖτις
1468 660 1518 713 ἐς
1541 661 1832 726 τυραννίδας

165 746 450 810 περιῆλθον.
502 742 624 810 ἀνὴρ
649 744 703 795 ἐν
726 747 861 794 τοῖσι
887 741 1110 808 Μήδοισι
1135 743 1335 810 ἐγένετο
1361 743 1523 810 σοφὸς
1553 748 1620 812 τῷ
1645 744 1831 808 οὕνομα

165 825 225 891 ἦν
246 827 478 892 Δηιόκης,
507 831 622 880 παῖς
645 829 698 880 δὲ
723 826 783 892 ἧν
807 829 1091 895 Φραόρτεω.
1143 828 1286 881 οὗτος
1307 829 1332 878 ὁ
1358 828 1577 892 Δηιόκης
1603 828 1830 893 ἐρασθεὶς
1869 850 1895 882 2

163 913 450 978 τυραννίδος
491 911 654 964 ἐποίεε
692 910 874 964 τοιάδε·
929 911 1294 978 κατοικημένων
1334 917 1432 964 τῶν
1476 910 1665 976 Μήδων
1707 914 1830 963 κατὰ

167 995 346 1061 κώμας,
370 998 423 1047 ἐν
454 1003 514 1069 τῇ
539 998 721 1048 ἑωυτοῦ
744 998 840 1048 ἐὼν
864 996 943 1047 καὶ
973 996 1213 1064 πρότερον
1236 996 1437 1062 δόκιμος
1462 996 1540 1048 καὶ
1563 997 1760 1061 μᾶλλόν
1783 1015 1831 1048 τι
1940 1066 1949 1074 ἡ

167 1081 246 1132 καὶ
277 1081 643 1148 προθυμότερον
674 1081 995 1145 δικαιοσύνην
1027 1080 1317 1149 ἐπιθέμενος
1348 1079 1517 1145 ἤσκεε·
1569 1080 1647 1132 καὶ
1677 1062 2098 1175 rafirassm

164 1163 336 1230 μέντοι
381 1165 562 1229 ἐούσης
609 1165 815 1230 ἀνομίης
862 1169 1058 1230 πολλῆς
1105 1167 1201 1218 ἀνὰ
1248 1167 1418 1238 πᾶσαν
1463 1164 1553 1229 τὴν
1600 1164 1830 1229 Μηδικὴν
1851 1171 2025 1224 June-u
2050 1204 2057 1211 -

166 1250 344 1308 ἐποίεε,
378 1247 709 1315 ἐπιστάμενος
738 1251 817 1301 ὅτι
846 1255 914 1319 τῷ
945 1251 1116 1319 δικαίῳ
1147 1249 1203 1301 τὸ
1227 1249 1395 1302 ἄδικον
1427 1248 1668 1314 πολέμιόν
1699 1250 1826 1301 ἐστι.

165 1335 211 1386 ὁὶ
242 1333 283 1385 δ’
309 1335 361 1384 ἐκ
391 1337 478 1399 τῆς
500 1333 649 1398 αὐτῆς
681 1334 845 1400 κώμης
877 1337 1044 1398 Μῆδοι
1074 1335 1284 1400 ὁρῶντες
1303 1334 1451 1386 αὐτοῦ
1474 1333 1588 1387 τοὺς
1618 1333 1827 1401 τρόπους

164 1416 404 1482 δικαστήν
427 1439 511 1483 μιν
535 1420 730 1470 ἑωυτῶν
749 1417 987 1486 αἱρέοντο.
1038 1419 1064 1469 ὁ
1093 1421 1147 1470 δὲ
1166 1417 1243 1483 δή,
1267 1419 1347 1470 οῗα
1369 1418 1624 1484 μνώμενος
1647 1416 1823 1486 ἀρχήν,

167 1504 271 1558 ἰθύς
299 1524 354 1555 τε
385 1503 464 1554 καὶ
500 1501 687 1556 δίκαιος
718 1501 794 1566 ἦν.
883 1502 1066 1555 ποιέων
1096 1525 1150 1555 τε
1180 1508 1334 1555 ταῦτα
1365 1495 1569 1554 ἔπᾶινον
1601 1501 1708 1570 εἶχε
1738 1502 1824 1553 οὐκ
1863 1525 1887 1567 3

165 1587 340 1654 ὀλίγον
369 1586 490 1653 πρὸς
519 1592 618 1638 τῶν
649 1585 945 1652 πολιητέων,
974 1587 1100 1639 οὕτω
1125 1588 1258 1639 ὥστε
1291 1587 1652 1651 πυνθανόμενοι
1683 1588 1729 1637 οἱ
1771 1588 1825 1638 ἐν

163 1672 278 1743 τῇσι
312 1671 505 1743 ἄλλῃσι
536 1671 730 1743 κώμῃσι
762 1672 827 1725 ὡς
866 1672 1084 1736 Δηιόκης
1122 1673 1196 1736 εἵη
1239 1670 1363 1738 ἀνὴρ
1403 1675 1585 1736 μοῦνος
1617 1671 1737 1722 κατὰ
1769 1670 1826 1722 τὸ
1893 1737 1906 1742 ς

164 1757 311 1822 ὀρθὸν
351 1755 576 1820 δικάζων,
616 1756 857 1823 πρότερον
899 1757 1278 1829 περιπίπτοντες
1321 1757 1538 1808 ἀδίκοισι
1577 1737 2098 1827 γνώμῃσιᾶωθῂῗῗ

164 1840 293 1899 τότε,
327 1841 491 1892 ἐπείτε
534 1839 768 1905 ἤκουσαν,
803 1839 1014 1906 ἄσμενοι
1055 1842 1272 1908 ἐφοίτων
1311 1842 1444 1907 παρὰ
1483 1838 1570 1892 τὸν
1610 1840 1828 1904 Δηιόκεα

167 1925 246 1976 καὶ
277 1924 417 1977 αὐτοὶ
448 1926 781 1990 δικασόμενοι,
815 1924 961 1978 τέλος
1003 1927 1056 1977 δὲ
1100 1924 1263 1976 οὐδενὶ
1299 1923 1440 1994 ἄλλῳ
1474 1922 1826 1990 ἐπετράποντο.

165 2013 377 2063 πλεῦνος
401 2012 454 2062 δὲ
483 2010 578 2061 αἰεὶ
618 2008 882 2076 γινομένου
919 2014 1006 2061 τοῦ
1042 2007 1429 2076 ἐπιφοιτέοντος,
1468 2009 1548 2059 οῗα
1587 2011 1826 2060 πυνθανο-
1866 2013 1935 2064 97

164 2091 326 2158 μένων
355 2094 443 2146 τὰς
473 2093 611 2147 δίκας
642 2094 938 2159 ἀποβαίνειν
972 2094 1094 2145 κατὰ
1130 2093 1186 2145 τὸ
1226 2094 1323 2152 ἐόν,
1357 2092 1504 2160 γνοὺς
1549 2093 1575 2142 ὁ
1609 2092 1827 2156 Δηιόκης

167 2179 218 2231 ἐς
248 2177 430 2230 ἑωυτὸν
454 2181 554 2230 πᾶν
585 2178 907 2244 ἀνακείμενον
938 2179 1051 2230 οὔτε
1076 2178 1288 2241 κατίζειν
1309 2177 1381 2228 ἔτι
1410 2176 1561 2242 ἤθελε
1586 2176 1704 2228 ἔνθα
1734 2197 1826 2243 περ

164 2263 405 2329 πρότερον
437 2262 742 2328 προκατίζων
773 2263 980 2327 ἐδίκαζε,
1017 2262 1117 2315 οὔτ’
1152 2262 1251 2330 ἔφη
1284 2265 1423 2313 δικᾶν
1449 2261 1536 2313 ἔτι·
1584 2260 1640 2312 οὗ
1662 2259 1757 2328 γάρ
1780 2263 1827 2312 οἱ
1842 2263 2098 2325 sura-qv·-

165 2346 478 2399 λυσιτελέειν
497 2352 594 2399 τῶν
625 2349 806 2399 ἑωυτοῦ
837 2346 1176 2413 ἐξημεληκότα
1205 2350 1341 2398 τοῖσι
1364 2345 1522 2398 πέλας
1552 2345 1614 2396 δι’
1644 2343 1828 2412 ἡμέρης

166 2430 394 2495 δικάζειν.
456 2432 637 2496 ἐούσης
661 2429 728 2484 ὧν
751 2434 977 2499 ἁρπαγῆς
1003 2431 1081 2483 καὶ
1105 2431 1311 2497 ἀνομίης
1336 2431 1410 2483 ἔτι
1433 2435 1607 2499 πολλῷ
1630 2433 1829 2495 μᾶλλον
1865 2450 1889 2480 2

166 2516 261 2567 ἀνὰ
289 2518 377 2571 τὰς
409 2516 571 2582 κώμας
607 2512 636 2580 ἢ
668 2517 907 2583 πρότερον
947 2515 1023 2580 ἣν,
1058 2514 1443 2584 συνελέχθησαν
1479 2516 1526 2566 οἱ
1569 2516 1736 2578 Μῆδοι
1778 2514 1830 2566 ἐς

166 2599 320 2652 τώυτὸ
351 2600 430 2652 καὶ
461 2601 694 2653 ἐδίδοσαν
731 2602 887 2667 σφίσι
916 2602 1088 2668 λόγον,
1125 2599 1361 2667 λέγοντες
1396 2599 1508 2667 περὶ
1550 2602 1648 2650 τῶν
1686 2618 1829 2661 κατη·
1854 2593 2098 2689 Uia-⁹55⁹]

1612 2660 1724 2672 Ψ

166 2685 352 2737 κόντων
388 2683 472 2750 (ὡς
502 2684 544 2737 δ’
574 2685 673 2752 ἐγὼ
703 2683 876 2744 δοκέω,
907 2683 1134 2751 μάλιστα
1169 2685 1348 2752 ἔλεγον
1391 2686 1436 2735 οἱ
1475 2688 1564 2734 τοῦ
1605 2682 1829 2746 Δηιόκεω

220 2835 244 2873 5
273 2823 484 2876 τυραννίδα
509 2823 631 2862 Stein
833 2823 860 2861 6
891 2824 935 2863 ἐν
955 2835 1037 2862 om.
1061 2822 1099 2861 A
1115 2823 1150 2861 B
1166 2823 1199 2861 C
1215 2822 1248 2860 P
1398 2820 1564 2873 ἐγένετο
1585 2834 1666 2859 om.
1692 2819 1729 2857 R
1748 2819 1778 2858 S
1792 2819 1831 2857 V

170 2890 189 2927 7
223 2879 400 2930 ἐρασθεὶς
416 2908 425 2917 .
446 2910 454 2918 .
470 2907 480 2917 .
497 2879 650 2929 μηδένα
675 2877 728 2929 (c,
752 2890 819 2928 99,
843 2877 912 2929 5)]
941 2878 1006 2918 διὰ
1032 2877 1088 2918 ὧν
1113 2878 1191 2925 τὴν
1219 2879 1366 2916 ἑωυτοῦ
1396 2875 1583 2926 εὐνομίην
1613 2874 1830 2922 ἐβασίλευε

169 2934 326 2980 Μήδων.
345 2933 523 2973 ποιέουσι
544 2931 589 2973 δὲ
609 2936 739 2973 ταῦτα
758 2935 794 2972 οἱ
815 2935 963 2980 Μῆδοι·
983 2930 1262 2981 οἰκοδομέουσί
1276 2948 1322 2970 τε
1340 2931 1640 2981 οἰκοδομήματα
1653 2929 1828 2982 μεγάλα,

167 2988 232 3027 καὶ
252 2986 490 3040 δορυφόρους
511 2989 619 3028 αὐτῶ
641 2986 926 3040 ἐπιτρέπουσιν
942 2989 987 3027 ἐκ
1003 2985 1164 3027 πάντων
1183 2985 1329 3034 Μήδων
1347 2984 1646 3037 καταλέξασθαι
1667 2986 1762 3035 πρὸς
1782 2985 1831 3023 τὸ

165 3041 222 3091 μὴ
261 3040 427 3083 εἰσιέναι
466 3042 573 3094 παρὰ
610 3040 789 3090 βασιλέα
825 3039 979 3093 μηδένα
1017 3041 1269 3094 συγχωρέειν
1310 3039 1347 3077 R
1364 3039 1447 3079 SV
1593 3040 1620 3078 8
1659 3038 1756 3080 τάδε
1795 3037 1830 3078 C

171 3108 218 3145 14
247 3097 472 3148 μνεῶμενυς
494 3098 526 3136 C
547 3096 578 3136 P
748 3097 796 3136 16
825 3095 1026 3137 πολιτέων
1050 3095 1082 3134 L
1249 3107 1297 3133 21
1333 3095 1393 3135 ἀεὶ
1416 3094 1450 3133 L
