2098 3320
61 103 176 153 118
222 112 231 116 ’
891 95 1321 144 ΗΡΟΔΟΤΟΎ

265 232 359 298 γὰρ
394 228 451 292 δὴ
490 228 727 295 πρότερον
767 228 813 278 οἱ
850 223 1101 325 Μιλήσῇοιὲ
1115 229 1268 310 Δτοῖσι
1306 225 1480 277 Χίοισι
1514 224 1600 277 τὸν
1636 224 1759 293 πρὸς
1789 224 1932 294 Ἐρυ-

165 331 224 379 19
265 315 459 381 θραίους
517 312 740 377 πόλεμον
803 314 924 362 συνδ
962 291 1164 362 'bk-ahu.
1251 314 1318 379 τῷ
1377 311 1430 361 δὲ
1493 308 1777 380 δυωδεκάτῳ
1836 310 1937 364 ἔτεϊ

228 391 237 452 (
263 399 406 466 ληίου
437 394 930 465 ἐμπιπραμένουηὺπὸ
962 397 1048 459 τῆς
1080 387 1326 469 στρατιῆς)
1346 395 1644 461 συνηνείχθη
1667 415 1716 446 τι
1744 396 1943 468 τοιόνδε,

263 481 502 550 γενέσθαι
537 483 754 547 πρῆγμα·
803 479 868 533 ὡς
903 478 1041 546 ἅφθη
1074 477 1292 547 τάχιστα
1321 477 1378 530 τὸ
1415 476 1576 542 λήιον,
1609 477 1772 548 ἀνέμῳ
1808 479 1932 545 βιώ-

264 587 412 631 μενον
447 564 615 631 ἅψατο
657 568 775 629 νηοῦ
812 563 904 615 Ἀθ
940 564 1078 627 ναίης
1118 564 1383 627 ἐπίκλησιν
1421 561 1718 627 Ἀσσησίης,
1758 563 1936 630 ἁφθεὶς
1960 557 1999 630 5*

201 671 227 703 2
265 653 317 702 δὲ
356 651 380 700 ὁ
416 649 531 714 νηὸς
572 648 859 713 κατεκαύθη.
882 585 935 726 y
949 648 1028 699 καὶ
1064 645 1120 698 τὸ
1156 648 1430 713 παραυτίκα
1465 649 1557 711 μὲν
1591 647 1745 713 λόγος
1779 646 1936 702 οὐδεὶς

267 733 477 801 ἐγένετο,
504 735 628 799 μετὰ
659 735 712 785 δὲ
743 735 830 796 τῆς
854 734 1088 810 στρατρῆς
1113 729 1413 796 ἀπικομένης
1437 733 1489 784 ἐς
1519 730 1697 797 Σάρδις
1721 732 1937 796 ἐνόσησε

266 819 292 868 ὁ
315 817 606 882 Ἀλυάττης.
674 787 1004 893 μέἒῖᾠῗῷἦῗ
1000 814 1055 867 δέ
1080 818 1125 867 οἱ
1150 814 1413 882 γινομένης
1436 818 1522 879 τῆς
1547 815 1730 867 νούσου
1753 814 1937 881 πέμπει

266 904 316 955 ἐς
350 902 585 969 Δελφοὺς
617 901 937 968 θεοπρόπους,
972 901 1068 952 εἴτε
1105 899 1162 963 δὴ
1197 899 1674 965 συμβουλεύσαντός
1705 921 1803 959 τευ,
1837 901 1938 952 εἴτε

267 987 346 1037 καὶ
365 987 492 1055 αὐτῷ
514 984 651 1050 ἔδοξε
671 984 940 1052 πέμψαντα
959 983 1043 1036 τὸν
1063 983 1175 1036 θεὸν
1197 982 1482 1051 ἐπειρέσθαι
1502 984 1612 1050 περὶ
1631 986 1718 1048 τῆς
1737 984 1934 1036 νούσου.
1963 1012 2013 1042 10

203 1094 228 1138 3
266 1076 401 1122 τοῖσι
431 1072 483 1122 δὲ
505 1070 534 1134 ἡ
559 1070 720 1134 Πυθίη
747 1068 1093 1134 ἀπικομένοισι
1110 1047 1169 1137 (ἐς
1194 1065 1441 1136 Δελφοὺςῆ
1463 1068 1547 1119 οὐκ
1578 1068 1675 1135 ἔφη
1707 1066 1932 1136 χρήσειν,
1983 1102 1987 1107 -

268 1154 381 1221 πρὶν
411 1149 441 1218 ἢ
472 1153 557 1205 τὸν
587 1153 706 1219 νηὸν
736 1156 824 1218 τῆς
854 1153 1120 1218 Ἀθηναίης
1160 1140 1502 1219 ἀνορθώσωσι,
1536 1151 1623 1204 τὸν
1653 1151 1936 1220 ἐνέπρησαν

156 1253 227 1290 20
267 1238 431 1306 χώρης
461 1241 547 1302 τῆς
579 1238 837 1306 Μιλησίης
868 1239 921 1289 ἐν
945 1237 1206 1306 Ἀσσησῷ.
1288 1241 1509 1303 Δελφῶν
1538 1236 1647 1288 οἶδα
1679 1237 1778 1304 ἐγὼ
1807 1236 1934 1288 οὕτω

269 1322 485 1375 ἀκούσας
520 1321 772 1401 γφέσθαι·
820 1319 1069 1385 Μιλήσιοι
1107 1324 1160 1373 δὲ
1195 1319 1255 1371 τά
1449 1324 1666 1372 στιθεῖσι
1697 1320 1932 1379 τούτοισι,
1951 1312 2098 1374 «λά.

270 1407 576 1478 Περίανδρον
605 1405 691 1457 τὸν
716 1404 955 1473 Κυψέλου
978 1395 1330 1481 ἐόνταῖρρασυ
1374 1404 1431 1455 ο’
1478 1457 1490 1474 ⁴
1528 1409 1594 1474 τῷ
1629 1405 1740 1456 τότε
1765 1402 1932 1469 Μιλή-
1966 1431 2012 1472 15

258 1474 1102 1559 moſsavveffbvrfflfffl'ff''rez
1136 1488 1373 1554 μάλιστα,
1410 1490 1689 1554 πυθόμενον
1717 1488 1774 1540 τὸ
1809 1510 1932 1556 χρη·
1966 1516 1974 1521 ’

266 1572 474 1640 »στήριον
524 1574 579 1625 τὸ
629 1565 696 1644 τῷ
749 1572 998 1644 Ἀλυάττῃ
1049 1573 1334 1639 γενόμενον,
1392 1571 1662 1640 πέμψαντα
1717 1571 1936 1639 ἄγγελον

272 1663 534 1717 κατειπεῖν,
569 1659 693 1711 ὅκως
730 1657 790 1709 ἄν
819 1679 866 1709 τι
896 1644 1155 1725 προειδὼῆ(
1169 1657 1290 1724 πρὸς
1319 1657 1375 1709 τὸ
1405 1640 1592 1734 παρεὸῇ
1619 1657 1936 1722 βουλεύηται.

178 1756 233 1791 21
273 1740 520 1806 Μιλήσιοι
542 1741 632 1807 μέν
655 1763 742 1794 νυν
766 1742 890 1793 οὕτω
921 1740 1130 1808 λέγουσι
1159 1740 1441 1808 γενέσθαι.»”
1479 1732 1756 1806 Ἀλυάττης
1779 1740 1847 1800 δέ,
1871 1741 1937 1794 ὥς

271 1828 316 1877 οἱ
336 1830 488 1877 ταῦτα
508 1824 801 1892 ἐξαγγέλθη,
823 1826 996 1877 αὐτίκα
1014 1826 1203 1890 ἔπεμπε
1227 1824 1408 1893 κήρυκα
1427 1827 1477 1878 ἐς
1498 1825 1727 1890 Μίλητον
1750 1825 1934 1891 βουλό·
1967 1852 2017 1881 20

271 1931 417 1974 μενος
453 1912 674 1963 σπονδὰς
704 1908 1011 1973 ποιήσασθαι
1043 1910 1395 1979 Θρασυβούλῳ
1431 1931 1484 1961 τε
1523 1910 1601 1961 καὶ
1634 1911 1938 1974 Μιλησίοισι

272 1994 455 2061 χρόνον
485 1995 608 2045 ὅσον
640 1992 700 2045 ἂν
729 1998 814 2045 τὸν
844 1993 963 2058 νηὸν
986 1996 1234 2066 οἰκοδομῇ.
1307 1995 1333 2044 ὁ
1362 1996 1454 2059 μὲν
1485 1993 1543 2058 δὴ
1569 1994 1854 2056 ἀπόστολος
1887 1995 1938 2046 ἐς

272 2077 362 2140 τὴν
400 2078 628 2141 Μίλητον
663 2077 755 2141 ἤϊε,
790 2078 1160 2143 Θρασύβουλος
1196 2081 1250 2130 δὲ
1286 2077 1489 2145 σαφέως
1526 2076 1939 2145 προπεπυσμένος

275 2160 433 2212 πάντα
488 2162 642 2227 λόγον
693 2161 773 2212 καὶ
826 2162 965 2214 εἰδὼς
1015 2163 1077 2212 τὰ
1127 2160 1401 2226 Ἀλυάττης
1459 2161 1640 2227 μέλλοι
1690 2160 1936 2226 ποιήσειν,
2034 2228 2037 2230 q

212 2267 237 2298 2
273 2248 554 2311 μηχανᾶται
592 2244 770 2296 τοιάδε·
818 2245 939 2298 ὅσος
979 2244 1038 2309 ἧν
1079 2247 1133 2297 ἐν
1170 2251 1237 2315 τῷ
1279 2244 1424 2297 ἄστεϊ
1464 2250 1602 2299 σῖτος
1644 2246 1722 2297 καὶ
1759 2249 1941 2298 ἑωυτοῦ
1966 2270 2014 2311 25

276 2327 355 2378 καὶ
407 2329 661 2387 ἰδιωτικός,
711 2332 885 2380 τοῦτον
937 2327 1099 2381 πάντα
1151 2331 1461 2395 συγκομίσας
1515 2331 1566 2383 ἐς
1614 2329 1704 2393 τὴν
1756 2328 1940 2396 ἀγορὴν

275 2416 480 2477 προεῖπε
525 2413 842 2476 Μιλησίοισι,
887 2414 1037 2464 ἐπεὰν
1081 2412 1226 2466 αὐτὸς
1273 2411 1488 2484 σημήνῃ,
1531 2414 1644 2465 τότε
1688 2413 1846 2465 πίνειν
1886 2434 1940 2464 τε

335 2561 351 2586 1
386 2551 411 2596 ὁγ
429 2548 467 2586 R
662 2563 687 2603 72
718 2549 1000 2600 συνδιήνειμαν
1021 2549 1051 2588 S
1065 2550 1103 2588 V
1280 2563 1305 2600 3
1336 2549 1564 2603 συνηνέχθη
1585 2551 1643 2591 C:
1676 2552 1860 2604 συνήχθη
1881 2551 1912 2590 S
1931 2564 1942 2590 ι

278 2603 470 2654 συνείχθη
507 2603 547 2641 V
751 2616 775 2653 5
824 2604 939 2655 ἀφεὶς
979 2603 1031 2643 Cl
1234 2607 1260 2643 6
1309 2607 1403 2647 νεὼς
1442 2606 1476 2644 C
1616 2605 1742 2657 λόγος
1778 2604 1854 2656 μὲν
1892 2605 1942 2644 Ρι

277 2658 303 2694 8
332 2657 553 2709 ’γενομένης
578 2658 616 2696 R
634 2658 662 2697 S
677 2659 714 2696 V
727 2659 752 2697 b
886 2659 1007 2699 νόσου
1028 2658 1062 2697 C
1080 2659 1112 2698 P
1128 2659 1166 2697 R
1365 2673 1414 2699 10
1443 2659 1644 2712 πέμψαντι
1666 2661 1706 2699 R
1721 2660 1751 2699 S
1764 2660 1802 2699 V
1814 2661 1839 2699 b
1863 2659 1937 2712 [C]

281 2710 401 2751 νόσου
420 2712 453 2750 C
471 2712 503 2750 P
519 2712 556 2750 R
571 2713 608 2750 V
808 2726 854 2751 12
885 2715 1154 2766 ἆνορθώσουσι
1177 2715 1215 2752 R
1232 2714 1261 2754 S
1275 2714 1312 2752 V
1325 2714 1351 2753 b
1538 2727 1586 2763 13
1616 2718 1690 2763 τῆς
1709 2717 1784 2763 τῆς
1806 2715 1845 2754 R
1860 2715 1891 2755 S
1903 2714 1942 2752 V

285 2777 333 2815 15
362 2767 435 2806 τὸν
453 2770 526 2807 τοῦ
551 2767 580 2806 S
595 2767 647 2805 V¹
791 2768 1005 2819 Κυψέλλου
1027 2768 1056 2806 S
1072 2768 1109 2805 V
1123 2769 1148 2807 b
1371 2769 1420 2807 18
1450 2770 1632 2810 ἀπειπεῖν
1651 2769 1686 2808 C
1817 2770 1943 2822 παρὸν

283 2819 321 2857 R
339 2819 369 2858 S
383 2820 421 2858 V
434 2821 459 2858 b
590 2821 791 2870 βούληται
813 2823 851 2860 V
865 2821 913 2862 Sl
1123 2835 1176 2862 20
1207 2823 1434 2876 ἐξηγγέλθη
1457 2823 1497 2862 R
1512 2824 1543 2863 S
1556 2824 1594 2862 V
1606 2823 1632 2861 b
1771 2823 1942 2877 κήρυκας

283 2873 322 2911 R
338 2874 368 2913 S
382 2875 456 2913 Vb
568 2875 817 2927 βουλόμενον
838 2876 869 2916 S
882 2876 919 2914 V
1094 2890 1146 2926 23
1175 2879 1237 2926 ἤϊε
1257 2877 1525 2917 Valckenaer
1542 2891 1550 2916 :
1581 2877 1631 2926 ἣν
1654 2878 1686 2916 L
1796 2894 1941 2931 προπε-

282 2944 398 2979 πευμ.
444 2928 500 2967 R¹
520 2942 528 2966 :
575 2945 849 2982 προπεπευσμ.
894 2931 952 2970 R²
973 2931 1003 2970 S
1023 2931 1062 2969 V
1289 2945 1341 2981 24
1389 2932 1506 2981 μέλοι
1546 2932 1602 2972 Rl
1622 2945 1632 2970 z
1678 2931 1824 2984 μέλλει
1864 2931 1898 2970 Ρ
1916 2931 1942 2970 b

284 2993 336 3032 25
365 2982 520 3024 τοιόνδε
544 2983 582 3022 R
598 2984 628 3024 S
643 2984 678 3023 V
692 2985 717 3024 b
884 2987 937 3024 26
966 2985 1124 3028 ἅπαντα
1146 2989 1386 3039 συναγαγὼν
1409 2987 1448 3026 R
1464 2987 1494 3026 S
1507 2987 1543 3025 V
1556 2987 1583 3025 b
1902 2996 1906 2999 ”
1921 2987 1924 2990 ’

755 3056 835 3107 ’Τῖ
867 3052 1057 3107 >doto-(1
1085 3047 1317 3110 <⁶1³be
1346 3050 1398 3107 (ά

785 3124 1188 3210 ἑμπῖγαηῖνψῑ
1240 3123 1333 3167 ἴε»
1356 3122 1427 3168 ΑΙ(
