2098 3320
777 118 1154 188 ΙΣΤΟΡΙΩΝ
1230 142 1267 188 Γ
1889 146 1987 196 ΠΙ.
2017 161 2098 208 119

188 270 479 337 ὑπεκρίνετο
517 268 652 322 τάδε·
708 270 770 322 Εἰ
810 272 902 335 μὲν
944 268 1003 334 δή
1043 291 1128 336 μοι
1167 274 1298 323 διδοῖ
1330 273 1579 338 βασιλεὺς
1619 273 1730 327 ἐνὸς
1767 274 1859 338 τὴν

187 352 379 423 ψυχήν,
423 352 647 420 αἱρέομαι
687 355 742 406 ἐκ
783 352 983 406 πάντων
1024 354 1111 406 τὸν
1152 357 1418 423 ἀδελφεόν.
1493 358 1769 422 πυθόμενος
1808 360 1860 410 δὲ
1897 380 1918 427 5

192 443 404 506 Δαρεῖος
447 442 601 490 ταῦτα
647 438 726 491 καὶ
771 437 1008 504 θωμάσας
1052 438 1139 491 τὸν
1183 440 1339 507 λόγον
1384 439 1590 508 πέμψας
1633 441 1858 509 ἠγόρευε·

181 522 255 574 ”Ὠ
303 523 463 590 γύναι,
505 524 683 593 εἰρωτᾷ
723 544 784 575 σε
827 522 1076 588 βασιλεὺς
1125 524 1238 576 τίνα
1288 524 1480 593 ἔχουσα
1523 526 1729 592 γνώμην
1772 525 1860 578 τὸν

141 629 163 671 5
188 606 343 675 ἄνδρα
377 628 431 659 τε
469 608 547 659 καὶ
584 607 645 658 τὰ
682 605 829 659 τέκνα
865 609 1270 675 ἐγκαταλιποῦσα
1308 608 1396 661 τὸν
1437 609 1687 676 ἀδελφεὸν
1726 611 1861 663 εἵλευ

189 692 433 759 περιεῖναί
473 713 565 751 τοι,
613 690 667 746 δς
714 692 792 744 καὶ
833 692 1225 761 ἀλλοτριώτερός
1276 714 1353 745 τοι
1396 698 1495 746 τῶν
1538 695 1728 747 παίδων
1781 695 1861 747 καὶ

188 777 355 842 ἧσσον
381 775 740 845 κεχαρισμένος
763 780 851 828 τοῦ
876 777 1053 844 ἀνδρός
1078 779 1203 830 ἐστι.
1277 778 1306 842 ἡ
1333 777 1373 830 δ’
1392 778 1633 844 ἀμείβετο
1652 780 1858 831 τοισίδε·
1878 787 1916 838 ‚6

182 859 256 912 Ὦ
300 865 541 927 βασιλεῦ,
583 859 705 928 ἀνὴρ
745 863 837 926 μὲν
886 860 946 913 ἄν
992 883 1078 927 μοι
1124 861 1282 915 ἄλλος
1331 861 1544 929 γένοιτο,
1589 864 1631 915 εἰ
1672 864 1861 928 δαίμων

191 945 372 1006 ἐθέλοι,
417 945 496 998 καὶ
534 944 685 998 τέκνα
723 944 875 1006 ἄλλα,
919 947 962 998 εἰ
1006 950 1158 998 ταῦτα
1206 945 1533 1013 ἀποβάλοιμι·
1579 946 1765 1014 πατρὸς
1807 949 1860 999 δὲ

117 1053 167 1082 10
190 1030 269 1082 καὶ
304 1029 488 1097 μητρὸς
528 1028 692 1083 οὐκέτι
730 1051 822 1095 μευ
860 1031 1085 1094 ζωόντων
1121 1030 1371 1098 ἀδελφεὸς
1407 1030 1469 1083 ἂν
1506 1030 1662 1085 ἄλλος
1698 1031 1861 1083 οὐδενὶ

188 1114 355 1185 τρόπῳ
395 1112 610 1182 γένοιτο.
697 1114 850 1186 ταύτῃ
889 1122 950 1187 τῇ
985 1115 1157 1187 γνώμῃ
1199 1114 1458 1183 χρεωμένη
1501 1114 1652 1180 ἔλεξα
1690 1120 1860 1167 ταῦτα.

191 1198 243 1251 εὖ
265 1220 320 1252 τε
348 1198 405 1263 δὴ
437 1198 577 1264 ἔδοξε
605 1199 672 1270 τῷ
698 1200 893 1269 Δαρείῳ
920 1201 1076 1251 εἰπεῖν
1099 1199 1128 1264 ἡ
1153 1199 1276 1266 γυνὴ
1311 1201 1396 1251 καί
1419 1202 1465 1252 οἱ
1496 1201 1655 1264 ἀπῆκε
1684 1201 1860 1251 τοῦτόν
1895 1219 1919 1263 7

189 1305 244 1336 τε
272 1281 360 1335 τὸν
388 1282 680 1350 παραιτέετο
712 1282 791 1334 καὶ
822 1288 922 1336 τῶν
951 1284 1140 1336 παίδων
1171 1283 1259 1335 τὸν
1291 1284 1659 1350 πρεσβύτατον,
1685 1283 1860 1349 ἡσθεὶς

189 1364 327 1440 αὖτ’ῇ,
361 1367 474 1422 τοὺς
504 1370 558 1420 δὲ
589 1366 775 1421 ἄλλους
813 1366 1073 1421 ἀπέκτεινε
1103 1367 1310 1421 πάντας.
1384 1373 1484 1420 τῶν
1518 1370 1610 1434 μὲν
1642 1367 1699 1432 δὴ
1733 1370 1858 1421 ἑπτὰ

118 1476 164 1520 15
190 1453 259 1506 εἷς
289 1451 462 1504 αὐτίκα
491 1452 655 1523 τρόπῳ
687 1453 753 1523 τῷ
782 1451 1020 1523 εἰρημένῳ
1054 1453 1333 1506 ἀπολώλεε.

274 1537 413 1588 Κατὰ
457 1535 512 1613 δέ
564 1558 649 1590 κου
697 1536 923 1603 μάλιστα
967 1536 1058 1602 τὴν
1103 1536 1393 1603 Καμβύσεω
1439 1540 1621 1589 νοῦσον
1667 1536 1859 1603 ἐγίνετο
1897 1546 1988 1584 120

188 1620 319 1673 τάδε.
393 1620 490 1674 ὑπὸ
516 1621 679 1689 Κύρου
704 1622 1031 1676 κατασταθεὶς
1057 1619 1115 1685 ἧν
1136 1622 1360 1688 Σαρδίων
1383 1622 1604 1689 ὕπαρχος
1628 1620 1860 1689 Ὀροίτης

189 1705 312 1773 ἀνὴρ
343 1705 565 1774 Πέρσης.
642 1706 787 1761 οὗτος
811 1706 1095 1773 ἐπεθύμησε
1119 1704 1407 1773 πρήγματος
1430 1705 1517 1757 οὐκ
1541 1706 1700 1758 ὁσίου·
1748 1706 1860 1758 οὔτε

188 1788 285 1858 γάρ
314 1812 361 1843 τι
391 1792 563 1844 παθὼν
594 1791 707 1845 οὔτε
731 1792 950 1846 ἀκούσας
979 1789 1189 1857 μάταιον
1210 1791 1327 1844 ἔπος
1358 1789 1478 1856 πρὸς
1511 1788 1859 1857 Πολυκράτεος

117 1900 167 1929 20
188 1879 276 1927 τοῦ
322 1876 510 1941 Σαμίου
553 1874 666 1929 οὐδὲ
712 1877 827 1929 ἰδὼν
874 1875 1114 1943 πρότερον
1159 1875 1443 1939 ἐπεθύμησε
1486 1875 1665 1940 λαβὼν
1709 1874 1859 1926 αὐτὸν

189 1959 457 2020 ἀπολέσαι,
505 1960 570 2015 ὡς
616 1963 707 2026 μὲν
755 1963 801 2013 οἱ
849 1965 1059 2014 πλεῦνες
1105 1958 1330 2027 λέγουσι,
1382 1961 1463 2010 διὰ
1516 1957 1706 2023 τοιήνδε
1749 1961 1860 2011 τινὰ

190 2044 368 2110 αἰτίην·
414 2045 496 2097 ε’πὶ
527 2050 626 2098 τῶν
649 2044 898 2111 βασιλέος
924 2043 1110 2112 θυρέων
1137 2042 1411 2109 κατήμενον
1434 2044 1521 2095 τόν
1552 2065 1605 2096 τε
1627 2043 1860 2110 Ὀροίτεα
1898 2063 1923 2094 2

189 2129 270 2181 καὶ
320 2128 482 2182 ἄλλον
531 2128 740 2197 Πέρσην
788 2130 855 2200 τῷ
906 2130 1091 2195 οὕνομα
1140 2128 1265 2181 εἶναι
1318 2126 1662 2194 Μιτροβάτεα,
1706 2131 1859 2193 νομοῦ

188 2211 409 2282 ἄρχοντα
451 2218 538 2266 τοῦ
583 2217 636 2267 ἐν
683 2215 1001 2283 Δασκυλείῳ,
1045 2213 1246 2267 τούτους
1290 2214 1344 2265 ἐκ
1389 2213 1556 2279 λόγων
1601 2213 1652 2265 ἐς
1694 2213 1860 2264 νείκεα

117 2322 164 2363 25
190 2303 485 2364 συμπεσεῖν·
529 2299 828 2366 κρινομένων
849 2301 902 2351 δὲ
921 2297 1032 2365 περὶ
1051 2299 1228 2365 ἀρετῆς
1248 2299 1403 2349 εἰπεῖν
1423 2296 1509 2348 τὸν
1531 2296 1860 2364 Μιτροβάτεα

0 2383 255 2469 amb-257&
275 2382 478 2456 Ὀροίτῃ
502 2383 838 2451 προφέροντα·
888 2383 955 2435 Σὺ
980 2384 1075 2450 γὰρ
1101 2384 1153 2434 ἐν
1178 2383 1370 2448 ἀνδρῶν
1394 2381 1548 2450 λόγῳ,
1571 2380 1625 2434 ὃς
1648 2380 1861 2446 βασιλέϊ
1900 2404 1924 2446 3

248 2513 264 2560 i
313 2521 549 2575 ὑπεκρίνατο
592 2520 630 2559 Α
647 2521 680 2560 Β
698 2521 731 2560 C
746 2521 780 2559 E
818 2521 930 2573 (ἀπ.)
1043 2522 1120 2570 ’τὴν
1157 2533 1239 2559 om.
1282 2520 1314 2558 C
1334 2519 1366 2557 P
1531 2532 1555 2556 2
1599 2517 1779 2572 αἱρέομεν
1819 2518 1858 2556 R

189 2589 216 2626 3
246 2575 452 2628 θωυμάσας
475 2576 508 2615 C
522 2576 556 2615 E
576 2576 608 2614 P
623 2576 662 2614 R
677 2576 707 2615 S
719 2575 758 2614 V
922 2577 950 2614 6
977 2574 1166 2628 περιιέναι
1185 2573 1225 2613 Α
1239 2574 1272 2613 Β
1290 2575 1323 2612 C
1338 2574 1371 2612 E
1484 2590 1547 2614 τοι
1567 2572 1631 2625 ὃς]
1655 2575 1703 2614 τὸ
1726 2573 1809 2628 RS
1823 2572 1861 2610 V

139 2634 142 2637 ’
190 2630 510 2685 ἀλλοτριώτερός
534 2630 694 2671 Reiske
717 2646 726 2670 :
757 2629 896 2672 -τατός
922 2629 959 2669 Α
974 2630 1008 2669 Β
1025 2629 1058 2668 C
1074 2630 1107 2668 E
1123 2629 1183 2668 P:
1215 2628 1360 2670 -τατόν
1383 2628 1421 2667 R
1437 2628 1518 2668 SV
1685 2641 1707 2678 7
1739 2643 1860 2680 κεχα-

189 2684 378 2739 ρισμένον
403 2685 443 2724 R
458 2685 488 2725 S
501 2686 539 2725 V
689 2689 830 2727 τοῖσδε
851 2686 886 2725 L
1101 2685 1127 2722 8
1156 2682 1231 2735 μέν
1252 2700 1318 2735 μοι
1339 2684 1388 2725 ἂν
1406 2683 1447 2722 Α
1461 2683 1494 2722 Β
1512 2683 1544 2721 Ρ
1561 2697 1570 2721 :
1599 2681 1737 2733 μέντοι
1758 2684 1806 2724 ἂν
1826 2682 1861 2722 C

194 2753 244 2780 10
271 2757 338 2792 μοι
351 2740 402 2792 (²)
424 2740 465 2779 V
660 2753 705 2780 11
740 2742 852 2794 ἔλεξε
874 2740 908 2780 Ε
924 2740 957 2779 Ρ
971 2741 1008 2779 R
1027 2740 1056 2779 S
1070 2740 1107 2778 V
1302 2750 1349 2787 17
1379 2737 1514 2779 τοιάδε
1535 2738 1569 2776 C
1698 2739 1860 2778 σταθεὶς

192 2793 327 2835 RSV
480 2796 529 2834 18
558 2795 743 2847 οὔχ-ΑΒ
897 2809 947 2845 19
975 2793 1334 2849 vrpbsom.RSV
1481 2805 1536 2831 20
1564 2791 1863 2833 otfrePRSV

191 2849 382 2901 ἐπεθύμεε
419 2849 460 2889 Α
480 2850 516 2889 Β
538 2851 572 2889 C
595 2851 629 2889 P
849 2852 980 2899 λαβὸν
1020 2849 1060 2887 R
1333 2861 1383 2887 21
1425 2850 1461 2889 οἱ
1498 2846 1571 2899 μὲν
1611 2847 1641 2886 S
1658 2860 1668 2885 t
1717 2850 1753 2888 οἱ
1788 2846 1863 2898 μὲν

188 2905 227 2945 οἱ
257 2904 349 2943 RV
458 2907 521 2946 διὰ
554 2918 638 2945 om.
674 2905 714 2943 R
729 2906 759 2945 S
773 2906 810 2943 V
1030 2916 1083 2942 22
1126 2902 1314 2956 Ὀροίτην
1345 2903 1377 2941 L
1393 2902 1470 2956 [V]
1697 2914 1749 2951 23
1781 2901 1858 2954 τῷ]

190 2961 239 3000 ’τὸ
270 2959 405 2999 RSV
571 2965 746 3014 Μιτραβ.
777 2959 811 2998 Β
1034 2971 1084 3007 24
1117 2960 1170 2999 εἶς
1199 2957 1289 2994 RV
1481 2968 1533 3006 25
1564 2955 1806 3008 συμπεσέειν
1829 2955 1862 2995 L

194 3015 247 3052 26
277 3015 384 3056 ὡςΟ
