2098 3320
73 157 112 215 I.
133 166 238 213 160
895 161 1324 214 ΗΡΟΔΟΤΟὙ

279 296 382 360 ἱροῦ
414 293 681 359 Ἀθηναίης
726 296 1000 364 πολιούχου
1039 296 1386 351 ἀποσπασθεὶς
1420 296 1517 348 ὑπὸ
1553 298 1692 350 Χίων
1723 296 1941 364 ἐξεδόθη.

204 399 231 441 4
276 377 515 442 ἐξέδοσαν
547 381 599 430 δὲ
631 381 677 430 οἱ
711 380 940 444 Χῖοιέτζὶ
970 384 1036 448 τῷ
1069 379 1301 447 Ἀταρνέι·
1333 383 1514 450 μισθῷ·
1560 386 1647 433 τοῦ
1681 384 1734 434 δὲ
1763 381 1938 449 Ἀταρ-

274 461 384 516 νέος
421 462 594 514 τούτου
626 463 736 514 ἐστὶ
767 468 931 531 χῶρος
968 467 1055 528 τῆς
1079 464 1303 529 ,Μυσίης,
1337 464 1546 531 Λέσβου
1576 467 1755 519 ἀντίος.
1828 470 1936 518 Πα-

274 546 423 611 κτύην
452 546 543 612 μέν
587 569 674 599 νυν
717 546 1112 614 παραδεξάμενοι
1142 551 1187 600 οῖ
1224 547 1422 615 Πέρσαι
1455 549 1592 616 εἶχον
1631 551 1684 601 ἐν
1722 541 1936 622 φυλακῇ,

209 651 228 697 5
273 630 504 685 θέλοντες
548 631 689 701 Κύρῳ
732 630 986 697 ἀποδέξαι.
1059 654 1119 696 ην
1157 635 1209 684 δὲ
1243 633 1425 701 χρόνος
1465 633 1604 687 οὗτος
1649 633 1735 686 οὐκ
1769 635 1986 702 ὀλίγος5

0 717 233 756 tm&
272 716 552 781 γενόμενος,
599 717 683 767 ὅτε
724 716 861 768 Χίων
899 716 1060 770 οὐδεὶς
1100 718 1153 768 ἐκ
1183 722 1270 768 τοῦ
1310 716 1577 784 Ἀταρνέος
1612 717 1939 785 τούτουνορζε

0 770 252 861 ἱῖγὲινκ,
271 798 422 854 οὗλας
455 798 660 866 κριθέων
693 801 941 869 πρόχυσιν
973 800 1194 853 ἐποιέετο
1225 805 1351 853 θεῶν
1383 802 1543 854 οὐδενὶ
1574 803 1684 854 οὔτε
1708 802 1939 868 πέμματα

0 860 244 905 κάδω
270 882 519 936 ἐπέσσετο
567 889 752 951 καρποῦ
796 889 882 936 τοῦ
927 887 1169 944 ἐνθεῦτεν,
1218 887 1459 954 ἀπείχετό
1501 908 1555 938 τε
1599 892 1697 938 τῶν
1739 886 1938 939 πάντων

149 972 231 1020 161
271 970 387 1034 ἱρῶν
406 990 465 1019 τα
497 968 659 1020 πάντα
693 970 746 1019 ἐκ
779 972 864 1033 τῆς
896 969 1062 1037 χώρης
1084 969 1263 1034 ταύτης
1294 971 1546 1037 γινόμενα.
1594 975 1711 1022 Χῖοι
1740 970 1831 1036 μέν
1851 992 1938 1024 νυν

269 1052 505 1117 Πακτύην
536 1051 794 1116 ἐξέδοσαν,
833 1052 1071 1120 Μαζάρης
1102 1057 1155 1105 δὲ
1183 1056 1308 1119 μετὰ
1338 1059 1492 1106 ταῦτα
1513 1055 1836 1122 ἐστρατεύετο
1857 1056 1937 1108 ἐπὶ
1965 1076 2014 1104 ιο

267 1136 380 1190 τοὺς
413 1135 952 1204 συμπολιορκήσαντας
982 1137 1244 1204 Τάβαλον,
1274 1140 1352 1191 καὶ
1382 1144 1526 1190 τοῦτο
1554 1141 1646 1204 μὲν
1687 1136 1936 1207 Πριηνέας

269 1219 740 1288 ἐξηνδραποδίσαῶ,
769 1227 916 1274 τοῦτο
951 1225 1004 1274 δὲ
1037 1222 1326 1290 Μαιάνδρου
1355 1225 1527 1276 πεδίον
1558 1227 1656 1276 πᾶν
1693 1222 1937 1291 ἐπέδραμε

266 1306 415 1371 ληίην
445 1305 734 1371 ποιεύμενος
758 1311 824 1376 τῷ
852 1312 1067 1377 στρατῷ,
1097 1309 1403 1374 Μαγνησίην
1426 1330 1480 1360 τε
1501 1308 1750 1362 ὡσαύτως.
1812 1310 1937 1374 μετὰ

133 1391 228 1439 162
268 1393 322 1442 δὲ
372 1395 526 1442 ταῦτα
576 1389 749 1442 αὐτίκα
795 1392 961 1461 νούσῳ
1016 1398 1238 1463 τελευτᾷ.
1329 1392 1666 1447 ἀποθανόντος
1717 1394 1770 1444 δὲ
1822 1392 1933 1445 τού-

267 1495 354 1527 του
389 1473 650 1542 ’Ἀρπαγος
693 1474 880 1541 κατέβη
923 1475 1153 1544 διάδοχος
1185 1479 1272 1541 τῆς
1320 1477 1637 1544 στρατηγίης,
1681 1476 1825 1544 γένος
1857 1477 2010 1538 καὶί5

244 1557 412 1613 »αὐτὸς
444 1559 537 1611 ἐὼν
571 1562 760 1624 Μῆδος,
794 1558 880 1612 τὸν
916 1561 941 1610 ὁ
973 1559 1162 1625 Μήδων
1193 1560 1443 1626 βασιλεὺς
1465 1560 1745 1628 Ἀστυάγης
1768 1561 1934 1630 ἀνόμῳ

265 1642 480 1716 τραπέζῃ
512 1643 697 1703 ἔδαισε,
722 1645 747 1695 ὁ
778 1649 844 1714 τῷ
888 1645 1030 1714 Κύρῳ
1071 1644 1159 1709 τὴν
1202 1645 1480 1710 βασιληίην
1525 1645 1932 1713 συγκατεργασά-

197 1750 221 1780 2
264 1750 427 1793 μενος.
502 1728 643 1782 οὗτος
675 1727 805 1794 ὡνὴρ
837 1729 950 1780 τότε
989 1728 1083 1781 ὑπὸ
1122 1729 1285 1795 Κύρου
1318 1734 1598 1796 στρατηγὸς
1639 1729 1934 1797 ἀποδεχθεὶς

266 1812 331 1866 ὡς
362 1813 566 1864 ἀπίκετο
597 1813 646 1866 ἐς
677 1811 766 1877 τὴν
796 1811 1007 1877 Ἰωνίην,
1044 1814 1175 1880 αἵρεε
1208 1834 1295 1866 τας
1331 1814 1510 1867 πόλιας
1540 1814 1757 1881 χώμασι·
1807 1813 1933 1866 ὅκως

265 1917 360 1963 γαρ
397 1918 656 1967 τειχῃρεας
697 1895 940 1962 ποιήσειε,
976 1896 1032 1948 τὸ
1073 1899 1301 1948 ἐνθεῦτεν
1331 1898 1538 1965 χώματα
1575 1902 1681 1965 χῶν
1721 1896 1843 1964 πρὸς
1873 1898 1933 1948 τὰ
1959 1917 2009 1944 20

0 1912 485 2049 “3163Lefxea'
464 1981 685 2047 ἐπόρθεε.
751 1981 917 2052 πρώτη
960 1983 1012 2032 δὲ
1040 1981 1244 2052 Φωκαίῃ
1270 1980 1460 2045 Ἰωνίης
1497 1982 1810 2049 ἐπεχείρησε.
1886 1983 1932 2032 οἱ

265 2067 318 2117 δὲ
370 2064 621 2118 Φωκαιέες
662 2065 795 2117 οὑτοι
835 2066 1124 2137 ναυτιλίῃσι
1173 2066 1390 2136 μακρῇσι
1438 2070 1622 2132 πρῶτοι
1668 2063 1932 2129 Ἑλλήνων

265 2147 564 2216 ἐχρήσαντο,
599 2148 678 2201 καὶ
708 2150 795 2201 τόν
825 2171 879 2201 τε
901 2149 1102 2216 Ἀδρίην
1154 2150 1232 2200 καὶ
1272 2148 1361 2213 τὴν
1400 2150 1685 2215 Τυρσηνίην
1723 2150 1801 2201 καὶ
1841 2147 1932 2213 τὴν

266 2232 496 2300 Ἰβηρίην
543 2234 620 2285 καὶ
665 2236 749 2284 τὸν
779 2237 1082 2299 Ταρτησσὸν
1130 2233 1268 2284 οὗτοί
1310 2235 1410 2284 εἶσι
1461 2235 1506 2285 οἱ
1561 2230 2098 2300 καταδέξαντεςώωω

0 2326 163 2378 ω’
201 2339 225 2370 2
267 2318 619 2370 ἐναυτίλλοντο
670 2319 723 2369 δὲ
772 2316 829 2368 οὐ
877 2316 1226 2388 στροχχύλῃσι
1278 2317 1423 2382 νηυσὶ
1476 2318 1610 2368 ἀλλὰ
1663 2337 1927 2382 πεντηκον-
1959 2336 2004 2376 25

266 2399 471 2468 τέροισι.
560 2401 850 2466 ἀπικόμενοι
907 2403 961 2453 δὲ
1015 2403 1065 2455 ἐς
1125 2400 1211 2453 τὸν
1269 2405 1571 2468 Ταρτησσὸν
1609 2399 1931 2469 προσφιλέες

267 2483 498 2551 ἐγένοντο
539 2490 604 2554 τῷ
636 2484 847 2550 βασιλέϊ
876 2490 973 2536 τῶν
1018 2486 1369 2551 Ταρτησσίων,
1412 2489 1479 2554 τῷ
1522 2485 1706 2549 οὕνομα
1743 2487 1835 2549 μὲν
1869 2482 1930 2548 ἧν

266 2566 644 2635 Ἀργανθώνιος,
684 2568 1009 2636 ἐτυράννευσε
1051 2571 1103 2620 δὲ
1138 2573 1440 2635 Ταρτησσοῦ
1478 2568 1760 2635 ὀγδώκοντα
1801 2567 1926 2627 ἔτεα,

203 2673 226 2715 3
266 2653 455 2717 ἐβίωσε
500 2655 551 2704 δὲ
601 2650 703 2718 (τὰ)
754 2651 916 2705 πάντα
963 2654 1121 2704 ε’ίκοσι
1171 2652 1250 2703 καὶ
1299 2652 1490 2704 ἑκατόν.
1557 2652 1712 2721 τούτῳ
1757 2651 1815 2715 δὴ
1862 2656 1928 2720 τῷ

267 2736 406 2803 ἀνδρὶ
438 2736 747 2804 προσφιλέες
782 2739 827 2789 οἱ
865 2734 1115 2790 Φωκαιέες
1155 2737 1281 2787 οὕτω
1312 2734 1370 2800 δή
1401 2757 1447 2786 τι
1493 2735 1740 2802 ἐγένοντο,
1774 2735 1930 2787 cam&
1954 2754 2006 2794 30
2073 2804 2089 2813 δ

323 2887 347 2913 2
377 2876 398 2915 ὖ
419 2855 463 2915 δὲ
484 2873 696 2927 Ἀταρνεὺς
718 2872 832 2915 οὗτος
855 2873 1053 2922 Krueg-er
1173 2874 1200 2911 6
1228 2871 1439 2925 γενόμενος
1462 2872 1582 2911 Stein
1711 2885 1732 2921 7
1766 2871 1928 2925 [οὐλὰς]

269 2928 388 2968 Stein
498 2933 641 2981 κριθῶν
662 2928 696 2967 L
869 2941 913 2967 11
946 2938 1125 2981 πολιορκ.
1152 2926 1186 2966 C
1357 2940 1404 2976 13
1434 2926 1502 2978 τε]
1527 2926 1569 2968 δὲ
1591 2928 1624 2965 C
1753 2939 1806 2966 20
1834 2927 1929 2978 πρὸς

267 2983 462 3036 τειχήρεα
490 2983 524 3022 C
747 2996 795 3022 21
842 2981 1074 3034 ἐπολιόρκεε
1106 2981 1249 3021 Naber
1396 3006 1401 3008 -
1467 2983 1521 3020 28
1559 2981 1810 3033 ὀγδοήκοντα
1837 2980 1926 3019 ΑΒ

268 3051 322 3087 29
371 3037 467 3085 ἐβίω
505 3037 639 3077 Cobet
777 3038 859 3078 ,τὰ
897 3037 991 3076 add.
1037 3037 1086 3076 G.
1131 3035 1352 3075 Hermann
1520 3037 1568 3086 δὴ
1602 3035 1760 3076 Aldus:
1809 3033 1854 3076 δὲ
1894 3034 1928 3073 L

269 3106 323 3143 30
351 3092 522 3134 Φωκαίες
544 3093 578 3131 C
708 3110 771 3133 τοι
793 3092 827 3132 C
