2098 3320
33 119 179 182 1.185
854 117 1288 167 ΗΡοΔοΤον

235 247 289 298 ἐν
320 247 378 316 τῇ
411 245 657 318 Ἀσσυρίῃ
690 244 976 299 ἀπικνέεται
1001 244 1145 313 ῥέων.
1233 247 1292 318 τῇ
1324 248 1376 299 δὲ
1409 246 1543 319 κώμῃ
1574 246 1760 314 οὔνομά
1789 250 1902 303 ἐστι

235 331 284 384 ἐς
319 329 411 394 τὴν
448 329 732 383 ἀπικνέεται
768 331 795 381 ὁ
833 327 1101 398 Εὐφρήτης
1127 329 1433 398 Ἀρδέρικκα.
1523 329 1602 383 καὶ
1635 335 1722 384 νῦν
1757 332 1805 384 οἲ
1838 331 1900 386 ἂν

234 414 527 478 κομίζωνται
568 414 666 466 ἀπὸ
705 417 858 479 τῆσδε
893 417 980 478 τῆς
1019 412 1284 478 θαλάσσης
1323 416 1374 468 ἐς
1410 418 1711 481 Βαβυλῶνα,
1749 437 1895 469 κατα-

232 496 471 552 πλέοντες
506 494 593 565 [ἐς]
632 497 717 550 τὸν
749 495 1018 565 Εὐφρήτην
1057 496 1278 562 ποταμὸν
1311 499 1415 566 τρίς
1450 520 1505 551 τε
1541 500 1591 553 ἐς
1623 498 1714 565 τὴν
1746 499 1898 564 αὐτὴν

168 604 191 646 3
231 581 414 647 ταύτην
457 582 622 648 κώμην
660 581 1017 649 παραγίνονται
1059 581 1139 633 καὶ
1179 583 1233 633 ἐν
1268 582 1401 649 τρισὶ
1436 580 1665 653 ἡμέρῃσι.
1752 588 1898 636 τοῦτο
1923 612 1944 650 5

230 667 322 731 μὲν
354 666 411 731 δὴ
442 670 664 718 τοιοῦτον
697 667 920 731 ἐποίησε,
954 669 1100 734 χῶμα
1137 667 1191 717 δὲ
1226 664 1494 734 παρέχωσε
1523 666 1635 734 παρ’
1667 666 1898 735 ἑκάτερον

230 755 317 801 τοῦ
361 755 583 816 ποταμοῦ
622 750 679 802 τὸ
723 755 895 820 χεῖλος
936 749 1076 815 ἄξιον
1119 749 1357 815 θώματος,
1394 749 1609 817 μέγαθος
1650 751 1728 804 καὶ
1765 752 1897 819 ὕψος

166 855 193 898 4
230 834 355 886 ὅσον
400 856 447 886 τι
495 836 620 888 ἐστί.
711 833 980 901 κατύπερθε
1030 835 1083 886 δὲ
1129 838 1304 904 πολλῷ
1353 838 1653 898 Βαβυλῶνος
1699 835 1896 905 ὤρυσσε

0 909 148 963 W
229 917 435 987 ἔλυτρον
474 919 644 991 λίμνῃ,
684 919 859 986 ὀλίγον
898 939 946 972 τι
989 919 1356 985 παρατείνουσα
1396 917 1495 970 ἀπὸ
1533 923 1619 971 τοῦ
1657 925 1893 985 ποταμοῦ,

0 998 389 1067 »Βανά-βάθος
427 1005 516 1069 μὲν
557 1004 608 1067 ἐς
650 1002 706 1054 τὸ
745 1003 873 1070 ὕδωρ
910 1004 1006 1055 αἰεὶ
1049 1002 1354 1069 ὀρύσσουσα,
1393 1002 1532 1069 εὖρος
1571 1005 1624 1056 δὲ
1663 1002 1720 1055 τὸ
1756 1005 1893 1071 περί·
1923 1028 1972 1058 10
2056 1048 2076 1053 S

226 1107 407 1153 μετρον
448 1086 595 1139 αὐτοῦ
635 1092 845 1140 ποιεῦσα
885 1088 1050 1139 εἴκοσί
1085 1108 1139 1139 τε
1176 1086 1255 1139 καὶ
1290 1087 1623 1153 τετρακοσίων
1661 1088 1893 1140 σταδίων·

226 1170 313 1222 τὸν
343 1174 396 1223 δὲ
425 1172 767 1237 ὀρυσσόμενον
796 1175 920 1240 χοῦν
944 1173 997 1223 ἐκ
1020 1171 1195 1223 τούτου
1220 1175 1306 1223 τοῦ
1334 1171 1607 1238 ὀρύγματος
1630 1172 1895 1240 ἀναισίμου
1907 1163 2098 1236 3356...»-

163 1275 185 1320 5
227 1257 359 1321 παρὰ
399 1257 460 1306 τὰ
503 1256 680 1324 χείλεα
719 1260 810 1326 ,τοῦ
853 1259 1074 1321 ποταμοῦ
1117 1254 1457 1324 παραχέουσα.
1545 1256 1710 1308 ἐπείτε
1752 1255 1807 1308 δέ
1845 1259 1892 1309 οἱ
2033 1237 2098 1261 Ἣ

0 1339 491 1420 μ’μοκόρώρυκτο,
538 1340 709 1394 λίθους
758 1339 1043 1407 ἀγαγομένη
1097 1343 1307 1407 κρηπ-ῖδα
1364 1339 1526 1410 κύκλῳ
1578 1339 1689 1408 περὶ
1739 1339 1892 1406 αὐτὴν

162 1433 189 1476 6
224 1421 400 1487 ἤλασε.
473 1425 636 1477 ἐποίεε
668 1426 721 1477 δὲ
752 1425 1010 1492 ἀμφότερα
1039 1428 1206 1483 ταῦτα,
1233 1424 1319 1476 τόν
1353 1445 1407 1476 τε
1437 1423 1659 1490 ποταμὸν
1682 1424 1891 1477 σκολιὸν
1921 1448 1967 1489 15

224 1509 305 1559 καὶ
340 1507 397 1559 τὸ
435 1509 624 1575 ὄρυγμα
662 1512 760 1560 πᾶν
798 1509 928 1567 ἕλος,
965 1508 1029 1562 ὣς
1071 1510 1099 1559 ὅ
1134 1530 1187 1560 τε
1226 1507 1444 1574 ποταμὸς
1478 1507 1781 1576 βραδύτερος
1816 1512 1888 1574 ε’ίη

223 1591 334 1658 περὶ
372 1594 567 1657 καμπὰς
596 1595 792 1646 πολλὰς
827 1592 1118 1659 ἀγνύμενος,
1156 1594 1235 1644 καὶ
1274 1595 1320 1644 οἱ
1354 1592 1502 1645 πλόοι
1539 1591 1662 1644 ἔωσι
1695 1594 1890 1645 σκολιοὶ

0 1684 199 1727 -κηιιὲμ
223 1676 274 1728 ἐς
303 1675 392 1739 τὴν
425 1681 722 1742 Βαβυλῶνα,
756 1676 809 1729 ἔκ
838 1697 893 1728 τε
922 1682 1019 1728 τῶν
1052 1678 1221 1728 πλόων
1260 1676 1513 1741 ἐκδέκηται
1548 1678 1774 1745 περίοδος
1803 1680 1891 1743 τῆς

160 1777 184 1821 7
220 1760 400 1824 λίμνης
429 1759 605 1827 μακρή.
683 1762 805 1812 κατὰ
834 1765 978 1812 τοῦτο
1011 1764 1062 1813 δὲ
1095 1759 1326 1828 ἐργάζετο
1356 1763 1443 1825 τῆς
1471 1761 1637 1828 χώρης
1666 1761 1724 1832 τῇ
1755 1762 1890 1814 αἵτε

223 1844 439 1909 ἐσβολαὶ
475 1843 605 1909 ἦσαν
637 1844 717 1896 καὶ
752 1847 814 1896 τὰ
853 1844 1074 1909 σύντομα
1113 1848 1200 1909 τῆς
1238 1847 1291 1897 ἐκ
1324 1843 1512 1909 Μήδων
1544 1846 1672 1903 ὁδοῦ,
1707 1845 1787 1897 ἵνα
1821 1845 1887 1910 μὴ
1917 1866 1965 1892 20

40 1979 48 1987 ,
222 1928 602 1996 ἐπιμισγόμενοι
641 1931 687 1980 οἱ
725 1931 891 1994 Μῆδοι
933 1927 1282 1994 ἐκμανθάνοιεν
1318 1928 1464 1993 αὐτῆς
1504 1930 1566 1980 τὰ
1606 1927 1885 1996 πρήγματα.

0 1996 181 2061 Βψῖᾞδ
220 2016 371 2063 ταῦτα
404 2015 497 2078 μὲν
533 2012 591 2077 δὴ
630 2012 906 2082 ἐκ-βάθεος
939 2011 1286 2079 περιεβάλετο,
1319 2010 1514 2077 τοιήνδε
1549 2015 1603 2064 δὲ
1640 2010 1698 2077 ἐξ
1728 1984 2098 2082 αὐτῶωέ

220 2095 531 2162 παρενθήκην
572 2095 862 2161 ἐποιήσατο.
952 2099 1039 2161 τῆς
1075 2097 1251 2150 πόλιος
1290 2096 1468 2160 ἐούσης
1506 2096 1592 2148 δύο
1629 2095 1884 2164 φαρσέων,
1970 2074 2054 2132 ως

219 2183 305 2230 τοῦ
335 2182 387 2232 δὲ
418 2185 639 2246 ποταμοῦ
666 2180 825 2245 μέσον
858 2180 1079 2248 ἔχοντος,
1107 2181 1188 2232 ἐπὶ
1219 2184 1317 2232 τῶν
1341 2181 1578 2246 πρότερον
1607 2179 1885 2245 βασιλέων,

219 2264 345 2317 ὅκως
366 2285 439 2317 τις
461 2263 626 2316 ἐθέλοι
659 2266 712 2316 ἐκ
744 2269 828 2316 τοῦ
860 2263 1026 2331 ἑτέρου
1052 2263 1274 2331 φάρσεος
1306 2266 1356 2317 ἐς
1379 2263 1608 2330 τοῦτερον
1631 2266 1882 2329 διαβῆναι,
1914 2284 1960 2323 25

218 2350 346 2414 χρῆυ
395 2349 552 2418 πλοίῳ
607 2349 901 2413 διαβαίνειν,
951 2347 1028 2398 καὶ
1082 2346 1158 2412 ἣν,
1207 2347 1271 2401 ὡς
1302 2348 1400 2414 ἐγὼ
1448 2346 1617 2407 δοκέω,
1664 2347 1885 2416 ὀχληρὸν

219 2435 378 2483 τοῦτο.
467 2434 585 2497 αὕτη
624 2434 678 2484 δὲ
716 2433 794 2484 καὶ
831 2436 973 2482 τοῦτο
1010 2434 1221 2498 προεῖδε·
1270 2433 1430 2484 ἐπείτε
1464 2433 1561 2498 γὰρ
1597 2431 1793 2499 ὤρυσσε
1829 2432 1884 2483 τὸ

276 2583 300 2608 2
331 2569 543 2622 Εὐφράτης
564 2568 603 2607 Α
619 2567 653 2606 Β
669 2566 725 2607 Vl
882 2566 1116 2621 Ἀρδερικκά
1138 2567 1176 2605 R
1195 2581 1203 2605 :
1235 2565 1442 2622 Ἀρδέρικα
1461 2566 1496 2606 C
1515 2581 1525 2606 :
1554 2565 1783 2620 Ἀρδερρικα
1804 2567 1834 2606 S
1847 2567 1886 2606 V

221 2623 507 2677 ἆγκομίζονται
530 2623 569 2662 R
585 2623 615 2662 S
631 2622 668 2661 V
831 2635 858 2673 3
886 2625 1014 2671 τῆσδε
1034 2634 1115 2661 om.
1139 2621 1179 2661 R
1194 2620 1278 2662 SV
1439 2634 1467 2671 4
1497 2624 1538 2663 ἐς
1557 2621 1637 2661 del.
1663 2621 1885 2672 Schweig-

220 2680 404 2718 haeuser
544 2691 565 2727 7
597 2678 714 2728 θώυμ.
739 2677 772 2716 L
881 2677 1050 2729 μέγεθος
1073 2676 1155 2716 SV
1297 2676 1324 2713 8
1353 2680 1511 2726 -περθεν
1534 2675 1625 2714 RV
1735 2675 1884 2727 ὅρυσσε

220 2733 259 2772 Α
273 2733 335 2772 B:
366 2736 519 2787 ὥρυσεν
543 2732 634 2771 RV
827 2745 854 2781 9
882 2731 1028 2782 λίμνης
1051 2730 1090 2769 R
1115 2728 1222 2782 (λύ-)
1247 2729 1329 2769 SV
1443 2730 1726 2783 παρακλίνασαι
1746 2729 1785 2768 R
1801 2730 1831 2770 S
1845 2730 1884 2769 V
2030 2748 2059 2757 =

225 2800 275 2826 10
303 2789 379 2828 αιέὶ
402 2788 434 2826 C
456 2803 465 2827 z
496 2788 555 2828 ἀεὶ
577 2787 669 2827 rell.
839 2799 888 2836 14
919 2786 1119 2839 ὀρώρυκτο
1140 2784 1335 2825 Bekker:
1366 2787 1518 2839 ὥρυκτο
1541 2784 1577 2823 L
1701 2785 1882 2838 ἀγομένη
2044 2802 2055 2808 ·

222 2842 262 2880 R
278 2841 360 2882 SV
483 2841 635 2883 κύκλον
655 2839 713 2880 R¹
909 2852 957 2890 17
988 2840 1238 2894 περικαμπὰς
1259 2838 1300 2878 R
1494 2851 1545 2891 19
1572 2838 1722 2893 μακρός
1742 2838 1780 2876 Α
1797 2838 1833 2877 Β
1847 2839 1881 2878 C

221 2898 309 2948 ἠργ.
338 2896 378 2935 Α
392 2895 439 2933 Β1
461 2910 469 2936 z
503 2899 603 2949 εἶργ.
626 2895 718 2936 rell.
945 2907 997 2933 22
1026 2893 1324 2947 περιεβάλλετο
1346 2893 1375 2933 S
1389 2893 1427 2932 V
1573 2893 1618 2935 δὲ
1637 2906 1716 2934 om.
1745 2892 1785 2932 R
1801 2893 1831 2932 S
1845 2893 1882 2932 V

221 2949 374 2992 αὐτέων
395 2950 430 2989 Β
597 2963 648 2998 24
679 2948 882 3004 προτέρων
905 2948 937 2987 Ρ
952 2948 990 2987 R
1008 2947 1090 2987 SV
1254 2950 1307 2987 26
1336 2950 1386 2989 ὡς
1405 2960 1487 2988 om.
1509 2947 1548 2986 R
