2098 3320
86 71 171 122 [Π.
201 84 268 134 97

204 210 273 260 97

247 390 272 422 2

927 73 975 119 H
990 73 1353 122 ΡΟΔΟΤΟΎ

397 202 553 253 Αῧται
601 201 692 268 μέν
740 223 827 255 νυν
875 203 1029 271 ἀρχαί
1072 224 1125 255 τε
1172 203 1302 268 ἦσαν
1355 203 1435 256 καὶ
1486 205 1658 272 φόρων
1706 204 1968 271 ἐπιτάξιες·

311 286 340 350 ἡ
387 287 579 352 Περσὶς
630 289 685 338 δὲ
734 287 870 354 χώρη
918 287 1072 352 μούνη
1120 309 1203 353 μοι
1254 288 1341 339 οὐκ
1390 289 1580 354 εἴρηται
1629 291 1968 358 δασμοφόρος·
1991 288 2098 335 ‘⁶03³'

313 369 495 421 ἀτελέα
529 372 624 436 γὰρ
666 369 864 436 Πέρσαι
905 370 1138 435 νέμονται
1176 372 1359 438 χώρην.
1449 373 1550 424 οἵδε
1586 374 1640 425 δὲ
1680 373 1840 440 φόρον
1877 376 1970 436 μὲν

312 452 490 506 οὐδένα
534 453 823 522 ἐτάχθησαν
869 453 1060 521 φέρειν,
1108 459 1240 522 δῶρα
1284 458 1337 509 δὲ
1381 456 1594 524 ἀγίνεον,
1644 457 1879 512 Αἰθίοπες
1923 460 1971 511 οἱ

313 539 581 605 πρόσουροι
634 539 884 609 Αἰγύπτῳ,
939 539 1054 592 τοὺς-
1111 540 1392 605 Καμβύσης
1453 541 1676 592 ἐλαύνων
1727 542 1809 593 ἐπὶ
1859 542 2017 606 τοὺς5

311 623 614 689 μακροβίους
645 625 889 677 Αἰθίοπας
924 621 1319 691 κατεστρέψατο,
1353 625 1399 676 οἳ
1436 626 1553 691 περί
1583 646 1637 678 τε
1673 626 1851 690 Νύσην
1881 626 1970 691 τὴν

314 705 422 772 ἱρὴν
475 708 787 771 κατοίκηνται
839 707 919 759 καὶ
969 713 1037 777 τῷ
1091 708 1323 778 Διονύσῳ
1376 708 1618 776 ἀνάγουσι
1666 711 1756 763 τὰς
1808 709 1968 777 ὁρτάς.

312 791 449 842 οὗτοι
489 793 535 842 οἱ
577 792 812 845 Αἰθίοπες
854 792 932 843 καὶ
977 794 1023 844 οἱ
1065 793 1411 860 πλησιόχωροι
1455 794 1679 847 τούτοισι
1721 793 1971 861 σπέρματι
2001 812 2098 836 Μ

311 877 403 938 μὲν
433 874 681 942 χρέωνται
715 881 782 945 τῷ
818 875 947 945 αὐτῷ
986 881 1052 946 τῷ
1090 876 1169 927 καὶ
1209 878 1255 928 οἱ
1293 878 1606 929 Καλλαντίαι
1634 877 1800 937 Ἰνδοί,
1835 878 1967 944 οἰκή-

311 979 443 1024 ματα
472 962 525 1011 δὲ
555 959 783 1024 ἔκτηνται
807 958 1064 1027 κατάγαια.
1140 961 1273 1013 οὗτοι
1299 962 1667 1028 συναμφότεροι
1698 964 1971 1029 &QZ-mv
1995 982 2044 1012 ιο
2061 983 2098 1008 υ

314 1043 449 1097 ἔτεος
481 1044 696 1110 ἀγίνεον,
731 1043 987 1111 ἀγινέουσι
1016 1047 1069 1095 δὲ
1101 1045 1181 1096 καὶ
1209 1049 1267 1095 τὸ
1295 1045 1445 1112 μέχρι
1475 1046 1605 1110 ἐμεῦ,
1632 1046 1717 1097 δύο
1746 1046 1971 1114 χοίνικας

314 1127 501 1194 ἀπύρου
535 1128 745 1195 χρυσίου
777 1129 854 1180 καὶ
891 1130 1147 1193 διηκοσίας
1184 1127 1670 1198 φάλαγγας-ἐβένου
1706 1131 1786 1182 καὶ
1821 1130 2098 1203 πέντεέοδὶ

314 1214 492 1266 παῖδας
533 1212 774 1267 Αἰθίοπας
815 1214 894 1265 καὶ
939 1211 1216 1282 ἐλέφαντος
1257 1213 1462 1266 ὀδόντας
1500 1214 1749 1280 μεγάλους
1793 1216 1968 1268 εἴκοσι.

314 1297 509 1364 Κόλχοι
538 1299 591 1348 δὲ
627 1293 731 1362 (rh)
770 1296 1009 1362 ἐτάξαντο
1048 1300 1099 1352 ἐς
1138 1297 1228 1362 τὴν
1264 1297 1451 1365 δωρεὴν
1493 1298 1572 1349 καὶ
1612 1300 1658 1350 οἱ
1694 1297 1970 1367 προσεχέες

310 1372 460 1448 μέχρι
491 1380 773 1435 Καυκάσιος
804 1384 943 1448 ὄρεος
973 1380 1043 1448 (ἐς
1072 1386 1218 1434 τοῦτο
1255 1384 1350 1449 γὰρ
1383 1381 1440 1433 τὸ
1471 1383 1583 1447 ὅρος
1611 1382 1705 1434 ὑπὸ
1737 1381 1970 1455 Πέρσῃσι
1995 1401 2042 1444 15

311 1462 533 1533 ἄρχεται,
565 1467 627 1517 τὰ
658 1468 710 1518 δὲ
741 1466 862 1533 πρὸς
884 1464 1071 1533 βορέην
1094 1466 1276 1532 ἄνεμον
1299 1470 1386 1518 τοῦ
1413 1466 1694 1521 Καυκάσιος
1726 1465 1969 1534 Περσέων

312 1548 454 1601 οὐδὲν
493 1548 566 1601 ἔτι
607 1548 890 1617 φροντίζει),
932 1551 1067 1603 οὗτοι
1107 1549 1176 1603 ὧν
1220 1555 1351 1618 δῶρα
1393 1552 1456 1602 τὰ
1496 1549 1733 1615 ἐτάξαντο
1773 1550 1847 1602 ἔτι
1891 1551 1969 1603 καὶ

311 1634 362 1686 ἐς
393 1635 480 1699 ἐμὲ
511 1636 590 1685 διὰ
626 1636 970 1702 πεντετηρίδος
1005 1636 1220 1703 ἀγίνεον,
1256 1634 1430 1687 ἑκατὸν
1465 1639 1645 1689 παῖδας
1686 1635 1764 1688 καὶ
1795 1638 1969 1687 ἑκατὸν

311 1716 598 1784 παρθένους.
688 1718 920 1786 Ἀράβιοι
948 1722 1001 1771 δὲ
1033 1720 1175 1787 χίλια
1204 1718 1426 1771 τάλαντα
1455 1720 1656 1786 ἀγίνεον
1684 1724 1969 1786 λιβανωτοῦ

310 1802 405 1853 ἀνὰ
451 1805 547 1854 πᾶν
592 1802 717 1856 ἔτος.
805 1808 958 1856 ταῦτα
995 1806 1086 1870 μὲν
1132 1803 1267 1855 οὗτοι
1311 1806 1442 1869 δῶρα
1482 1802 1643 1871 πάρεξ
1680 1809 1766 1855 τοῦ
1808 1804 1968 1871 φόρου
1994 1822 2042 1851 20

311 1885 523 1950 βασιλέϊ
560 1887 801 1952 ἐκόμιζον.
888 1887 973 1940 τὸν
1013 1891 1067 1941 δὲ
1106 1891 1297 1956 χρυσὸν
1338 1891 1513 1939 τοῦτον
1558 1887 1644 1940 τὸν
1684 1887 1880 1940 πολλὸν
1921 1889 1968 1940 οἱ

311 1968 477 2030 Ἰνδοί,
502 1971 586 2023 ἀπ’
617 1972 673 2023 οὗ
703 1971 759 2023 τὸ
782 1974 967 2047 ψῆγμα
987 1977 1054 2042 τῷ
1077 1970 1290 2038 βασιλέϊ
1319 1971 1376 2023 τὸ
1407 1971 1664 2038 εἰρημένον
1695 1972 1964 2037 κομίζουσι,

311 2055 475 2125 τρόπῳ
516 2059 689 2125 τοιῷδε
727 2061 950 2108 κτῶνται.
1040 2057 1151 2109 ἔστι
1186 2059 1274 2120 τῆς
1309 2054 1518 2120 Ἰνδικῆς
1552 2056 1719 2124 χώρης
1754 2055 1811 2107 τὸ
1846 2055 1968 2123 πρὸς

309 2138 455 2203 ἥλιον
499 2140 774 2208 ἀνίσχοντα
815 2139 1039 2207 ψάμμος·
1089 2145 1188 2192 τῶν
1232 2141 1328 2207 γὰρ
1369 2139 1509 2205 ἡμεῖς
1551 2141 1707 2205 ἴδμεν,
1745 2145 1843 2192 τῶν
1888 2140 1968 2192 καὶ

312 2222 424 2289 πέρι
463 2223 663 2290 ἀτρεκές
703 2246 751 2276 τι
790 2223 1006 2291 λέγεται,
1051 2229 1236 2290 πρῶτοι
1277 2223 1398 2290 πρὸς
1435 2223 1506 2287 ἠῶ
1550 2224 1629 2275 καὶ
1667 2224 1811 2288 ἡλίου
1846 2225 1964 2276 ἀνα-
1994 2241 2041 2282 25

319 2307 462 2361 τολὰς
500 2306 720 2361 οἰκέουσι
757 2309 1028 2375 ἀνθρώπων
1068 2313 1166 2360 τῶν
1206 2309 1261 2360 ἐν
1297 2315 1358 2380 τῇ
1398 2306 1548 2379 Ἀσίῃ
1587 2307 1752 2360 Ἰνδοί·
1798 2307 1966 2360 Ἰνδῶν

311 2391 405 2458 γὰρ
445 2390 502 2443 τὸ
539 2391 661 2459 πρὸς
697 2391 786 2457 τὴν
825 2392 896 2457 ἠῶ
937 2392 1108 2459 ἐρημίη
1147 2391 1257 2444 ἐστὶ
1298 2392 1379 2442 διὰ
1418 2390 1509 2456 τὴν
1543 2390 1771 2459 ψάμμον.
1858 2391 1967 2444 ἔστι

368 2540 386 2568 1
419 2546 488 2572 νυν
508 2543 589 2569 om.
612 2530 653 2569 A
666 2531 699 2569 Β
714 2531 747 2569 C
763 2530 795 2568 P
923 2530 1046 2584 φόρον
1069 2530 1102 2568 C
1233 2529 1425 2582 ἐπιτάξεις
1447 2529 1487 2567 R
1500 2529 1539 2568 V
1701 2532 1729 2569 6
1757 2534 1912 2580 νῆσσον
1933 2532 1966 2570 C

309 2596 336 2634 9
378 2589 435 2637 τῷ
474 2583 602 2637 αὐτῷ]
640 2585 772 2626 τούτω
795 2585 833 2624 R
849 2585 930 2623 SV
949 2599 957 2624 :
998 2587 1136 2635 τωύτῷ
1177 2584 1406 2623 Hoffmann
1597 2585 1662 2625 καὶ
1705 2598 1785 2626 om.
1831 2585 1870 2624 R
1885 2585 1967 2625 SV

310 2639 531 2680 Καλαντίαι
572 2640 605 2677 C
620 2640 675 2681 P:
727 2639 973 2680 Καλλιστίαι
1014 2639 1052 2678 R
1071 2639 1101 2678 S
1118 2638 1157 2677 V
1378 2650 1427 2677 10
1471 2636 1688 2687 κέκτηνται
1725 2639 1765 2678 Α
1779 2640 1814 2679 Β
1831 2641 1871 2679 R
1885 2639 1967 2680 SV

310 2693 493 2745 κατάγεα
514 2693 553 2731 R
569 2693 650 2733 SV
836 2706 880 2732 11
912 2692 1054 2746 μέχρις
1075 2693 1116 2731 Α
1131 2693 1164 2732 Β
1181 2693 1214 2732 C
1408 2706 1456 2732 12
1487 2692 1633 2745 ἀπόρου
1656 2694 1689 2732 C
1801 2694 1967 2743 ἐβέννου

308 2747 348 2787 Α
362 2748 397 2786 Β
412 2749 465 2787 C⁰
688 2762 735 2797 14
767 2750 818 2789 τὰ
836 2749 933 2787 add.
957 2747 1118 2787 Reiske
1254 2747 1398 2800 ἔταξάν
1418 2750 1454 2788 οἱ
1473 2745 1513 2784 Α
1529 2747 1563 2786 Β
1579 2747 1613 2786 C
1629 2748 1662 2787 P
1786 2751 1856 2792 «εἷς
1875 2749 1963 2788 ΑΒ

309 2805 388 2855 δορ.
407 2802 447 2841 R
564 2816 610 2853 15
629 2802 852 2844 Καυκάσοω
870 2803 907 2843 R
924 2803 955 2842 s
966 2803 1006 2841 v
1118 2803 1167 2841 16
1183 2804 1314 2855 Bom‘rv
1327 2801 1368 2840 A
1384 2802 1417 2841 B
1435 2802 1467 2840 c
1482 2801 1516 2839 P
1628 2815 1675 2852 17
1692 2803 1917 2857 φροντίζειν
1931 2803 1965 2841 C

314 2859 362 2894 18
394 2856 484 2908 ἐμὲ]
505 2856 581 2907 μὲν
603 2858 641 2896 R
771 2857 1053 2910 πεντετήριδος
1073 2857 1111 2896 V
1127 2857 1165 2895 R
1190 2856 1413 2907 (πεντεετ.)
1605 2869 1654 2907 19
1682 2860 1903 2906 λιβανοτοῦ
1924 2858 1965 2897 R

310 2923 363 2949 20
405 2911 515 2952 ἔτεος
552 2912 643 2950 RV
807 2925 859 2950 22
897 2913 945 2952 τὸ
981 2913 1038 2963 εἷρ
1084 2927 1171 2960 κομ.
1206 2912 1261 2952 P:
1303 2913 1339 2951 οἱ
1369 2911 1483 2952 Ἰνδοὶ
1514 2928 1603 2962 κομ.
1633 2913 1682 2953 τὸ
1709 2915 1776 2965 εἶρ.
1804 2911 1962 2953 RSV:

309 2966 356 3005 τὸ
380 2967 448 3017 εἶρ.
475 2964 560 3004 ΑΒ
578 2966 611 3004 C
777 2979 829 3015 24
860 2968 921 3007 καὶ
945 2979 1023 3005 om.
1049 2964 1088 3005 A
1104 2965 1138 3004 B
1155 2966 1189 3004 C
1328 2967 1382 3005 26
1410 2965 1528 3007 Ἰνδοί
1546 2978 1627 3006 om.
1652 2965 1791 3006 ABC
