2098 3320
762 158 1142 208 ΙΣΤΟΡΙΩΝ
1207 158 1250 206 Α
1875 162 1912 213 1.
1935 175 2001 225 34

166 294 371 347 ἀκόντια
401 295 454 345 δὲ
488 291 565 344 καὶ
597 289 801 358 δοράτια
833 291 912 343 καὶ
941 292 1001 342 τὰ
1037 293 1237 342 τοιαῦτα
1273 287 1436 342 πάντα
1472 293 1609 342 τοῖσι
1644 288 1831 357 χρέων-

165 400 244 431 ται
277 380 327 432 ἐς
358 376 978 470 πόλεμονρἅιᾶρωψέκ
1014 379 1112 428 τῶν
1149 374 1440 441 ἀνδρεώνων
1476 338 1745 440 ἐιέκομίσας
1784 377 1835 428 ἐς

165 449 296 517 τοὺς·
325 453 575 529 θαλάμους
620 458 1000 531 vaj
1046 461 1098 512 τί
1141 461 1187 512 οἱ
1235 457 1540 527 κρεμάμενον
1583 464 1651 529 τῷ
1699 460 1835 512 παιδὶ

167 546 378 620 ἐμπέσῃ.
431 534 672 623 &our-09
759 545 770 565 '
846 548 857 565 ‘
914 546 926 564 '
1135 546 1149 565 ¹
1495 620 1499 622 ι
1575 543 1630 596 ὸν
1674 543 1836 612 γάμοι·
1874 560 2098 637 35:32⁹*

119 656 141 696 5
167 631 451 686 ἀπικνέεται
487 621 661 686 ε’ςῖὰς
1001 651 1045 696 pp
1086 635 1323 702 συμφορῇ
1369 650 1610 698 εχομενος
1655 629 1734 680 καὶ
1780 630 1836 681 οὐ
2090 628 2097 634 ’

168 717 379 785 καθαρὸς
415 722 600 785 χεῖρας,
641 717 734 768 ἐὼν
772 714 916 783 Φρὺξ
946 716 1037 780 μὲν
1074 722 1237 787 γενεῇ,
1271 713 1444 781 γένεος
1481 716 1534 766 δὲ
1563 718 1650 765 τοῦ
1678 719 1832 780 βασι-

165 803 327 868 ληίου.
413 801 677 868 παρελθὼν
736 803 790 853 δὲ
849 800 991 853 οὗτος
1041 801 1091 853 ἐς
1141 802 1201 851 τᾶ
1256 800 1448 887 Κροίξῑο
1489 800 1660 882 Q0256&
1713 800 1835 850 κατὰ

166 888 345 954 νόμους
375 886 489 940 τοὺς
521 887 815 954 ἐπιχωρίους
847 873 1117 951 καθαόσιου
1154 879 1580 954 ἐδεετῶκυρῗῌαι,
1617 887 1836 950 Κροῖσος

166 972 220 1025 δέ
261 994 347 1038 μιν
392 971 618 1038 ἐκάθηρε.
705 970 817 1023 ἔστι
863 972 917 1022 δὲ
961 990 1030 1021 πα
1064 990 1095 1020 α
1134 975 1168 1020 λ
1205 971 1288 1034 σίη
1335 969 1365 1034 ἡ
1416 968 1654 1036 κάθαρσις
1701 973 1835 1020 τοῖσι
1877 989 1900 1020 2

1842 482 2084 551 ωωαιζι.

1041 566 1063 596 ε
1097 566 1151 597 σι
1254 566 1281 595 υ
1324 547 1501 598 παιδος

96 1078 144 1108 10
166 1061 377 1110 Λυδοῖσι
436 1057 515 1109 καὶ
574 1059 708 1107 τοῖσι
756 1053 1000 1120 “Έλλησι.
1090 1055 1252 1107 επείτε
1308 1057 1363 1106 δὲ
1420 1056 1481 1106 τὰ
1538 1053 1837 1119 νομιζόμενα

166 1142 375 1207 ἐποίησε
428 1143 454 1192 6
506 1144 738 1208 Κροῖσος,
796 1138 1097 1192 ἐπυνθάνετο
1149 1139 1325 1191 ὁκόθεν
1376 1160 1431 1190 τε
1484 1138 1563 1190 καὶ
1614 1140 1688 1191 τίς
1742 1140 1833 1203 εἴη,

166 1225 332 1294 λέγων
362 1224 496 1278 τάδε·
551 1224 842 1292 ”Ωνθρωπε,
875 1225 950 1278 τίς
979 1246 1033 1277 τε
1071 1224 1165 1276 ἐὼν
1203 1224 1281 1275 καὶ
1319 1223 1465 1275 κόθεν
1494 1225 1582 1287 τῆς
1614 1225 1836 1290 Φρυγίης
1877 1244 1901 1287 3

167 1312 301 1377 ἥκων
348 1311 574 1374 ἐπίστιός
619 1331 706 1376 μοι
754 1308 949 1377 ἐγένεο;
1010 1310 1120 1361 τίνα
1171 1329 1225 1361 τε
1273 1309 1461 1375 ἀνδρῶν
1507 1304 1536 1372 ἦ
1590 1312 1836 1375 γυναικῶν

167 1396 472 1464 ἐφόνευσας,·
524 1396 550 1445 6
587 1397 640 1447 δὲ
676 1395 933 1460 ἀμείβετο·
975 1392 1050 1444 '³52
1090 1396 1328 1460 βασιλεῦ,
1372 1393 1585 1459 Γορδίεω
1623 1395 1713 1457 μὲν
1750 1396 1837 1443 τοῦ

97 1503 143 1544 15
170 1480 340 1533 Μίδεώ
387 1481 485 1546 εἶμι
525 1484 657 1539 παῖς,
698 1478 1001 1544 ὀνομάζομαι
1046 1481 1099 1531 δὲ
1132 1478 1434 1556 ’ᾈδρηστρςᾼ
1519 1477 1737 1544 ρνὲύσας
1783 1480 1836 1529 δὲ

169 1563 419 1632 ἀδελφεὸν
449 1566 695 1630 ἐμεωυτοῦ
723 1562 880 1630 ἀέκων
893 1553 1117 1630 ’πάρέιμῖ
1146 1561 1513 1628 ἐξεληλαμένος
1543 1560 1721 1629 τεζὺπὸ
1752 1565 1838 1613 τοῦ

168 1644 462 1725 πατρὸς>καὶ
495 1647 822 1715 ἐστερημένος
851 1646 1067 1701 πάντων.
1157 1651 1376 1715 Κροῖσος
1401 1646 1456 1698 δέ
1483 1668 1568 1712 μιν
1599 1647 1837 1712 ἀμείβετο
1875 1667 1903 1710 4

167 1734 370 1786 τοισίδε·
435 1738 638 1801 Ανδρῶν
667 1755 719 1785 τε
752 1720 922 1801 φίλωιᾏ
949 1731 1213 1800 τυγχάνεις
1245 1731 1448 1799 ἔκγονος
1479 1732 1575 1783 ἐὼν
1608 1733 1686 1784 καὶ
1717 1729 1834 1795 ε’λή-

167 1822 321 1872 λυθας
350 1820 403 1872 ἐς
427 1819 625 1885 φίλους,
653 1817 771 1869 ἔνθα
797 1804 1141 1886 ὀήιηχανήσεις
1163 1815 1416 1886 χρήματος
1447 1815 1647 1871 οὐδενὸς
1675 1815 1839 1882 μένων

96 1923 146 1953 20
168 1905 225 1956 ἐν
265 1901 517 1976 ἡμετέρου.
596 1893 861 1970 συμφορὴν
905 1904 958 1954 δὲ
1003 1902 1187 1964 ταύτην
1232 1901 1297 1955 ὡς
1342 1901 1625 1968 κουφότατα
1670 1900 1840 1968 φέρων

172 1985 447 2055 κερδανέεις
476 1992 736 2039 πλεῖστον.
805 1987 830 2037 ὁ
860 1989 950 2052 μὲν
982 1986 1040 2050 δὴ
1070 1987 1265 2055 DJZQQR
1298 1986 1404 2055 εἶχε
1436 1988 1488 2038 ἐν
1518 1987 1757 2055 Κροίσου,
1786 1988 1839 2037 ἐν
1880 1995 1947 2054 36

169 2075 223 2124 δὲ
253 2077 332 2142 τῷ
350 2072 478 2142 αὐτῷ
509 2072 674 2141 χρόνῳ
705 2072 861 2141 τούτῳ
893 2073 947 2124 ἐν
977 2076 1045 2141 τῷ
1078 2072 1261 2141 Μυσίῳ
1285 2070 1527 2141 Ὀλύμπῳ
1558 2070 1641 2124 ὑὸς
1671 2074 1840 2138 χρῆμα

129 2154 134 2160 ’
170 2157 362 2224 γίνεται
396 2155 541 2224 μέγα·
603 2156 887 2223 ὁρμώμενος
922 2158 974 2208 δὲ
1012 2155 1154 2209 οὗτος
1190 2157 1244 2207 ἐκ
1278 2160 1365 2207 τοῦ
1400 2158 1539 2223 ὄρεος
1569 2156 1744 2208 τούτου
1752 2157 1849 2226 Q}

170 2245 268 2292 τῶν
305 2244 498 2293 Μυσῶν
527 2240 671 2310 ἔργα
697 2240 1065 2308 διαφθείρεσκε,
1105 2239 1351 2295 πολλάκις
1382 2243 1435 2293 δὲ
1471 2243 1517 2293 οἱ
1554 2240 1726 2292 Μυσοὶ
1762 2239 1838 2292 ἐπ’

123 2348 145 2390 5
171 2324 319 2385 αὐτὸν
360 2324 650 2391 ἐξελθόντες
690 2324 955 2378 ποιέεσκον
995 2329 1088 2391 μὲν
1131 2325 1280 2378 κακὸν
1319 2324 1479 2384 οὐδέν,
1519 2325 1750 2394 ἔπασχον
1787 2327 1839 2377 δὲ

90 2348 128 2454 C
167 2409 294 2477 ,πρὸς
329 2410 525 2477 αὐτοῦ.)
568 2409 714 2463 τέλος
750 2413 803 2462 δὲ
847 2411 1138 2476 ἀπικόμενοι
1177 2412 1311 2478 παρὰ
1350 2410 1438 2462 τὸν
1480 2414 1701 2477 Κροῖσον
1741 2414 1840 2462 τῶν
1875 2431 1901 2462 2

173 2497 367 2546 Μυσῶν
397 2493 609 2562 ἄγγελοι
639 2494 818 2562 ἔλεγον
850 2494 982 2546 τάδε·
1023 2494 1096 2546 ἲΩ
1126 2499 1363 2561 βασιλεῦ,
1388 2494 1472 2548 ὑὸς
1502 2498 1671 2564 χρῆμα
1700 2493 1839 2562 μέγι-

172 2599 296 2631 στον
317 2578 541 2647 ἀνεφάνη
563 2579 679 2645 ἡμῖν
699 2581 753 2631 ἐν
777 2586 836 2653 τῇ
855 2580 1009 2651 χώρῃ,
1034 2578 1085 2634 ὃς
1106 2581 1165 2631 τὰ
1186 2579 1308 2647 ἔργα
1329 2581 1622 2647 διαφθείρει.
1669 2584 1843 2632 τοῦτον

232 2731 250 2758 1
283 2718 328 2761 δὲ
347 2732 430 2759 orn.
458 2719 541 2759 SV
643 2718 793 2773 δόρατα
815 2719 1086 2759 Herwerden
1255 2733 1280 2768 4
1312 2719 1482 2771 ἔχοντες
1502 2719 1541 2758 V
1561 2733 1570 2758 ε
1600 2733 1653 2758 an
1676 2718 1846 2772 ἔχοντιῖ

172 2785 199 2823 5
227 2775 301 2816 τὰς
320 2788 402 2814 om.
430 2773 469 2812 R
485 2774 514 2813 S
528 2774 567 2812 V
723 2776 750 2812 6
777 2773 895 2827 γένος
916 2774 967 2812 Α1
987 2775 1020 2814 C
1179 2775 1204 2811 8
1236 2777 1404 2828 κυρῆσαι
1426 2775 1463 2812 Α
1478 2774 1511 2812 C
1533 2789 1542 2813 ι
1574 2777 1725 2827 ἐπικυρ.
1751 2775 1842 2814 rell.

178 2841 229 2868 10
256 2829 384 2877 τοῖσι]
407 2829 518 2870 τίσιν
541 2829 580 2867 R
765 2843 819 2871 11.
843 2847 890 2870 τε
911 2842 993 2868 om.
1021 2829 1058 2867 R
1076 2828 1156 2868 SV
1343 2842 1391 2868 12
1422 2831 1599 2881 ἄνθρωπε
1622 2829 1655 2868 Ρ
1671 2830 1709 2868 R
1726 2829 1755 2868 S
1770 2830 1846 2868 Vb

172 2884 228 2925 ὢν
249 2884 283 2923 P
299 2883 338 2922 R
354 2884 384 2923 S
397 2884 435 2923 V
448 2884 474 2923 b
671 2896 718 2934 13
750 2883 939 2926 ἐπέστιος
963 2885 1001 2922 R
1143 2884 1229 2934 ἐμοὶ
1252 2884 1285 2922 Ρ
1300 2884 1339 2922 R
1356 2884 1385 2923 S
1399 2885 1436 2923 V
1448 2885 1474 2922 b
1614 2883 1782 2936 ἐγένετο
1806 2883 1844 2922 R

178 2939 229 2978 16
257 2937 434 2992 πάρειμι]
458 2939 604 2989 incipit
625 2938 660 2977 B
782 2956 830 2980 τε
851 2953 932 2978 om.
956 2940 990 2977 B
1217 2939 1266 2976 18
1295 2943 1435 2980 τοισδε
1460 2939 1492 2977 L
1605 2939 1782 2991 ἕκγωνος
1805 2939 1843 2977 R

159 2999 229 3032 '20
256 2992 464 3047 ἡμετέροις
487 2993 520 3032 Ρ
536 2993 575 3032 R
591 2994 620 3033 S
634 2993 673 3032 V
774 3011 823 3035 τε
844 2994 881 3032 Α
898 2994 932 3032 Β
948 2994 982 3032 C
1150 3006 1201 3032 22
1232 2995 1327 3036 συὸς
1352 2994 1383 3032 L
1528 3005 1580 3042 23
1613 2994 1783 3047 ὅρμεῶμ.
1811 2994 1844 3033 C

175 3051 309 3102 οὔρεος
345 3049 378 3087 C
396 3047 433 3088 R
450 3048 479 3087 S
493 3048 531 3086 V
696 3061 747 3099 24
776 3048 954 3091 πολλάκι
976 3047 1014 3088 Α
1031 3048 1065 3087 Β
1235 3061 1287 3099 25
1319 3047 1507 3091 ἐλθόντες
1540 3049 1573 3087 Ρ
1590 3049 1627 3086 R
1644 3049 1674 3088 S
1689 3049 1727 3087 V

1633 3125 1685 3165 2*

421 3199 974 3298 ζεΐᾶο-ίνωκᾳογρὲ*
1099 3233 1262 3284 *καθα
1283 3217 1458 3264 πλῆσε(
1480 3241 1531 3281 03
1552 3263 1564 3284 ³
1587 3246 1662 3291 ιχ)
1681 3246 1747 3271 -2xs
1770 3272 1776 3277 ,
1798 3238 1850 3267 ψ(
1871 3215 2098 3269 ww‘ss'axff

1116 3300 1136 3320 J.
1208 3315 1214 3320 .
