2098 3320
801 181 1181 230 ιΣΤοΡΙΩΝ
1243 182 1286 228 Α
1923 182 1962 231 1.
1984 168 2064 244 30'

207 334 339 377 κετο
347 334 526 380 παρα
521 310 697 378 ’'Agap-
823 313 872 364 αὶ
917 311 976 376 δη
1014 311 1091 363 καὶ
1138 313 1189 365 ἐς
1239 310 1421 379 Σάρδις
1462 312 1593 377 παρὰ
1642 314 1875 377 Κροῖσον.

205 399 502 464 ἀπικόμενος
562 418 585 449 ε
604 396 765 468 Q
787 418 869 449 ετο
891 383 948 479 ἐν
972 400 1105 448 τοῖσι
1141 385 1592 499 βασιληίοισῠυπὸ
1622 400 1708 447 τοῦ
1735 397 1880 462 Κροί-

207 505 316 535 σου·
347 484 472 548 μετὰ
516 481 648 547 δεχὴ
619 481 775 554 ημέρη
809 483 948 554 τρίτη
979 503 1009 546 η
1047 479 1272 553 τετάρτη,
1301 481 1633 534 κελεύσαντος
1666 482 1885 546 Κροίσου

205 568 293 620 τὸν
324 567 532 619 Σόλωνα
570 565 872 634 θεράποντες
915 568 1160 634 περιῆγον
1193 568 1319 618 κατὰ
1349 565 1464 619 τοὺς
1497 564 1774 632 θησαυροὺς
1807 567 1884 617 καὶ

159 674 181 714 5
207 651 562 705 ἐπεδείκνυσαν
606 650 768 704 πάντα
801 652 948 703 ἐόντα
993 650 1192 718 μεγάλα
1230 673 1285 703 τε
1317 651 1397 702 καὶ
1436 652 1610 716 ὄλβια.
1701 649 1882 715 θεησά-
1920 671 1946 702 2

205 757 355 803 μενον
379 735 434 788 δέ
450 757 535 802 μιν
554 738 614 788 τὰ
637 734 799 789 πάντα
826 736 905 788 καὶ
933 734 1275 803 σκεψάμενον,
1304 736 1370 789 ὥς
1393 738 1440 787 οἳ
1472 737 1593 786 κατὰ
1619 733 1787 804 καιρὸν
1806 733 1882 799 ἧν,
1896 758 1964 783 ω»
1896 742 2098 827 meme

207 822 365 924 εἴρετο
389 822 415 871 ὁ
448 824 665 888 Κροῖσος
695 820 828 873 τάδε·
869 823 1018 873 Ξεῖνε
1055 820 1307 885 Ἀθηναῖε,
1336 819 1450 887 παρ’
1469 819 1624 885 ἡμέας
1649 821 1744 887 γδρ
1774 797 2001 886 περὶωω

207 904 298 958 σέο
328 905 484 973 λόγος
515 906 713 958 ἀπῖκται
755 904 951 959 πολλὸς
984 927 1090 976 καί
1118 907 1304 973 σοφίης
1337 906 1522 957 είνεκεν
1553 907 1639 969 τῆς
1676 907 1770 968 σῆς
1785 905 1891 1007 Eg}

206 988 416 1055 πλάνης,
439 990 504 1044 ὣς
528 989 862 1057 φιλοσοφέων
889 993 985 1058 γῆν
1015 989 1215 1054 πολλὴν
1247 991 1452 1057 θεωρίης
1485 990 1671 1041 εἵνεκεν
1701 988 1882 1054 ἐπελή-

84 1095 193 1181 410
207 1077 376 1128 λυθας·
403 1079 489 1127 νῦν
507 1096 577 1126 ων
582 1096 670 1145 με
703 1095 756 1128 ος
780 1073 1070 1142 ἐπειρέσθαι
1087 1096 1176 1146 μοι
1178 1073 1525 1139 επηλθεσεε
1549 1095 1594 1126 ιν
1486 1068 1737 1139 Θῆδη
1759 1072 1883 1126 πάν-

176 1153 275 1212 ς’τω
327 1159 452 1213 εἶδες
557 1096 1224 1240 ιιώτῧῖᾞῖελπίζων
1249 1181 1376 1212 ειναι
1399 1158 1671 1226 ἀνθρώπων
1696 1159 1883 1224 ὀλβιώ-
1924 1184 1948 1227 3

208 1265 357 1298 τατος
386 1248 542 1296 ταῦτα
573 1244 830 1311 ἐπειρώτα,
862 1244 1040 1296 Σόλων
1064 1247 1117 1297 δε
1155 1245 1298 1297 οὐδὲν
1338 1243 1716 1302 ὑποθωπεύσας,
1751 1244 1886 1295 ἀλλὰ
1910 1245 2098 1305 Roma}

162 1312 200 1388 <
209 1334 276 1399 τῷ
303 1324 449 1398 ἐόντι)
466 1332 783 1397 χρησάμενος
816 1327 973 1396 λέγει·
1003 1328 1076 1379 Ω
1102 1333 1339 1395 βασιλεῦ,
1365 1327 1566 1381 Τέλλον
1598 1327 1882 1393 Ἀθηναῖον.

210 1413 548 1479 ἀποθωμάσας
574 1416 627 1465 δε
652 1416 870 1480 Κροῖσος
893 1418 946 1465 τό
968 1416 1154 1482 λεχθὲν
1174 1415 1332 1481 εἴρετο
1356 1412 1717 1481 ἐπιστρεφέως·
1759 1414 1884 1492 Κοίη
1919 1433 1947 1475 4
1963 1427 2098 1472 suna-4

136 1516 183 1556 15
210 1497 269 1563 δη
290 1499 468 1566 κρίνεις
492 1498 694 1550 Τέλλον
718 1499 843 1551 εἶναι
865 1499 1204 1565 ὀλβιώτατον,·
1252 1500 1278 1549 ὁ
1302 1500 1356 1551 δὲ
1381 1520 1505 1551 ειπε·
1536 1468 1924 1549 Τέλλωῗῶο
1932 1506 1988 1556 Ἃ,
2005 1505 2056 1555 δ’

0 1595 184 1659 hmo-3
208 1604 300 1648 μεν
319 1586 406 1648 τῆς
434 1583 611 1637 πόλιος
635 1605 686 1634 ευ
710 1583 929 1648 ᾐκούσῃς
953 1582 1180 1637 παῖδες
1149 1605 1281 1648 ησαν
1301 1584 1450 1636 καλοί
1476 1604 1530 1635 τε
1553 1557 1803 1659 κᾶγαθοι,
1805 1596 1885 1634 και

199 1673 311 1740 Q
339 1667 438 1720 εἳδε
455 1666 626 1737 Qu
669 1667 817 1720 τέκνα
857 1669 1158 1736 ἐκγενόμενα
1194 1669 1274 1721 καὶ
1310 1667 1472 1721 πάντα
1495 1668 1881 1734 παραμείναντα,

185 1750 439 1832 Tfizffi}
470 1756 557 1804 τοῦ
579 1753 698 1817 βίου
737 1774 789 1805 ευ
820 1753 1006 1817 ἥκοντι,
1035 1753 1101 1808 ὡς
1144 1754 1205 1804 τὰ
1245 1753 1360 1820 παρ’
1396 1753 1531 1819 ἡμιν,
1564 1750 1761 1804 τελευτ
1797 1756 1884 1803 τοῦ

210 1841 327 1902 βιου
388 1835 712 1942 RQ
773 1836 1055 1905 ἐπεγένετο·
1103 1837 1375 1906 γενομένης
1427 1839 1522 1905 γὰρ
1570 1837 1883 1901 Ἀθηναίοισι
1925 1857 1945 1902 5

138 1939 187 1971 20
211 1941 278 1988 μα
263 1919 375 1989 'XOE
409 1942 446 1973 π
478 1925 532 1975 ὂς
574 1921 688 1975 τοὺς
725 1922 1082 1990 ἀστυγείτονας
1122 1924 1175 1975 ἐν
1207 1922 1467 1975 Ἐλευσῖνι
1502 1920 1767 1987 βοηθήσας
1804 1921 1882 1972 καὶ

208 1995 411 2072 τρὸπῗῇ
471 2003 647 2070 οιήσας
680 2012 779 2059 τῶν
823 2007 1077 2073 πολεμίων
1120 2006 1339 2060 ἀπέθανε
1375 2006 1642 2070 κάλλιστα,
1688 2007 1771 2057 καί
1796 2027 1882 2071 μιν

0 2141 109 2181 ,ἢ
209 2088 464 2155 Ἀθηναῖοι
514 2091 727 2164 δημοσίη
783 2112 839 2143 τε
887 2091 1086 2159 ἔθαψαν
1135 2091 1284 2144 αὐτοῦ
1329 2099 1390 2165 τῇ
1443 2113 1535 2158 περ
1588 2091 1742 2144 ἔπεσε
1802 2091 1880 2142 καὶ
1996 2159 2098 2184 mn«

0 2175 453 2240 mrmmssrcunffav
482 2174 731 2243 μεγάλως.
828 2176 893 2230 ὡς
924 2179 976 2228 δὲ
1015 2179 1077 2228 τὰ
1117 2179 1239 2228 κατὰ
1281 2176 1366 2229 τὸν
1401 2150 2098 2253 Tghkofflm

147 2239 412 2364 Q&
456 2260 632 2312 Σόλων
674 2259 762 2312 τὸν
813 2264 1033 2328 Κροῖσον
1079 2263 1222 2315 εἴπας
1265 2260 1436 2314 πολλά
1478 2282 1532 2313 τε
1579 2261 1658 2312 καὶ
1703 2251 1875 2326 ὄλβια,
1917 2246 2098 2298 W

134 2362 181 2404 25
207 2343 448 2411 ἐπειρωτα
495 2346 607 2397 τίνα
658 2345 885 2437 δεύτερον
923 2345 1030 2411 μετ’
1084 2347 1274 2399 ἐκεῖνον
1326 2349 1440 2407 ἵδοι,
1486 2345 1671 2398 δοκέων
1708 2344 1879 2419 πάγχυ

207 2401 871 2533 δευτερειαργωνθσεσθαι
937 2431 964 2482 ὁ
995 2433 1048 2483 δὲ
1074 2452 1198 2483 ειπε·
1232 2430 1459 2497 Κλέοβίν
1480 2452 1535 2483 τε
1558 2452 1639 2482 και
1666 2431 1795 2482 Βίτω

205 2512 428 2597 τούτοισι
462 2515 557 2582 γὰρ
602 2516 742 2566 ἐοῦσι
773 2513 919 2582 γένος
962 2514 1241 2583 Ἀργείοισι
1276 2517 1393 2581 βίος
1424 2537 1478 2568 τε
1522 2450 1971 2728 ἆρκέωῷ

1969 1620 2098 1681 SPE

1949 1655 2053 1675 «Nox

262 2650 458 2702 ΙἌμασι
481 2649 590 2690 RVl
783 2665 809 2691 2
839 2656 913 2694 τοῦ
931 2666 1014 2694 orn.
1042 2653 1124 2693 RS
1139 2653 1178 2692 V
1338 2666 1364 2703 3
1394 2652 1572 2706 τετράτη
1595 2653 1634 2691 R
1656 2665 1867 2705 suprascr.

205 2718 229 2756 7
257 2707 346 2757 περὶ
367 2705 460 2758 σέο]
483 2721 531 2747 σε
553 2707 592 2746 R
608 2706 638 2746 S
651 2707 692 2746 V
712 2705 860 2757 (supra
880 2707 974 2760 lin.)
1113 2710 1266 2750 εἵνεκεν
1285 2709 1368 2749 del.
1395 2709 1517 2748 Stein
1735 2721 1763 2758 9
1790 2712 1872 2760 γῆν

203 2761 366 2811 πολλὴν
385 2760 421 2800 C
435 2761 491 2801 Ρ.
521 2762 600 2811 τὴν
618 2763 781 2811 πολλὴν
799 2762 839 2801 Α
860 2776 870 2802 t
898 2765 972 2811 τῆς
992 2765 1149 2812 πολλῆς
1173 2763 1211 2801 R
1228 2763 1257 2803 S
1273 2763 1310 2802 V
1323 2764 1349 2802 b
1493 2776 1544 2802 10
1574 2763 1802 2815 ἐπείρεσθαί
1820 2780 1870 2812 με
1923 2752 1951 2811 J
2061 2784 2085 2843 A

200 2816 334 2870 ἵμερος
362 2814 500 2855 ACP
664 2833 713 2858 σε
743 2829 823 2856 om.
860 2817 1035 2856 RSVb
1260 2832 1308 2868 14
1343 2819 1543 2869 ἇποθωυμ.
1575 2818 1669 2856 AR
1686 2816 1909 2857 SVbPc
1959 2831 2043 2874 „m

204 2873 372 2922 Κροῖσος
391 2869 437 2911 δὲ
457 2871 631 2918 ἄποθωμ.
657 2871 690 2910 C
707 2871 741 2909 P
915 2871 1189 2926 ἐπιστροφέως
1210 2873 1243 2912 C
1462 2885 1510 2923 15
1540 2871 1683 2924 τοῦτο]
1707 2871 1807 2914 τότε
1830 2871 1869 2909 R
1899 2840 1970 2929 S
1945 2896 2001 2927 vx)
2014 2880 2073 2941 s
2050 2881 2076 2919 ζ

202 2938 440 2976 suprascr.
431 2956 440 2966 .
470 2930 527 2968 τῶ
548 2926 603 2968 S.
634 2930 691 2969 τὼ
713 2929 749 2967 V
932 2940 980 2977 17
1010 2930 1072 2968 ἴδε
1095 2928 1131 2966 R
1147 2927 1230 2966 SV
1438 2929 1488 2967 18
1517 2929 1575 2970 εἷς
1593 2931 1715 2968 τοῦτο
1734 2925 1796 2967 V.
1830 2929 1870 2967 ἐς

201 2981 324 3023 τοῦτο
345 2978 375 3018 S
389 2979 416 3018 b
535 2993 587 3018 22
615 2997 662 3021 τε
681 2993 764 3020 om.
789 2980 818 3020 S
832 2980 870 3019 V
994 2995 1046 3032 23
1074 2981 1147 3035 τὰ]
1169 2985 1256 3025 τοῖς
1278 2981 1441 3023 Reiske
1566 2996 1618 3032 24
1649 2981 1771 3023 εἷπὼν
1788 2981 1870 3022 SV
1903 2988 1911 3029 (
1933 3001 1986 3030 ι,
1966 2990 2042 3024 ’ἲς
2052 2993 2097 3025 4²⁹

202 3035 255 3084 225
286 3035 382 3076 εἴδοι
405 3033 496 3073 RV
578 3035 742 3087 παχύαν
763 3035 808 3074 S¹
828 3050 838 3075 ε
867 3036 1017 3089 παγίαν
1036 3037 1074 3075 V

967 3110 982 3130 k
1325 3124 1335 3147 Ι
1467 3134 1482 3147 Α
1871 3123 1876 3140 ”

970 3126 1403 3248 υπὸῗωηευω
1428 3159 1471 3197 ”s
1493 3151 1656 3213 Ῐοκῆυ
1809 3157 2028 3224 ΓΥ-,Ψϋζ

1031 3247 1310 3320 ᾱόᾅὲἕε..
1378 3290 1425 3320 ι,
1835 3242 2098 3320 “Ham
