2098 3320
779 122 1160 171 ΙΣΤΟΡΙΩΝ
1225 122 1266 170 Α

193 261 338 325 τιμᾶν
367 278 421 310 τε
457 255 605 309 αὐτὸν
645 255 725 308 καὶ
762 255 815 308 εὖ
856 254 1059 314 ποιέειν,
1094 250 1155 319 ἢν
1194 255 1223 320 ἡ
1266 253 1503 321 διάβασις
1533 254 1562 319 ἡ
1596 254 1678 307 ἐπὶ
1712 259 1860 306 Μασ-

195 341 410 410 σαγέτας
456 341 523 408 μὴ
574 342 783 414 ὀρθωθῇ,
839 345 992 392 ταῦτα
1037 338 1385 405 ἐντειλάμενος
1433 339 1511 391 καὶ
1539 341 1864 401 ,ἀποστείλας

191 428 393 481 τούτους
424 428 474 481 ἐς
506 424 711 492 Πέρσας
731 424 876 479 αὐτὸς
900 423 1124 491 διέβαινε
1144 423 1231 476 τὸν
1254 423 1476 490 ποταμὸν
1498 425 1577 476 καὶ
1603 425 1628 474 6
1653 424 1864 491 στρατὸς

193 511 354 564 αὐτοῦ.
424 512 586 563 ἐπείτε
609 511 662 562 δὲ
688 510 960 577 ἐπεραιώθη
985 509 1072 562 τὸν
1094 507 1326 576 Ἀράξεα,
1353 507 1528 562 νυκτὸς
1552 509 1862 574 ἐπελθούσης

145 595 292 661 5εἶδε
338 597 460 663 ὄψιν
496 595 649 647 εὕδων
688 596 743 646 ἐν
786 599 885 646 τῶν
933 592 1320 661 Μασσαγετέων
1365 594 1423 666 τῇ
1468 594 1605 665 χώρῃ
1651 592 1861 658 τοιήνδε·

193 680 359 732 ἐδόκεε
389 682 415 731 6
448 683 607 746 Κῦρος
653 681 706 730 ἐν
747 683 814 748 τῷ
855 680 992 749 ὕπνῳ
1033 680 1153 747 ὁρᾶν
1198 683 1297 730 τῶν
1327 677 1647 731 Ὑστάσπεος
1671 680 1864 730 παίδων

191 765 278 817 τὸν
308 765 660 832 πρεσβύτατον
691 763 875 831 ἔχοντα
913 764 994 816 ἐπὶ
1036 768 1135 816 τῶν
1171 763 1318 828 ὤμων
1361 762 1607 830 πτέρυγας
1641 763 1719 814 καὶ
1750 785 1857 815 του-

191 848 316 902 τέων
354 850 412 922 τῇ
448 851 540 915 μὲν
574 848 664 912 τὴν
701 847 897 913 Ἀσίην,
938 849 996 920 τῇ
1039 851 1092 900 δὲ
1140 847 1230 912 τὴν
1269 847 1515 915 Εὐρώπην
1538 847 1859 912 ἐπισκιάζειν.

190 932 472 986 εὙστάσπεϊ
507 935 559 985 δὲ
599 934 666 1003 τῷ
697 931 995 1000 Ἀρσάμεος,
1046 933 1179 985 ἐόντι
1228 932 1367 999 ἀνδρὶ
1409 933 1750 1005 Ἀχαιμενίδῃ,
1802 933 1862 998 ἦν

117 1041 168 1071 10
191 1023 289 1071 τῶν
340 1019 548 1071 παίδων»
576 1022 789 1085 Δαρεῖος
842 1017 1209 1084 πρεσβύτατος,
1258 1019 1353 1069 ἐὼν
1404 1018 1517 1069 τότε
1567 1018 1766 1083 ἡλικίην
1811 1019 1862 1072 ἐς

191 1105 356 1156 εἴκοσί
383 1125 467 1155 κου
495 1101 719 1169 μάλιστα
730 1091 866 1161 ἐτεά,
893 1103 970 1154 καὶ
994 1102 1135 1155 οὗτος
1157 1101 1511 1154 κατελέλειπτο
1531 1104 1584 1154 ἐν
1606 1102 1858 1174 Πέρσῃσι·

190 1189 248 1242 οὗ
277 1190 371 1256 γὰρ
404 1187 511 1256 εἶχέ
542 1209 608 1239 κω
639 1188 839 1253 ἡλικίην
872 1187 1249 1254 στρατεύεσθαι.
1315 1187 1422 1239 ἐπεὶ
1446 1184 1514 1238 ὧν
1535 1186 1592 1250 δὴ
1619 1185 1859 1255 ἐξηγέρθη

191 1274 218 1324 6
249 1276 443 1341 Κῦρος,
485 1273 645 1325 ἐδίδου
687 1273 844 1339 λόγον
889 1273 1053 1344 ἑωυτῷ
1087 1273 1197 1339 περὶ
1241 1274 1329 1336 τῆς
1373 1274 1536 1339 ὄψιος.
1606 1271 1670 1325 ὡς
1716 1271 1771 1323 δέ
1814 1274 1859 1323 οἱ

193 1358 359 1410 ἐδόκεε
388 1356 582 1425 μεγάλη
621 1356 746 1410 εἶναι
781 1357 810 1422 ἡ
854 1358 989 1424 ὄψις,
1031 1356 1251 1410 καλέσας
1286 1355 1582 1408 Ὑστάσπεα
1619 1357 1699 1407 καὶ
1735 1358 1856 1409 ἀπο-

119 1463 164 1505 15
191 1444 370 1509 λαβὼν
398 1446 582 1508 μοῦνον
614 1442 736 1494 εἶπε·
774 1440 1087 1500 ‘'Tamo-ms,
1121 1446 1237 1494 παῖς
1268 1441 1357 1495 σὸς
1383 1442 1728 1506 ἐπιβουλεύων
1751 1443 1866 1506 ἐμοί

193 1549 247 1580 τε
278 1527 356 1579 καὶ
385 1527 444 1599 τῇ
477 1528 567 1599 ἐμῇ
599 1528 730 1600 ἀρχῇ
761 1525 966 1578 ἑάλωκε·
1013 1526 1078 1579 ὡς
1100 1529 1322 1578 δὲταῦτα
1347 1524 1588 1592 ἀτρεκέως
1612 1525 1736 1584 οἶδα,
1761 1526 1859 1592 ἐγὼ

126 1604 129 1607 ¹
195 1611 442 1678 σημανέω.
533 1614 648 1677 ἐμεῦ
682 1610 786 1663 θεοὶ
819 1609 1050 1676 κήδονται
1083 1612 1166 1662 καί
1184 1632 1269 1676 μοι
1299 1610 1462 1662 πάντα
1483 1610 1858 1678 προδεικνύουσι

149 1697 159 1706 ⁷
194 1699 255 1748 τὰ
293 1697 646 1764 ἐπιφερόμενα·
708 1695 799 1761 ἤδη
842 1693 910 1748 ὧν
953 1698 1006 1748 ἐν
1046 1696 1105 1768 τῇ
1146 1694 1484 1767 παροιχομένῃ
1526 1697 1662 1748 νυκτὶ
1705 1697 1858 1748 εὕδων

195 1781 326 1834 εἶδον
349 1786 446 1834 τῶν
467 1786 571 1833 σῶν
588 1782 783 1834 παίδων
806 1780 892 1833 τὸν
913 1781 1265 1848 πρεσβύτατον
1290 1780 1472 1848 ἔχοντα
1492 1781 1572 1833 ἐπὶ
1591 1785 1688 1832 τῶν
1713 1781 1858 1847 ὤμων

116 1887 166 1916 20
192 1865 437 1935 πτέρυγας
459 1866 538 1918 καὶ
561 1864 790 1933 τουτέων,
806 1873 866 1939 τῇ
888 1868 980 1932 μὲν
1003 1865 1094 1930 τὴν
1118 1865 1316 1930 Ἀσίην,
1341 1866 1399 1938 τῇ
1423 1867 1475 1917 δὲ
1497 1865 1588 1930 τὴν
1614 1865 1857 1932 Εὐρώπην

193 1950 514 2016 ἐπισκιάζειν.
603 1951 690 2003 οὐκ
727 1947 796 2003 ὧν
832 1950 944 2002 ἔστι
987 1950 1186 2019 μηχανὴ
1226 1949 1323 2003 ἀπὸ
1364 1954 1451 2016 τῆς
1491 1952 1641 2018 ὄψιος
1678 1951 1858 2015 ταύτης

190 2036 393 2102 οὐδεμία
421 2035 480 2088 τὸ
509 2034 575 2101 μὴ
606 2035 663 2087 οὐ
694 2040 856 2087 κεῖνον
887 2036 1236 2102 ἐπιβουλεύειν
1269 2036 1393 2101 ἐμοί.
1477 2035 1540 2086 σὺ
1571 2037 1736 2087 τοίνυν
1765 2035 1855 2099 τὴν

1904 123 1939 171 I.
1963 124 2064 172 208

1902 522 2008 571 209
2053 490 2058 494 ⁴

1898 954 1922 985 2

1895 1974 1916 2018 5

191 2122 437 2189 ταχίστην
473 2120 676 2188 πορεύεο
707 2122 870 2173 ὀπίσω
903 2122 953 2174 ἐς
984 2119 1188 2188 Πέρσας
1232 2120 1311 2171 καὶ
1349 2122 1487 2172 ποίεε
1527 2121 1668 2179 ὅκως,
1702 2122 1855 2172 ἐπεὰν
1904 2157 1907 2159 >

183 2205 287 2272 ἐγὼ
319 2204 436 2257 τάδε
468 2204 942 2272 καταστρεψάμενος
974 2205 1104 2257 ἔλθω
1148 2207 1264 2268 ἐκεῖ,
1296 2205 1360 2259 ὥς
1400 2226 1484 2270 μοι
1523 2203 1855 2270 καταστήσεις

113 2309 161 2351 25
186 2288 273 2341 τὸν
303 2294 454 2342 παῖδα
490 2291 541 2344 ἐς
571 2290 803 2359 ἔλεγχον.
892 2294 1051 2358 Κῦρος
1079 2292 1171 2356 μὲν
1202 2288 1387 2341 δοκέων
1417 2292 1463 2341 οἱ
1497 2294 1712 2357 Δαρεῖον
1744 2292 1851 2342 ἐπικ

186 2370 451 2439 βουλεύειν
487 2375 632 2442 ἔλεγε
654 2374 787 2427 τάδε·
834 2375 900 2445 τῷ
922 2377 975 2427 δὲ
1012 2376 1038 2425 ὁ
1069 2376 1258 2440 δαίμων
1295 2373 1570 2442 προέφαινε
1607 2375 1671 2428 ὡς
1709 2374 1854 2429 αὐτὸς

119 2472 122 2475 ’
184 2460 274 2523 μὲν
303 2457 623 2524 τελευτήσειν
653 2459 801 2511 αὐτοῦ
842 2459 996 2532 ταύτῃ
1032 2458 1229 2525 μέλλοι,
1274 2459 1302 2524 ἡ
1344 2462 1393 2511 δὲ
1427 2460 1674 2525 βασιληίη
1707 2461 1854 2513 αὐτοῦ

239 2609 257 2636 1
291 2596 483 2640 εὐποιέειν
505 2597 541 2637 Β
557 2597 595 2636 R
610 2598 646 2638 V
826 2611 851 2648 4
882 2597 1047 2652 Ἀράξην
1070 2597 1109 2636 R
1125 2598 1205 2637 SV
1389 2600 1416 2637 6
1447 2602 1490 2639 ἐν
1510 2604 1567 2652 τῷ
1588 2601 1693 2652 ὕπνῳ
1714 2613 1794 2639 om.
1822 2600 1853 2639 S

186 2665 208 2703 7
229 2652 332 2706 τῶν]
349 2654 421 2695 τὸν
435 2653 476 2692 R
587 2666 614 2703 9
634 2652 859 2703 ’Τστάσπηι
879 2653 918 2692 Α
934 2653 968 2692 Β
1065 2652 1305 2707 Ἀρσάμενος
1328 2652 1362 2692 Β
1380 2653 1418 2691 R
1434 2654 1463 2694 S
1476 2652 1529 2692 V¹
1548 2668 1555 2693 :
1589 2653 1853 2708 Ἀρσαμένεος

183 2705 241 2746 V2
486 2721 501 2747 1
513 2722 529 2747 1
563 2725 632 2750 κου
653 2721 737 2749 om.
762 2709 797 2748 C
915 2707 1114 2767 καταλέλ.
1141 2708 1174 2747 C
1190 2709 1222 2747 P
1237 2708 1275 2746 R
1291 2708 1321 2748 S
1334 2708 1372 2746 V
1587 2722 1635 2748 12
1667 2709 1851 2764 ἐξεγέρθη

186 2761 285 2802 PCc
468 2776 516 2814 13
545 2763 671 2816 ὅψεως
691 2763 755 2803 V:
786 2763 872 2816 ὄψις
894 2763 931 2802 Α
946 2761 999 2802 Β1
1188 2776 1235 2814 17
1267 2762 1457 2813 κηδέαται
1480 2764 1514 2802 C
1680 2778 1732 2804 22
1761 2765 1852 2806 οὐδὲ

182 2817 253 2868 μίη
294 2817 333 2856 R
351 2817 381 2858 S
397 2818 438 2858 V
562 2821 607 2859 οὐ
644 2821 775 2861 κεῖνον
814 2819 1009 2860 Dobree:
1057 2821 1207 2859 ἐκεῖνον
1250 2818 1282 2856 L
1404 2819 1557 2872 τοίνυν]
1599 2824 1668 2861 νῦν
1706 2819 1744 2858 Α
1763 2820 1797 2859 Β
1817 2820 1850 2858 C

181 2872 441 2966 Ξ3Βτὲιρεύου
477 2874 612 2914 RSV
829 2887 880 2924 24
921 2874 1185 2928 καταστήσῃς
1215 2873 1396 2914 ABCS
1596 2876 1649 2913 26
1690 2875 1731 2927 ὁ]
1764 2878 1799 2916 οἱ
1829 2880 1850 2916 ὁ

1635 3015 1685 3055 8*

1892 2305 1983 2341 210
