2098 3320
719 104 1098 154 ΙΣΤΟΡΙΩΝ
1162 109 1207 155 Δ
1836 109 1922 157 IV.
1951 111 2006 158 81

42 299 45 302 ι
134 236 320 306 βρότου
359 233 583 300 ἀνέθηκε.
658 232 715 289 ὃς
753 236 808 287 δὲ
847 234 914 301 μὴ
956 234 1056 288 εἶδέ
1097 258 1163 288 κω
1204 240 1395 298 τοῦτον,
1428 239 1524 291 ὦδε
1563 239 1795 304 δηλώσω·
1825 257 1852 298 4

31 363 34 367 .
99 317 424 394 ,ἑξακοσίους
486 317 743 387 ἀμφορέας
807 317 1049 374 εὐπετέως
1110 320 1289 390 χωρέει
1346 322 1403 374 τὸ
1463 324 1518 375 ἐν
1576 324 1799 396 Σκύθῃσι

0 391 8 471 ἶ
134 402 395 474 χαλκήιον,
442 402 605 473 πάχος
663 406 717 456 δὲ
774 403 832 456 τὸ
891 403 1131 458 Σκυθικὸν
1189 410 1331 459 τοῦτο
1383 405 1628 476 χαλκήιόν
1687 410 1799 461 ἐστι

0 481 25 583 ὲ
135 489 392 542 δακτύλων
435 486 505 554 ἕξ.
585 492 732 540 τοῦτο
775 486 844 540 ὧν
885 488 1064 556 ἔλεγον
1101 491 1147 542 οἱ
1185 491 1441 559 ἐπιχώριοι
1481 491 1580 544 ἀπὸ
1617 493 1798 559 ἀρδ-ίων
1811 504 2098 543 munel

88 595 112 638 5
135 572 387 643 γενέσθαι.
477 573 794 639 βουλόμενον
852 574 949 640 γὰρ
1006 573 1094 626 τὸν
1153 574 1400 642 σφέτερον
1455 575 1695 640 βασιλέα,
1729 582 1796 647 τῷ
1835 593 1856 639 5

135 657 322 724 οὕνομα
367 655 493 710 εἶναι
545 655 826 724 Ἀριάνταν,
878 653 1087 725 [τοῦτον]
1142 658 1324 711 εἰδέναι
1375 660 1432 712 τὸ
1490 664 1683 726 πλῆθος
1739 661 1798 713 τὸ

0 746 24 814 ξ’
135 740 365 796 Σκυθέων
407 740 630 794 κελεύειν
672 762 757 807 μιν
792 740 981 797 πάντας
1018 744 1211 797 Σκύθας
1246 743 1386 811 ἄρδιν
1428 745 1641 797 ἕκαστον
1678 746 1798 811 μίαν

135 822 252 893 [ἀπὸ
295 831 382 880 τοῦ
424 821 617 891 ὀϊστοῦ]
662 826 881 892 κομίσαι·
934 826 989 881 ὃς
1033 826 1075 879 δ’
1118 827 1181 880 ἂν
1223 828 1289 893 μὴ
1337 830 1535 901 κομίσῃ,
1583 828 1798 883 θάνατον

6 972 11 978 k
133 911 352 964 ἀπείλεε.
441 912 742 977 κομισθῆναί
781 933 836 964 τε
877 910 936 976 δὴ
977 915 1145 980 χρῆμα
1180 916 1372 965 πολλὸν
1416 914 1598 981 ἀρδίων
1635 915 1718 967 καί
1750 917 1796 968 οἱ
1826 922 1855 967 6

0 973 20 1065 5
63 991 351 1061 ιοδόξαιέξ
368 994 558 1049 αὗτέων
574 996 898 1062 μνημόσυνον
917 995 1186 1061 ποιήσαντι
1207 996 1460 1050 λιπέσθαι·
1508 1000 1563 1050 ἐκ
1582 997 1796 1052 τουτέων

6 1077 22 1082 ”
132 1078 192 1145 δή
233 1101 320 1146 μιν
361 1079 420 1132 τὸ
462 1078 708 1150 χαλκήιον
753 1083 961 1146 ποιῆσαι
1003 1085 1149 1133 τοῦτο
1195 1082 1272 1134 καὶ
1315 1083 1571 1135 ἀναθεῖναι
1616 1085 1666 1137 ἐς
1708 1083 1796 1136 τὸν

133 1162 441 1231 Ἐξαμπαῖον
477 1169 666 1218 τοῦτον.
742 1169 894 1217 ταῦτα
924 1165 982 1231 δὴ
1020 1165 1130 1233 περὶ
1169 1171 1255 1219 τοῦ
1290 1165 1508 1232 πλήθεος
1549 1172 1635 1219 τοῦ
1670 1172 1793 1220 Σκυ-

133 1247 260 1301 θέων
295 1247 491 1314 ἤκουον.
574 1248 806 1316 θωμάσια
850 1253 903 1303 δὲ
937 1250 967 1315 ἡ
1012 1251 1149 1319 χώρη
1186 1252 1305 1316 αὕτη
1352 1251 1438 1303 οὐκ
1482 1251 1604 1319 ἔχει,
1642 1252 1795 1320 χωρὶς
1833 1252 1900 1301 82

130 1329 162 1399 ἢ
191 1334 268 1386 ὅτι
298 1335 546 1400 ποταμούς
575 1355 629 1387 τε
657 1340 831 1405 πολλῷ
861 1336 1129 1402 μεγίστους
1160 1335 1238 1387 καὶ
1270 1337 1477 1402 ἀριθμὸν
1507 1336 1792 1391 πλείστους.

1 1489 6 1493 q
60 1435 108 1479 15
131 1416 188 1470 rb
216 1420 271 1471 δὲ
301 1418 630 1485 ἀποθωμάσαι
671 1418 813 1484 ἄξιον
859 1420 937 1471 καὶ
980 1418 1139 1487 πάρεξ
1173 1425 1271 1472 τῶν
1312 1424 1548 1485 ποταμῶν
1590 1420 1669 1472 καὶ
1708 1426 1795 1472 τοῦ

130 1501 372 1570 μεγάθεος
402 1508 489 1555 τοῦ
518 1503 691 1556 πεδίου
721 1503 1009 1572 παρέχεται,
1037 1503 1303 1571 εἰρήσεται·
1350 1506 1492 1573 ’ίχνος
1514 1502 1794 1568 “Ηρακλέος

132 1588 372 1654 φαίνουσι
402 1589 456 1640 ἐν
485 1586 641 1660 πέτρῃ
682 1589 837 1647 ἐνεόν,
872 1588 928 1640 τὸ
968 1589 1072 1641 οἶκε
1107 1591 1199 1654 μὲν
1234 1587 1425 1654 βήματι
1459 1589 1650 1655 ἀνδρός,
1684 1588 1795 1640 ἔστι

131 1674 185 1725 δὲ
224 1671 280 1727 τὸ
319 1670 536 1740 μέγαθος
571 1674 772 1741 δίπηχυ,
810 1675 944 1739 παρὰ
988 1672 1076 1725 τὸν
1118 1672 1284 1740 Τύρην
1326 1673 1563 1738 ποταμόν.
1652 1678 1790 1724 τοῦτο

0 1794 25 1812 2
129 1754 222 1822 μέν
258 1777 345 1810 νυν
387 1758 611 1810 τοιοῦτόν
646 1759 778 1817 ε’στι,
824 1755 1148 1823 ἀναβήσομαι
1189 1760 1242 1810 δὲ
1278 1759 1328 1811 ἐς
1370 1761 1456 1809 τὸν
1498 1756 1603 1809 κατ’
1634 1758 1794 1826 ἀρχὰς

15 1833 19 1835 ‚
59 1857 117 1892 20·
129 1838 213 1906 ἤια
241 1839 403 1907 λέξων
432 1842 606 1909 λόγον.

214 1925 724 1994 Παρασκευαζομένου
767 1928 981 1994 Δαρείου
1021 1926 1103 1979 ἐπὶ
1146 1925 1259 1980 τοὺς
1296 1927 1487 1980 Σκύθας
1533 1926 1612 1978 καὶ
1656 1946 1790 1992 περι·
1834 1932 1898 1991 83

132 2001 408 2076 πέμποντος
445 2010 692 2079 ἀγγέλους
729 2011 1054 2076 ἐπιτάξοντας
1088 2015 1223 2063 τοῖσι
1257 2012 1349 2076 μὲν
1379 2009 1529 2075 πεζὸν
1559 2011 1791 2077 στρατόν,

129 2082 265 2148 τοῖσι
303 2098 357 2148 δὲ
397 2094 512 2151 νέας
556 2095 810 2165 παρέχειν,
846 2101 980 2148 τοῖσι
1023 2098 1076 2148 δὲ
1124 2095 1378 2162 ζευγνύναι
1421 2094 1508 2147 τὸν
1554 2095 1793 2161 Θρηίκιον

132 2180 411 2247 Βόσπορον,
433 2179 747 2248 Ἀρτάβανος
769 2182 795 2232 ὁ
815 2179 1147 2240 Ὑστάσπεος,
1170 2179 1417 2246 ἀδελφεὸς
1441 2179 1535 2231 ἐὼν
1562 2179 1790 2246 Δαρείου,

57 2282 104 2324 25
129 2262 324 2333 ἐχρήιζε
373 2268 607 2331 μηδαμῶς
656 2265 804 2318 αὐτὸν
858 2264 1097 2332 στρατιὴν
1150 2265 1229 2317 ἐπὶ
1283 2263 1473 2318 Σκύθας
1517 2262 1789 2323 ποιέεσθαι,
1839 2326 1849 2336 ο
1895 2321 1978 2358 ,ω

130 2348 418 2420 καταλέγων
447 2354 545 2402 τῶν
576 2349 806 2403 Σκυθέων
835 2349 925 2415 τὴν
962 2350 1186 2422 ἀπρρίην.
1262 2347 1379 2399 ἀλλ’
1410 2347 1465 2398 οὐ
1505 2349 1598 2414 γὰρ
1628 2318 1906 2400 ἔπειθεΔΞΙΡ
1938 2397 1975 2420 ι
2049 2319 2078 2384 ⁷

129 2433 493 2500 συμβουλεύων
533 2437 579 2487 οἱ
619 2433 835 2504 χρηστά,
869 2435 895 2485 ὁ
935 2436 1027 2499 μὲν
1068 2431 1329 2491 ἐπέπαυτο,
1364 2433 1390 2483 ὁ
1421 2431 1490 2490 δέ,
1536 2429 1702 2495 ἐπειδή
1746 2434 1792 2483 οἱ
2079 2436 2098 2452 “

181 2584 207 2622 4
236 2571 306 2614 οὖν
326 2571 367 2611 R
380 2573 418 2613 V
522 2544 607 2615 ’ἀπὸ
628 2586 708 2612 om.
736 2572 774 2611 R
790 2572 820 2612 S
834 2573 872 2611 V
1000 2574 1028 2611 6
1058 2574 1206 2622 οὔνομα
1226 2571 1344 2623 εἶναι]
1367 2573 1514 2621 οὔνομα
1536 2570 1565 2609 S
1585 2584 1594 2608 :
1624 2572 1732 2611 οὔναι
1752 2568 1791 2607 V

128 2629 275 2669 τοῦτον
294 2628 374 2668 del.
399 2627 604 2668 Schaeser
748 2629 819 2667 alt.
843 2626 911 2679 rb]
935 2631 1017 2668 τῶν
1037 2627 1071 2666 C
1087 2627 1119 2665 P
1133 2628 1170 2666 R
1188 2627 1218 2666 S
1231 2626 1268 2664 V
1474 2638 1495 2674 7
1525 2623 1684 2666 πάντως
1706 2624 1736 2664 S
1750 2624 1788 2662 V

128 2681 155 2720 8
183 2683 261 2724 ἀπὸ
288 2686 361 2724 τοῦ
391 2683 424 2724 ὀ.
445 2683 526 2722 del.
553 2682 675 2723 Stein
869 2695 896 2732 9
925 2699 992 2723 ται
1023 2684 1070 2730 δῆ
1104 2682 1171 2720 R:
1213 2698 1259 2721 τε
1289 2679 1451 2719 ABC:
1494 2680 1542 2729 δὴ
1571 2679 1636 2719 V:
1679 2678 1723 2720 δὲ
1755 2680 1786 2718 S

134 2747 184 2776 10
213 2739 344 2779 αὐτῶν
365 2737 405 2776 R
420 2737 450 2777 S
462 2738 502 2777 V
656 2737 827 2787 ποιήσας
849 2736 889 2775 Α
904 2737 938 2774 Β
955 2737 988 2775 C
1145 2735 1302 2777 τούτων
1321 2735 1360 2773 Α
1375 2735 1408 2772 Β
1425 2735 1458 2773 C
1660 2747 1709 2772 12
1738 2735 1788 2783 δὴ

128 2790 291 2832 Aldus:
312 2791 355 2834 δὲ
377 2793 411 2831 L
522 2792 592 2833 alt.
617 2793 709 2844 τοῦ]
732 2797 814 2833 τῶν
836 2791 875 2829 R
891 2791 970 2830 SV
1105 2803 1152 2840 13
1182 2796 1299 2838 θωυμ.
1326 2790 1362 2827 Α
1379 2790 1412 2827 Β
1429 2789 1462 2827 C
1478 2789 1511 2827 P
1642 2801 1691 2839 15
1720 2788 1788 2840 τὸ]

107 2846 151 2890 ,ὃ
172 2846 207 2885 L
315 2859 378 2898 pr.
406 2848 472 2889 καὶ
495 2860 576 2887 om.
602 2847 784 2887 PRSV
954 2858 1000 2895 17
1032 2846 1136 2886 ἔοικε
1157 2845 1384 2884 ABCPS
1556 2856 1603 2894 19
1631 2842 1793 2884 τοιοῦτό

130 2899 268 2940 ΑΒΡ
415 2915 463 2942 21
497 2901 818 2957 περιπέμποντος
839 2901 999 2941 Cobet:
1033 2902 1222 2951 ἐπιπέμπ.
1251 2899 1284 2938 L
1310 2899 1394 2949 (·ας
1416 2899 1470 2950 V)
1622 2911 1674 2937 22
1705 2901 1791 2939 ἐπι·

131 2954 324 3008 τάξαντος
346 2956 385 2995 R
511 2970 564 3006 23
593 2961 677 2999 τοῖς
696 2955 736 2995 Α
749 2956 783 2995 Β
800 2956 872 2995 -bis
984 2954 1220 3007 ζεύγνυσθαι
1241 2954 1280 2992 Α
1293 2954 1327 2992 Β
1345 2954 1378 2992 C
1504 2966 1555 3003 24
1586 2951 1737 3006 σπόρον
1754 2950 1794 2992 V

131 3009 185 3052 ὢν
206 3009 239 3049 Ρ
254 3009 343 3050 RV
507 3024 559 3062 25
595 3010 797 3064 ἕχρη<ι)ζε
820 3011 853 3050 L
968 3010 1165 3063 στρατιὴν
1187 3009 1220 3049 C
1242 3021 1410 3060 quoque
