<?xml version="1.0" encoding="UTF-8"?>
<!DOCTYPE html PUBLIC "-//W3C//DTD XHTML 1.0 Transitional//EN"
    "http://www.w3.org/TR/xhtml1/DTD/xhtml1-transitional.dtd">
<html xmlns="http://www.w3.org/1999/xhtml" xml:lang="en" lang="en">
 <head>
  <title>
</title>
<meta http-equiv="Content-Type" content="text/html;charset=utf-8" />
  <meta name='ocr-system' content='tesseract 3.04.00' />
  <meta name='ocr-capabilities' content='ocr_page ocr_carea ocr_par ocr_line ocrx_word'/>
</head>
<body>
  <div class='ocr_page' id='page_1' title='image "./herodotihistoria01herouoft_0160.png"; bbox 0 0 2098 3320; ppageno 0'>
   <div class='ocr_carea' id='block_1_1' title="bbox 44 106 183 169">
    <p class='ocr_par' dir='ltr' id='par_1_1' title="bbox 44 106 183 169">
     <span class='ocr_line' id='line_1_1' title="bbox 44 106 183 169; baseline 0 -13"><span class='ocrx_word' id='word_1_1' title='bbox 44 106 106 156; x_wconf 95' lang='lat' dir='ltr'>II.</span> <span class='ocrx_word' id='word_1_2' title='bbox 125 121 183 169; x_wconf 90' lang='lat'>41</span> 
     </span>
    </p>
   </div>
   <div class='ocr_carea' id='block_1_2' title="bbox 120 1346 188 1396">
    <p class='ocr_par' dir='ltr' id='par_1_2' title="bbox 120 1346 188 1396">
     <span class='ocr_line' id='line_1_2' title="bbox 120 1346 188 1396; baseline 0 -13"><span class='ocrx_word' id='word_1_3' title='bbox 120 1346 188 1396; x_wconf 84' lang='lat'>42</span> 
     </span>
    </p>
   </div>
   <div class='ocr_carea' id='block_1_3' title="bbox 844 104 1273 153">
    <p class='ocr_par' dir='ltr' id='par_1_3' title="bbox 844 104 1273 153">
     <span class='ocr_line' id='line_1_3' title="bbox 844 104 1273 153; baseline 0 -1"><span class='ocrx_word' id='word_1_4' title='bbox 844 104 1273 153; x_wconf 75' lang='lat' dir='ltr'><strong>HPOAOTOT</strong></span> 
     </span>
    </p>
   </div>
   <div class='ocr_carea' id='block_1_4' title="bbox 224 233 1966 2320">
    <p class='ocr_par' dir='ltr' id='par_1_4' title="bbox 224 233 1966 2320">
     <span class='ocr_line' id='line_1_4' title="bbox 227 233 1889 302; baseline 0.003 -16"><span class='ocrx_word' id='word_1_5' title='bbox 227 236 426 287; x_wconf 81' lang='grc' dir='ltr'>ἔκαστοι</span> <span class='ocrx_word' id='word_1_6' title='bbox 474 237 527 286; x_wconf 87' lang='grc' dir='ltr'>ἐν</span> <span class='ocrx_word' id='word_1_7' title='bbox 572 240 706 286; x_wconf 82' lang='grc' dir='ltr'>τοῖσι</span> <span class='ocrx_word' id='word_1_8' title='bbox 752 235 1091 302; x_wconf 87' lang='grc' dir='ltr'>προαστίοισι,</span> <span class='ocrx_word' id='word_1_9' title='bbox 1134 235 1191 287; x_wconf 90' lang='grc' dir='ltr'>τὸ</span> <span class='ocrx_word' id='word_1_10' title='bbox 1237 234 1380 302; x_wconf 85' lang='grc' dir='ltr'>κέρας</span> <span class='ocrx_word' id='word_1_11' title='bbox 1422 234 1479 286; x_wconf 88' lang='grc' dir='ltr'>τὸ</span> <span class='ocrx_word' id='word_1_12' title='bbox 1525 236 1692 302; x_wconf 82' lang='grc' dir='ltr'>ἕτερον</span> <span class='ocrx_word' id='word_1_13' title='bbox 1735 233 1764 302; x_wconf 84' lang='grc' dir='ltr'>ἢ</span> <span class='ocrx_word' id='word_1_14' title='bbox 1811 239 1889 291; x_wconf 86' lang='grc' dir='ltr'>καὶ</span> 
     </span>
     <span class='ocr_line' id='line_1_5' title="bbox 226 318 1887 393; baseline 0.002 -23"><span class='ocrx_word' id='word_1_15' title='bbox 226 320 483 386; x_wconf 81' lang='grc' dir='ltr'>ἀμφότερα</span> <span class='ocrx_word' id='word_1_16' title='bbox 514 318 821 386; x_wconf 81' lang='grc' dir='ltr'>ὑπερέχοντα</span> <span class='ocrx_word' id='word_1_17' title='bbox 861 321 1075 385; x_wconf 85' lang='grc' dir='ltr'>σημηίου</span> <span class='ocrx_word' id='word_1_18' title='bbox 1111 321 1315 371; x_wconf 82' lang='grc' dir='ltr'>εἵνεκεν·</span> <span class='ocrx_word' id='word_1_19' title='bbox 1361 321 1513 372; x_wconf 75' lang='grc' dir='ltr'>ἐπεὰν</span> <span class='ocrx_word' id='word_1_20' title='bbox 1551 323 1603 370; x_wconf 81' lang='grc' dir='ltr'>δὲ</span> <span class='ocrx_word' id='word_1_21' title='bbox 1640 323 1776 393; x_wconf 81' lang='grc' dir='ltr'>σαπῇ</span> <span class='ocrx_word' id='word_1_22' title='bbox 1810 325 1887 375; x_wconf 84' lang='grc' dir='ltr'>καὶ</span> 
     </span>
     <span class='ocr_line' id='line_1_6' title="bbox 228 396 1888 474; baseline 0.002 -18"><span class='ocrx_word' id='word_1_23' title='bbox 228 405 415 474; x_wconf 85' lang='grc' dir='ltr'>προσίῃ</span> <span class='ocrx_word' id='word_1_24' title='bbox 446 403 473 452; x_wconf 83' lang='grc' dir='ltr'>ὁ</span> <span class='ocrx_word' id='word_1_25' title='bbox 510 403 812 470; x_wconf 77' lang='grc' dir='ltr'>τεταγμένος</span> <span class='ocrx_word' id='word_1_26' title='bbox 849 396 1045 471; x_wconf 79' lang='grc' dir='ltr'>χρόνος,</span> <span class='ocrx_word' id='word_1_27' title='bbox 1081 403 1364 456; x_wconf 81' lang='grc' dir='ltr'>ἀπικνέεται</span> <span class='ocrx_word' id='word_1_28' title='bbox 1399 405 1450 456; x_wconf 85' lang='grc' dir='ltr'>ἐς</span> <span class='ocrx_word' id='word_1_29' title='bbox 1485 402 1702 469; x_wconf 84' lang='grc' dir='ltr'>ἑκάστην</span> <span class='ocrx_word' id='word_1_30' title='bbox 1739 408 1888 459; x_wconf 87' lang='grc' dir='ltr'>πόλιν</span> 
     </span>
     <span class='ocr_line' id='line_1_7' title="bbox 226 486 1890 559; baseline 0.002 -20"><span class='ocrx_word' id='word_1_31' title='bbox 226 491 374 559; x_wconf 61' lang='grc' dir='ltr'>βρρις</span> <span class='ocrx_word' id='word_1_32' title='bbox 405 489 459 538; x_wconf 86' lang='grc' dir='ltr'>ἐκ</span> <span class='ocrx_word' id='word_1_33' title='bbox 495 490 583 552; x_wconf 83' lang='grc' dir='ltr'>τῆς</span> <span class='ocrx_word' id='word_1_34' title='bbox 624 489 1005 552; x_wconf 83' lang='grc' dir='ltr'>Προσωπίτιδος</span> <span class='ocrx_word' id='word_1_35' title='bbox 1042 486 1346 553; x_wconf 80' lang='grc' dir='ltr'>καλεομένης</span> <span class='ocrx_word' id='word_1_36' title='bbox 1381 486 1552 551; x_wconf 89' lang='grc' dir='ltr'>νήσου.</span> <span class='ocrx_word' id='word_1_37' title='bbox 1640 489 1670 553; x_wconf 86' lang='grc' dir='ltr'>ἡ</span> <span class='ocrx_word' id='word_1_38' title='bbox 1702 489 1744 539; x_wconf 87' lang='grc' dir='ltr'>δ’</span> <span class='ocrx_word' id='word_1_39' title='bbox 1781 490 1890 542; x_wconf 86' lang='grc' dir='ltr'>ἔστι</span> 
     </span>
     <span class='ocr_line' id='line_1_8' title="bbox 225 571 1935 641; baseline 0.001 -17"><span class='ocrx_word' id='word_1_40' title='bbox 225 575 317 637; x_wconf 82' lang='grc' dir='ltr'>μὲν</span> <span class='ocrx_word' id='word_1_41' title='bbox 350 573 403 623; x_wconf 89' lang='grc' dir='ltr'>ἐν</span> <span class='ocrx_word' id='word_1_42' title='bbox 432 576 500 641; x_wconf 78' lang='grc' dir='ltr'>τῷ</span> <span class='ocrx_word' id='word_1_43' title='bbox 535 571 720 632; x_wconf 89' lang='grc' dir='ltr'>Δέλτα,</span> <span class='ocrx_word' id='word_1_44' title='bbox 757 572 1051 638; x_wconf 83' lang='grc' dir='ltr'>περίμετρον</span> <span class='ocrx_word' id='word_1_45' title='bbox 1088 575 1141 623; x_wconf 82' lang='grc' dir='ltr'>δὲ</span> <span class='ocrx_word' id='word_1_46' title='bbox 1179 571 1328 636; x_wconf 81' lang='grc' dir='ltr'>αὐτῆς</span> <span class='ocrx_word' id='word_1_47' title='bbox 1364 573 1464 624; x_wconf 82' lang='grc' dir='ltr'>εἶσὶ</span> <span class='ocrx_word' id='word_1_48' title='bbox 1501 576 1698 639; x_wconf 84' lang='grc' dir='ltr'>σχοῖνοι</span> <span class='ocrx_word' id='word_1_49' title='bbox 1727 573 1886 626; x_wconf 80' lang='grc' dir='ltr'>ἐννέα.</span> <span class='ocrx_word' id='word_1_50' title='bbox 1913 594 1935 634; x_wconf 87' lang='grc'>5</span> 
     </span>
     <span class='ocr_line' id='line_1_9' title="bbox 227 653 1889 728; baseline 0.002 -22"><span class='ocrx_word' id='word_1_51' title='bbox 227 658 281 707; x_wconf 92' lang='grc' dir='ltr'>ἐν</span> <span class='ocrx_word' id='word_1_52' title='bbox 321 655 472 728; x_wconf 86' lang='grc' dir='ltr'>ταύτῃ</span> <span class='ocrx_word' id='word_1_53' title='bbox 514 653 584 707; x_wconf 73' lang='grc' dir='ltr'>ὧν</span> <span class='ocrx_word' id='word_1_54' title='bbox 624 656 682 727; x_wconf 81' lang='grc' dir='ltr'>τῇ</span> <span class='ocrx_word' id='word_1_55' title='bbox 729 657 1074 722; x_wconf 88' lang='grc' dir='ltr'>Προσωπίτιδι</span> <span class='ocrx_word' id='word_1_56' title='bbox 1115 654 1253 726; x_wconf 79' lang='grc' dir='ltr'>νήσῳ</span> <span class='ocrx_word' id='word_1_57' title='bbox 1296 655 1452 708; x_wconf 88' lang='grc' dir='ltr'>ἔνεισι</span> <span class='ocrx_word' id='word_1_58' title='bbox 1486 658 1578 720; x_wconf 80' lang='grc' dir='ltr'>μὲν</span> <span class='ocrx_word' id='word_1_59' title='bbox 1619 656 1697 709; x_wconf 86' lang='grc' dir='ltr'>καὶ</span> <span class='ocrx_word' id='word_1_60' title='bbox 1738 657 1889 709; x_wconf 87' lang='grc' dir='ltr'>ἄλλαι</span> 
     </span>
     <span class='ocr_line' id='line_1_10' title="bbox 226 739 1885 809; baseline 0.001 -17"><span class='ocrx_word' id='word_1_61' title='bbox 226 740 400 793; x_wconf 88' lang='grc' dir='ltr'>πόλιες</span> <span class='ocrx_word' id='word_1_62' title='bbox 441 742 638 809; x_wconf 87' lang='grc' dir='ltr'>συχναί,</span> <span class='ocrx_word' id='word_1_63' title='bbox 679 742 732 792; x_wconf 88' lang='grc' dir='ltr'>ἐκ</span> <span class='ocrx_word' id='word_1_64' title='bbox 773 743 859 804; x_wconf 85' lang='grc' dir='ltr'>τῆς</span> <span class='ocrx_word' id='word_1_65' title='bbox 902 743 955 792; x_wconf 83' lang='grc' dir='ltr'>δὲ</span> <span class='ocrx_word' id='word_1_66' title='bbox 993 742 1042 791; x_wconf 81' lang='grc' dir='ltr'>αἱ</span> <span class='ocrx_word' id='word_1_67' title='bbox 1077 739 1254 805; x_wconf 86' lang='grc' dir='ltr'>βάριες</span> <span class='ocrx_word' id='word_1_68' title='bbox 1293 741 1650 807; x_wconf 86' lang='grc' dir='ltr'>παραγίνονται</span> <span class='ocrx_word' id='word_1_69' title='bbox 1687 742 1885 809; x_wconf 86' lang='grc' dir='ltr'>ἀναιρη-</span> 
     </span>
     <span class='ocr_line' id='line_1_11' title="bbox 227 823 1885 897; baseline 0.004 -24"><span class='ocrx_word' id='word_1_70' title='bbox 227 825 436 889; x_wconf 89' lang='grc' dir='ltr'>σόμεναι</span> <span class='ocrx_word' id='word_1_71' title='bbox 472 826 534 875; x_wconf 82' lang='grc' dir='ltr'>τὰ</span> <span class='ocrx_word' id='word_1_72' title='bbox 571 823 727 876; x_wconf 85' lang='grc' dir='ltr'>ὀστέα</span> <span class='ocrx_word' id='word_1_73' title='bbox 768 828 866 875; x_wconf 81' lang='grc' dir='ltr'>τῶν</span> <span class='ocrx_word' id='word_1_74' title='bbox 909 829 1062 889; x_wconf 87' lang='grc' dir='ltr'>βοῶν,</span> <span class='ocrx_word' id='word_1_75' title='bbox 1097 824 1283 889; x_wconf 84' lang='grc' dir='ltr'>οὕνομα</span> <span class='ocrx_word' id='word_1_76' title='bbox 1317 825 1377 897; x_wconf 80' lang='grc' dir='ltr'>τῇ</span> <span class='ocrx_word' id='word_1_77' title='bbox 1414 824 1532 876; x_wconf 90' lang='grc' dir='ltr'>πόλι</span> <span class='ocrx_word' id='word_1_78' title='bbox 1562 823 1885 894; x_wconf 81' lang='grc' dir='ltr'>Ἀτάρβηχις,</span> 
     </span>
     <span class='ocr_line' id='line_1_12' title="bbox 225 907 1889 980; baseline 0.003 -21"><span class='ocrx_word' id='word_1_79' title='bbox 225 910 279 960; x_wconf 93' lang='grc' dir='ltr'>ἐν</span> <span class='ocrx_word' id='word_1_80' title='bbox 310 908 351 959; x_wconf 88' lang='grc' dir='ltr'>δ’</span> <span class='ocrx_word' id='word_1_81' title='bbox 383 909 504 980; x_wconf 79' lang='grc' dir='ltr'>αὐτῇ</span> <span class='ocrx_word' id='word_1_82' title='bbox 538 907 838 975; x_wconf 88' lang='grc' dir='ltr'>Ἀφροδίτης</span> <span class='ocrx_word' id='word_1_83' title='bbox 877 908 982 974; x_wconf 84' lang='grc' dir='ltr'>ἱρὸν</span> <span class='ocrx_word' id='word_1_84' title='bbox 1026 908 1169 975; x_wconf 83' lang='grc' dir='ltr'>ἅγιον</span> <span class='ocrx_word' id='word_1_85' title='bbox 1205 909 1407 975; x_wconf 82' lang='grc' dir='ltr'>ἵδρυται.</span> <span class='ocrx_word' id='word_1_86' title='bbox 1501 910 1554 960; x_wconf 90' lang='grc' dir='ltr'>ἐκ</span> <span class='ocrx_word' id='word_1_87' title='bbox 1589 909 1768 974; x_wconf 79' lang='grc' dir='ltr'>ταύτης</span> <span class='ocrx_word' id='word_1_88' title='bbox 1802 911 1889 975; x_wconf 82' lang='grc' dir='ltr'>τῆς</span> 
     </span>
     <span class='ocr_line' id='line_1_13' title="bbox 224 991 1964 1061; baseline 0.002 -18"><span class='ocrx_word' id='word_1_89' title='bbox 224 993 400 1045; x_wconf 92' lang='grc' dir='ltr'>πόλιος</span> <span class='ocrx_word' id='word_1_90' title='bbox 447 997 737 1044; x_wconf 84' lang='grc' dir='ltr'>πλανῶνται</span> <span class='ocrx_word' id='word_1_91' title='bbox 787 993 971 1044; x_wconf 91' lang='grc' dir='ltr'>πολλοὶ</span> <span class='ocrx_word' id='word_1_92' title='bbox 1014 991 1185 1044; x_wconf 82' lang='grc' dir='ltr'>ἄλλοι·</span> <span class='ocrx_word' id='word_1_93' title='bbox 1208 993 1259 1046; x_wconf 84' lang='grc' dir='ltr'>ἐς</span> <span class='ocrx_word' id='word_1_94' title='bbox 1301 992 1462 1046; x_wconf 84' lang='grc' dir='ltr'>ἄλλας</span> <span class='ocrx_word' id='word_1_95' title='bbox 1506 994 1669 1052; x_wconf 84' lang='grc' dir='ltr'>πόλις,</span> <span class='ocrx_word' id='word_1_96' title='bbox 1711 995 1886 1061; x_wconf 84' lang='grc' dir='ltr'>ἀνορύ-</span> <span class='ocrx_word' id='word_1_97' title='bbox 1916 1012 1964 1041; x_wconf 89' lang='lat'>10</span> 
     </span>
     <span class='ocr_line' id='line_1_14' title="bbox 225 1074 1889 1146; baseline 0.002 -19"><span class='ocrx_word' id='word_1_98' title='bbox 225 1074 400 1139; x_wconf 83' lang='grc' dir='ltr'>ξαντες</span> <span class='ocrx_word' id='word_1_99' title='bbox 438 1079 491 1129; x_wconf 81' lang='grc' dir='ltr'>δὲ</span> <span class='ocrx_word' id='word_1_100' title='bbox 528 1078 588 1128; x_wconf 80' lang='grc' dir='ltr'>τὰ</span> <span class='ocrx_word' id='word_1_101' title='bbox 629 1075 783 1128; x_wconf 87' lang='grc' dir='ltr'>ὀστέα</span> <span class='ocrx_word' id='word_1_102' title='bbox 827 1075 1079 1143; x_wconf 77' lang='grc' dir='ltr'>ἀπάγουσι</span> <span class='ocrx_word' id='word_1_103' title='bbox 1117 1076 1197 1129; x_wconf 88' lang='grc' dir='ltr'>καὶ</span> <span class='ocrx_word' id='word_1_104' title='bbox 1233 1075 1478 1129; x_wconf 86' lang='grc' dir='ltr'>θάπτουσι</span> <span class='ocrx_word' id='word_1_105' title='bbox 1508 1078 1559 1131; x_wconf 88' lang='grc' dir='ltr'>ἐς</span> <span class='ocrx_word' id='word_1_106' title='bbox 1599 1077 1686 1129; x_wconf 82' lang='grc' dir='ltr'>ἕνα</span> <span class='ocrx_word' id='word_1_107' title='bbox 1723 1081 1889 1146; x_wconf 83' lang='grc' dir='ltr'>χῶρον</span> 
     </span>
     <span class='ocr_line' id='line_1_15' title="bbox 225 1160 1889 1227; baseline 0.001 -14"><span class='ocrx_word' id='word_1_108' title='bbox 225 1160 422 1215; x_wconf 88' lang='grc' dir='ltr'>πάντες.</span> <span class='ocrx_word' id='word_1_109' title='bbox 511 1163 634 1212; x_wconf 76' lang='grc' dir='ltr'>κατὰ</span> <span class='ocrx_word' id='word_1_110' title='bbox 681 1160 834 1212; x_wconf 84' lang='grc' dir='ltr'>ταύτὰ</span> <span class='ocrx_word' id='word_1_111' title='bbox 880 1163 933 1212; x_wconf 81' lang='grc' dir='ltr'>δὲ</span> <span class='ocrx_word' id='word_1_112' title='bbox 980 1164 1112 1212; x_wconf 84' lang='grc' dir='ltr'>τοῖσι</span> <span class='ocrx_word' id='word_1_113' title='bbox 1159 1160 1313 1226; x_wconf 87' lang='grc' dir='ltr'>βουσὶ</span> <span class='ocrx_word' id='word_1_114' title='bbox 1367 1161 1445 1213; x_wconf 84' lang='grc' dir='ltr'>καὶ</span> <span class='ocrx_word' id='word_1_115' title='bbox 1496 1161 1661 1213; x_wconf 82' lang='grc' dir='ltr'>τᾶλλα</span> <span class='ocrx_word' id='word_1_116' title='bbox 1712 1160 1889 1227; x_wconf 88' lang='grc' dir='ltr'>κτήνεα</span> 
     </span>
     <span class='ocr_line' id='line_1_16' title="bbox 225 1243 1889 1317; baseline 0.001 -21"><span class='ocrx_word' id='word_1_117' title='bbox 225 1244 471 1298; x_wconf 88' lang='grc' dir='ltr'>θάπτουσι</span> <span class='ocrx_word' id='word_1_118' title='bbox 516 1245 915 1317; x_wconf 81' lang='grc' dir='ltr'>ἀποθνῄσκοντα.</span> <span class='ocrx_word' id='word_1_119' title='bbox 1009 1243 1089 1296; x_wconf 85' lang='grc' dir='ltr'>καὶ</span> <span class='ocrx_word' id='word_1_120' title='bbox 1132 1246 1229 1312; x_wconf 80' lang='grc' dir='ltr'>γὰρ</span> <span class='ocrx_word' id='word_1_121' title='bbox 1271 1244 1382 1311; x_wconf 86' lang='grc' dir='ltr'>περὶ</span> <span class='ocrx_word' id='word_1_122' title='bbox 1426 1250 1578 1297; x_wconf 85' lang='grc' dir='ltr'>ταῦτα</span> <span class='ocrx_word' id='word_1_123' title='bbox 1619 1246 1745 1297; x_wconf 82' lang='grc' dir='ltr'>οὕτω</span> <span class='ocrx_word' id='word_1_124' title='bbox 1792 1253 1889 1314; x_wconf 88' lang='grc' dir='ltr'>σφι</span> 
     </span>
     <span class='ocr_line' id='line_1_17' title="bbox 226 1328 1888 1401; baseline 0 -20"><span class='ocrx_word' id='word_1_125' title='bbox 226 1328 622 1395; x_wconf 88' lang='grc' dir='ltr'>νενομοθέτηται·</span> <span class='ocrx_word' id='word_1_126' title='bbox 672 1329 918 1381; x_wconf 90' lang='grc' dir='ltr'>κτείνουσι</span> <span class='ocrx_word' id='word_1_127' title='bbox 950 1331 1044 1396; x_wconf 83' lang='grc' dir='ltr'>γὰρ</span> <span class='ocrx_word' id='word_1_128' title='bbox 1076 1328 1135 1393; x_wconf 82' lang='grc' dir='ltr'>δὴ</span> <span class='ocrx_word' id='word_1_129' title='bbox 1156 1329 1280 1381; x_wconf 77' lang='grc' dir='ltr'>οὐδὲ</span> <span class='ocrx_word' id='word_1_130' title='bbox 1307 1333 1476 1382; x_wconf 84' lang='grc' dir='ltr'>ταῦτα.</span> <span class='ocrx_word' id='word_1_131' title='bbox 1562 1330 1678 1401; x_wconf 89' lang='grc' dir='ltr'>ὅσοι</span> <span class='ocrx_word' id='word_1_132' title='bbox 1707 1332 1799 1395; x_wconf 80' lang='grc' dir='ltr'>μὲν</span> <span class='ocrx_word' id='word_1_133' title='bbox 1828 1329 1888 1395; x_wconf 77' lang='grc' dir='ltr'>δὴ</span> 
     </span>
     <span class='ocr_line' id='line_1_18' title="bbox 229 1408 1962 1481; baseline 0.001 -16"><span class='ocrx_word' id='word_1_134' title='bbox 229 1413 353 1468; x_wconf 87' lang='grc' dir='ltr'>Διὸς</span> <span class='ocrx_word' id='word_1_135' title='bbox 395 1412 654 1479; x_wconf 87' lang='grc' dir='ltr'>Θηβαιέος</span> <span class='ocrx_word' id='word_1_136' title='bbox 695 1414 913 1481; x_wconf 81' lang='grc' dir='ltr'>ἵδρυνται</span> <span class='ocrx_word' id='word_1_137' title='bbox 957 1414 1064 1479; x_wconf 81' lang='grc' dir='ltr'>ἱρὸν</span> <span class='ocrx_word' id='word_1_138' title='bbox 1099 1408 1128 1477; x_wconf 88' lang='grc' dir='ltr'>ἢ</span> <span class='ocrx_word' id='word_1_139' title='bbox 1165 1417 1318 1478; x_wconf 85' lang='grc' dir='ltr'>νομοῦ</span> <span class='ocrx_word' id='word_1_140' title='bbox 1358 1417 1444 1465; x_wconf 85' lang='grc' dir='ltr'>τοῦ</span> <span class='ocrx_word' id='word_1_141' title='bbox 1488 1414 1725 1479; x_wconf 89' lang='grc' dir='ltr'>Θηβαίου</span> <span class='ocrx_word' id='word_1_142' title='bbox 1767 1415 1885 1473; x_wconf 79' lang='grc' dir='ltr'>εἶσί,</span> <span class='ocrx_word' id='word_1_143' title='bbox 1915 1428 1962 1477; x_wconf 81' lang='lat'>15</span> 
     </span>
     <span class='ocr_line' id='line_1_19' title="bbox 227 1493 1887 1566; baseline 0 -16"><span class='ocrx_word' id='word_1_144' title='bbox 227 1498 362 1557; x_wconf 77' lang='grc' dir='ltr'>οὗτοι</span> <span class='ocrx_word' id='word_1_145' title='bbox 412 1501 504 1564; x_wconf 81' lang='grc' dir='ltr'>μὲν</span> <span class='ocrx_word' id='word_1_146' title='bbox 555 1493 678 1563; x_wconf 85' lang='grc' dir='ltr'>[νυν]</span> <span class='ocrx_word' id='word_1_147' title='bbox 728 1497 910 1551; x_wconf 91' lang='grc' dir='ltr'>πάντες</span> <span class='ocrx_word' id='word_1_148' title='bbox 967 1496 1086 1549; x_wconf 79' lang='grc' dir='ltr'>ὀΐων</span> <span class='ocrx_word' id='word_1_149' title='bbox 1145 1497 1449 1566; x_wconf 87' lang='grc' dir='ltr'>ἀπεχόμενοι</span> <span class='ocrx_word' id='word_1_150' title='bbox 1497 1497 1641 1565; x_wconf 86' lang='grc' dir='ltr'>αἶγας</span> <span class='ocrx_word' id='word_1_151' title='bbox 1697 1498 1887 1550; x_wconf 84' lang='grc' dir='ltr'>θύουσι.</span> 
     </span>
     <span class='ocr_line' id='line_1_20' title="bbox 228 1579 1921 1653; baseline 0.001 -20"><span class='ocrx_word' id='word_1_152' title='bbox 228 1583 369 1636; x_wconf 81' lang='grc' dir='ltr'>θεοὺς</span> <span class='ocrx_word' id='word_1_153' title='bbox 414 1585 509 1650; x_wconf 83' lang='grc' dir='ltr'>γὰρ</span> <span class='ocrx_word' id='word_1_154' title='bbox 557 1582 616 1647; x_wconf 77' lang='grc' dir='ltr'>δὴ</span> <span class='ocrx_word' id='word_1_155' title='bbox 666 1581 722 1633; x_wconf 85' lang='grc' dir='ltr'>οὐ</span> <span class='ocrx_word' id='word_1_156' title='bbox 765 1581 878 1635; x_wconf 88' lang='grc' dir='ltr'>τοὺς</span> <span class='ocrx_word' id='word_1_157' title='bbox 924 1581 1100 1635; x_wconf 86' lang='grc' dir='ltr'>αὐτοὺς</span> <span class='ocrx_word' id='word_1_158' title='bbox 1145 1579 1360 1635; x_wconf 82' lang='grc' dir='ltr'>ἅπαντες</span> <span class='ocrx_word' id='word_1_159' title='bbox 1406 1581 1582 1647; x_wconf 86' lang='grc' dir='ltr'>ὁμοίως</span> <span class='ocrx_word' id='word_1_160' title='bbox 1625 1581 1921 1653; x_wconf 31' lang='grc' dir='ltr'>Αἰγύπτιοι.</span> 
     </span>
     <span class='ocr_line' id='line_1_21' title="bbox 229 1664 1888 1733; baseline 0.001 -16"><span class='ocrx_word' id='word_1_161' title='bbox 229 1666 489 1733; x_wconf 87' lang='grc' dir='ltr'>σέβονται,</span> <span class='ocrx_word' id='word_1_162' title='bbox 532 1665 668 1731; x_wconf 76' lang='grc' dir='ltr'>πλὴν</span> <span class='ocrx_word' id='word_1_163' title='bbox 706 1664 869 1720; x_wconf 85' lang='grc' dir='ltr'>Ἴσιός</span> <span class='ocrx_word' id='word_1_164' title='bbox 911 1687 966 1718; x_wconf 89' lang='grc' dir='ltr'>τε</span> <span class='ocrx_word' id='word_1_165' title='bbox 1010 1666 1090 1718; x_wconf 90' lang='grc' dir='ltr'>καὶ</span> <span class='ocrx_word' id='word_1_166' title='bbox 1133 1665 1376 1733; x_wconf 83' lang='grc' dir='ltr'>Ὀσίριος,</span> <span class='ocrx_word' id='word_1_167' title='bbox 1408 1664 1495 1718; x_wconf 89' lang='grc' dir='ltr'>τὸν</span> <span class='ocrx_word' id='word_1_168' title='bbox 1535 1665 1594 1731; x_wconf 80' lang='grc' dir='ltr'>δὴ</span> <span class='ocrx_word' id='word_1_169' title='bbox 1636 1666 1888 1718; x_wconf 89' lang='grc' dir='ltr'>Διόνυσον</span> 
     </span>
     <span class='ocr_line' id='line_1_22' title="bbox 230 1748 1889 1819; baseline -0.001 -16"><span class='ocrx_word' id='word_1_170' title='bbox 230 1751 355 1804; x_wconf 82' lang='grc' dir='ltr'>εἶναι</span> <span class='ocrx_word' id='word_1_171' title='bbox 385 1750 611 1819; x_wconf 88' lang='grc' dir='ltr'>λέγουσι·</span> <span class='ocrx_word' id='word_1_172' title='bbox 660 1749 862 1804; x_wconf 87' lang='grc' dir='ltr'>τούτους</span> <span class='ocrx_word' id='word_1_173' title='bbox 894 1752 946 1802; x_wconf 79' lang='grc' dir='ltr'>δὲ</span> <span class='ocrx_word' id='word_1_174' title='bbox 979 1749 1158 1815; x_wconf 86' lang='grc' dir='ltr'>ὁμοίως</span> <span class='ocrx_word' id='word_1_175' title='bbox 1187 1748 1403 1804; x_wconf 81' lang='grc' dir='ltr'>ἅπαντες</span> <span class='ocrx_word' id='word_1_176' title='bbox 1433 1749 1695 1815; x_wconf 88' lang='grc' dir='ltr'>σέβονται.</span> <span class='ocrx_word' id='word_1_177' title='bbox 1773 1751 1889 1802; x_wconf 83' lang='grc' dir='ltr'>ὅσοι</span> 
     </span>
     <span class='ocr_line' id='line_1_23' title="bbox 229 1829 1966 1901; baseline -0.002 -14"><span class='ocrx_word' id='word_1_178' title='bbox 229 1839 280 1888; x_wconf 78' lang='grc' dir='ltr'>δὲ</span> <span class='ocrx_word' id='word_1_179' title='bbox 328 1840 417 1887; x_wconf 84' lang='grc' dir='ltr'>τοῦ</span> <span class='ocrx_word' id='word_1_180' title='bbox 465 1834 727 1900; x_wconf 89' lang='grc' dir='ltr'>Μένδητος</span> <span class='ocrx_word' id='word_1_181' title='bbox 775 1835 1003 1899; x_wconf 86' lang='grc' dir='ltr'>ἔκτηνται</span> <span class='ocrx_word' id='word_1_182' title='bbox 1048 1833 1153 1901; x_wconf 84' lang='grc' dir='ltr'>ἱρὸν</span> <span class='ocrx_word' id='word_1_183' title='bbox 1198 1829 1228 1899; x_wconf 82' lang='grc' dir='ltr'>ἢ</span> <span class='ocrx_word' id='word_1_184' title='bbox 1275 1839 1427 1900; x_wconf 84' lang='grc' dir='ltr'>νομοῦ</span> <span class='ocrx_word' id='word_1_185' title='bbox 1470 1838 1558 1886; x_wconf 83' lang='grc' dir='ltr'>τοῦ</span> <span class='ocrx_word' id='word_1_186' title='bbox 1603 1836 1891 1899; x_wconf 90' lang='grc' dir='ltr'>Μενδησίου</span> <span class='ocrx_word' id='word_1_187' title='bbox 1915 1855 1966 1884; x_wconf 87' lang='lat'>20</span> 
     </span>
     <span class='ocr_line' id='line_1_24' title="bbox 229 1918 1889 1986; baseline -0.001 -15"><span class='ocrx_word' id='word_1_188' title='bbox 229 1921 344 1980; x_wconf 83' lang='grc' dir='ltr'>εἶσί,</span> <span class='ocrx_word' id='word_1_189' title='bbox 394 1920 528 1972; x_wconf 80' lang='grc' dir='ltr'>οὗτοι</span> <span class='ocrx_word' id='word_1_190' title='bbox 574 1923 628 1972; x_wconf 81' lang='grc' dir='ltr'>δὲ</span> <span class='ocrx_word' id='word_1_191' title='bbox 681 1921 836 1986; x_wconf 82' lang='grc' dir='ltr'>αἰγῶν</span> <span class='ocrx_word' id='word_1_192' title='bbox 891 1918 1195 1986; x_wconf 87' lang='grc' dir='ltr'>ἀπεχόμενοι</span> <span class='ocrx_word' id='word_1_193' title='bbox 1246 1920 1327 1971; x_wconf 84' lang='grc' dir='ltr'>ὄϊς</span> <span class='ocrx_word' id='word_1_194' title='bbox 1367 1918 1565 1971; x_wconf 80' lang='grc' dir='ltr'>θύουσι.</span> <span class='ocrx_word' id='word_1_195' title='bbox 1665 1921 1889 1984; x_wconf 82' lang='grc' dir='ltr'>Θηβαῖοι</span> 
     </span>
     <span class='ocr_line' id='line_1_25' title="bbox 227 2000 1891 2070; baseline -0.001 -14"><span class='ocrx_word' id='word_1_196' title='bbox 227 2004 318 2069; x_wconf 90' lang='grc' dir='ltr'>μέν</span> <span class='ocrx_word' id='word_1_197' title='bbox 363 2025 450 2057; x_wconf 90' lang='grc' dir='ltr'>νυν</span> <span class='ocrx_word' id='word_1_198' title='bbox 496 2004 575 2056; x_wconf 86' lang='grc' dir='ltr'>καὶ</span> <span class='ocrx_word' id='word_1_199' title='bbox 621 2004 735 2055; x_wconf 86' lang='grc' dir='ltr'>ὅσοι</span> <span class='ocrx_word' id='word_1_200' title='bbox 783 2005 863 2054; x_wconf 81' lang='grc' dir='ltr'>διὰ</span> <span class='ocrx_word' id='word_1_201' title='bbox 908 2002 1110 2056; x_wconf 87' lang='grc' dir='ltr'>τούτους</span> <span class='ocrx_word' id='word_1_202' title='bbox 1153 2001 1271 2054; x_wconf 79' lang='grc' dir='ltr'>ὀΐων</span> <span class='ocrx_word' id='word_1_203' title='bbox 1314 2001 1603 2070; x_wconf 89' lang='grc' dir='ltr'>ἀπέχονται,</span> <span class='ocrx_word' id='word_1_204' title='bbox 1650 2004 1731 2054; x_wconf 84' lang='grc' dir='ltr'>διὰ</span> <span class='ocrx_word' id='word_1_205' title='bbox 1773 2000 1891 2054; x_wconf 86' lang='grc' dir='ltr'>τάδε</span> 
     </span>
     <span class='ocr_line' id='line_1_26' title="bbox 227 2084 1890 2155; baseline -0.002 -15"><span class='ocrx_word' id='word_1_206' title='bbox 227 2087 438 2155; x_wconf 86' lang='grc' dir='ltr'>λέγουσι</span> <span class='ocrx_word' id='word_1_207' title='bbox 466 2093 553 2140; x_wconf 86' lang='grc' dir='ltr'>τὸν</span> <span class='ocrx_word' id='word_1_208' title='bbox 585 2088 736 2153; x_wconf 88' lang='grc' dir='ltr'>νόμον</span> <span class='ocrx_word' id='word_1_209' title='bbox 767 2088 909 2139; x_wconf 89' lang='grc' dir='ltr'>τόνδε</span> <span class='ocrx_word' id='word_1_210' title='bbox 942 2087 1099 2153; x_wconf 92' lang='grc' dir='ltr'>σφίσι</span> <span class='ocrx_word' id='word_1_211' title='bbox 1129 2089 1346 2151; x_wconf 85' lang='grc' dir='ltr'>τεθῆναι·</span> <span class='ocrx_word' id='word_1_212' title='bbox 1391 2084 1648 2152; x_wconf 86' lang='grc' dir='ltr'>Ἡρακλέα</span> <span class='ocrx_word' id='word_1_213' title='bbox 1677 2087 1890 2150; x_wconf 87' lang='grc' dir='ltr'>θελῆσαι</span> 
     </span>
     <span class='ocr_line' id='line_1_27' title="bbox 229 2168 1888 2237; baseline -0.002 -13"><span class='ocrx_word' id='word_1_214' title='bbox 229 2171 424 2225; x_wconf 85' lang='grc' dir='ltr'>πάντως</span> <span class='ocrx_word' id='word_1_215' title='bbox 464 2170 659 2224; x_wconf 84' lang='grc' dir='ltr'>ἰδέσθαι</span> <span class='ocrx_word' id='word_1_216' title='bbox 695 2171 782 2222; x_wconf 90' lang='grc' dir='ltr'>τὸν</span> <span class='ocrx_word' id='word_1_217' title='bbox 820 2172 921 2223; x_wconf 89' lang='grc' dir='ltr'>Δία</span> <span class='ocrx_word' id='word_1_218' title='bbox 964 2170 1043 2221; x_wconf 88' lang='grc' dir='ltr'>καὶ</span> <span class='ocrx_word' id='word_1_219' title='bbox 1078 2169 1166 2222; x_wconf 90' lang='grc' dir='ltr'>τὸν</span> <span class='ocrx_word' id='word_1_220' title='bbox 1202 2170 1287 2222; x_wconf 84' lang='grc' dir='ltr'>οὐκ</span> <span class='ocrx_word' id='word_1_221' title='bbox 1325 2168 1519 2222; x_wconf 81' lang='grc' dir='ltr'>ἐθέλειν</span> <span class='ocrx_word' id='word_1_222' title='bbox 1551 2170 1770 2237; x_wconf 84' lang='grc' dir='ltr'>ὀφθῆναι</span> <span class='ocrx_word' id='word_1_223' title='bbox 1809 2168 1888 2221; x_wconf 80' lang='grc' dir='ltr'>ὑπ’</span> 
     </span>
     <span class='ocr_line' id='line_1_28' title="bbox 228 2252 1964 2320; baseline -0.003 -13"><span class='ocrx_word' id='word_1_224' title='bbox 228 2256 388 2315; x_wconf 84' lang='grc' dir='ltr'>αὐτοῦ,</span> <span class='ocrx_word' id='word_1_225' title='bbox 428 2254 574 2310; x_wconf 84' lang='grc' dir='ltr'>τέλος</span> <span class='ocrx_word' id='word_1_226' title='bbox 618 2254 686 2315; x_wconf 85' lang='grc' dir='ltr'>δέ,</span> <span class='ocrx_word' id='word_1_227' title='bbox 729 2256 893 2307; x_wconf 84' lang='grc' dir='ltr'>ἐπείτε</span> <span class='ocrx_word' id='word_1_228' title='bbox 930 2252 1187 2320; x_wconf 88' lang='grc' dir='ltr'>λιπαρέειν</span> <span class='ocrx_word' id='word_1_229' title='bbox 1225 2257 1311 2306; x_wconf 86' lang='grc' dir='ltr'>τὸν</span> <span class='ocrx_word' id='word_1_230' title='bbox 1348 2252 1620 2320; x_wconf 87' lang='grc' dir='ltr'>Ἡρακλέα,</span> <span class='ocrx_word' id='word_1_231' title='bbox 1662 2253 1749 2305; x_wconf 88' lang='grc' dir='ltr'>τὸν</span> <span class='ocrx_word' id='word_1_232' title='bbox 1789 2253 1890 2304; x_wconf 89' lang='grc' dir='ltr'>Δία</span> <span class='ocrx_word' id='word_1_233' title='bbox 1916 2271 1964 2309; x_wconf 81' lang='lat'>25</span> 
     </span>
    </p>
   </div>
   <div class='ocr_carea' id='block_1_5' title="bbox 165 2336 1890 2408">
    <p class='ocr_par' dir='ltr' id='par_1_5' title="bbox 165 2336 1890 2408">
     <span class='ocr_line' id='line_1_29' title="bbox 165 2336 1890 2408; baseline -0.002 -16"><span class='ocrx_word' id='word_1_234' title='bbox 165 2362 191 2404; x_wconf 86' lang='lat'><strong>4</strong></span> <span class='ocrx_word' id='word_1_235' title='bbox 224 2339 616 2408; x_wconf 87' lang='grc' dir='ltr'>μηχανήσασθαι</span> <span class='ocrx_word' id='word_1_236' title='bbox 648 2336 824 2406; x_wconf 84' lang='grc' dir='ltr'>&lt;τάδε&gt;·</span> <span class='ocrx_word' id='word_1_237' title='bbox 877 2337 1012 2405; x_wconf 87' lang='grc' dir='ltr'>κριὸν</span> <span class='ocrx_word' id='word_1_238' title='bbox 1049 2338 1336 2404; x_wconf 89' lang='grc' dir='ltr'>ἐκδείραντα</span> <span class='ocrx_word' id='word_1_239' title='bbox 1371 2336 1687 2406; x_wconf 89' lang='grc' dir='ltr'>προσχέσθαι</span> <span class='ocrx_word' id='word_1_240' title='bbox 1715 2358 1770 2390; x_wconf 90' lang='grc' dir='ltr'>τε</span> <span class='ocrx_word' id='word_1_241' title='bbox 1799 2336 1890 2401; x_wconf 77' lang='grc' dir='ltr'>τὴν</span> 
     </span>
    </p>
   </div>
   <div class='ocr_carea' id='block_1_6' title="bbox 228 2420 1889 2492">
    <p class='ocr_par' dir='ltr' id='par_1_6' title="bbox 228 2420 1889 2492">
     <span class='ocr_line' id='line_1_30' title="bbox 228 2420 1889 2492; baseline -0.002 -17"><span class='ocrx_word' id='word_1_242' title='bbox 228 2423 454 2492; x_wconf 81' lang='grc' dir='ltr'>κεφαλὴν</span> <span class='ocrx_word' id='word_1_243' title='bbox 488 2424 807 2489; x_wconf 87' lang='grc' dir='ltr'>ἀποταμόντα</span> <span class='ocrx_word' id='word_1_244' title='bbox 838 2425 924 2473; x_wconf 82' lang='grc' dir='ltr'>τοῦ</span> <span class='ocrx_word' id='word_1_245' title='bbox 964 2425 1098 2488; x_wconf 83' lang='grc' dir='ltr'>κριοῦ</span> <span class='ocrx_word' id='word_1_246' title='bbox 1135 2423 1214 2473; x_wconf 92' lang='grc' dir='ltr'>καὶ</span> <span class='ocrx_word' id='word_1_247' title='bbox 1257 2422 1460 2474; x_wconf 86' lang='grc' dir='ltr'>ἐνδύντα</span> <span class='ocrx_word' id='word_1_248' title='bbox 1495 2420 1551 2473; x_wconf 86' lang='grc' dir='ltr'>τὸ</span> <span class='ocrx_word' id='word_1_249' title='bbox 1587 2420 1736 2476; x_wconf 89' lang='grc' dir='ltr'>νάκος</span> <span class='ocrx_word' id='word_1_250' title='bbox 1764 2421 1889 2473; x_wconf 82' lang='grc' dir='ltr'>οὕτω</span> 
     </span>
    </p>
   </div>
   <div class='ocr_carea' id='block_1_7' title="bbox 227 2557 1891 2884">
    <p class='ocr_par' dir='ltr' id='par_1_7' title="bbox 227 2557 1891 2884">
     <span class='ocr_line' id='line_1_31' title="bbox 285 2557 1889 2616; baseline -0.002 -15"><span class='ocrx_word' id='word_1_251' title='bbox 285 2574 304 2601; x_wconf 92' lang='lat'>1</span> <span class='ocrx_word' id='word_1_252' title='bbox 342 2562 618 2616; x_wconf 76' lang='grc' dir='ltr'>προαστείοισι</span> <span class='ocrx_word' id='word_1_253' title='bbox 651 2561 684 2599; x_wconf 88' lang='lat' dir='ltr'>L</span> <span class='ocrx_word' id='word_1_254' title='bbox 906 2573 931 2598; x_wconf 83' lang='lat'><em>2</em></span> <span class='ocrx_word' id='word_1_255' title='bbox 971 2559 1104 2600; x_wconf 80' lang='grc' dir='ltr'>εἵνεκα</span> <span class='ocrx_word' id='word_1_256' title='bbox 1134 2557 1315 2598; x_wconf 89' lang='lat' dir='ltr'>PRSV</span> <span class='ocrx_word' id='word_1_257' title='bbox 1534 2572 1560 2608; x_wconf 88' lang='lat'><strong>4</strong></span> <span class='ocrx_word' id='word_1_258' title='bbox 1599 2568 1766 2610; x_wconf 85' lang='grc' dir='ltr'>καλευμ.</span> <span class='ocrx_word' id='word_1_259' title='bbox 1799 2558 1889 2598; x_wconf 89' lang='grc' dir='ltr'>ΑΒ</span> 
     </span>
     <span class='ocr_line' id='line_1_32' title="bbox 228 2611 1889 2668; baseline -0.003 -11"><span class='ocrx_word' id='word_1_260' title='bbox 228 2628 253 2665; x_wconf 87' lang='grc'>5</span> <span class='ocrx_word' id='word_1_261' title='bbox 282 2617 514 2668; x_wconf 81' lang='grc' dir='ltr'>περίμετρος</span> <span class='ocrx_word' id='word_1_262' title='bbox 546 2615 729 2655; x_wconf 85' lang='lat' dir='ltr'>PRSV</span> <span class='ocrx_word' id='word_1_263' title='bbox 951 2627 973 2664; x_wconf 91' lang='lat'><strong>7</strong></span> <span class='ocrx_word' id='word_1_264' title='bbox 1004 2612 1124 2655; x_wconf 84' lang='grc' dir='ltr'>πόλις</span> <span class='ocrx_word' id='word_1_265' title='bbox 1155 2613 1269 2652; x_wconf 91' lang='lat' dir='ltr'>PR:</span> <span class='ocrx_word' id='word_1_266' title='bbox 1298 2611 1438 2654; x_wconf 84' lang='grc' dir='ltr'>πόλεις</span> <span class='ocrx_word' id='word_1_267' title='bbox 1469 2611 1549 2652; x_wconf 90' lang='lat' dir='ltr'>SV</span> <span class='ocrx_word' id='word_1_268' title='bbox 1712 2613 1826 2667; x_wconf 72' lang='grc' dir='ltr'>βᾶρις</span> <span class='ocrx_word' id='word_1_269' title='bbox 1855 2613 1889 2652; x_wconf 92' lang='lat' dir='ltr'>L</span> 
     </span>
     <span class='ocr_line' id='line_1_33' title="bbox 227 2666 1891 2722; baseline -0.002 -10"><span class='ocrx_word' id='word_1_270' title='bbox 227 2672 254 2709; x_wconf 88' lang='lat'>8</span> <span class='ocrx_word' id='word_1_271' title='bbox 282 2670 399 2712; x_wconf 84' lang='grc' dir='ltr'>πόλει</span> <span class='ocrx_word' id='word_1_272' title='bbox 425 2670 552 2710; x_wconf 89' lang='lat' dir='ltr'>CSV</span> <span class='ocrx_word' id='word_1_273' title='bbox 751 2682 801 2709; x_wconf 91' lang='lat'>10</span> <span class='ocrx_word' id='word_1_274' title='bbox 828 2668 974 2710; x_wconf 83' lang='grc' dir='ltr'>πόλιας</span> <span class='ocrx_word' id='word_1_275' title='bbox 1005 2667 1166 2706; x_wconf 81' lang='lat' dir='ltr'>RSV:</span> <span class='ocrx_word' id='word_1_276' title='bbox 1198 2667 1339 2709; x_wconf 85' lang='grc' dir='ltr'>πόλεις</span> <span class='ocrx_word' id='word_1_277' title='bbox 1369 2667 1403 2705; x_wconf 93' lang='lat' dir='ltr'>C</span> <span class='ocrx_word' id='word_1_278' title='bbox 1502 2697 1510 2703; x_wconf 91' lang='lat'>.</span> <span class='ocrx_word' id='word_1_279' title='bbox 1600 2679 1644 2706; x_wconf 85' lang='lat'>11</span> <span class='ocrx_word' id='word_1_280' title='bbox 1678 2666 1891 2722; x_wconf 73' lang='grc' dir='ltr'>ἓνχωριόν</span> 
     </span>
     <span class='ocr_line' id='line_1_34' title="bbox 231 2721 1888 2772; baseline -0.002 -8"><span class='ocrx_word' id='word_1_281' title='bbox 231 2725 270 2764; x_wconf 88' lang='lat' dir='ltr'>R</span> <span class='ocrx_word' id='word_1_282' title='bbox 284 2726 314 2764; x_wconf 87' lang='lat' dir='ltr'>S</span> <span class='ocrx_word' id='word_1_283' title='bbox 328 2726 364 2763; x_wconf 95' lang='lat' dir='ltr'>V</span> <span class='ocrx_word' id='word_1_284' title='bbox 508 2738 555 2764; x_wconf 87' lang='lat'>12</span> <span class='ocrx_word' id='word_1_285' title='bbox 585 2724 630 2766; x_wconf 82' lang='grc' dir='ltr'>δὲ</span> <span class='ocrx_word' id='word_1_286' title='bbox 650 2737 732 2764; x_wconf 82' lang='lat' dir='ltr'>om.</span> <span class='ocrx_word' id='word_1_287' title='bbox 758 2724 796 2763; x_wconf 89' lang='lat' dir='ltr'>R</span> <span class='ocrx_word' id='word_1_288' title='bbox 955 2734 1003 2772; x_wconf 86' lang='lat'>15</span> <span class='ocrx_word' id='word_1_289' title='bbox 1036 2723 1130 2763; x_wconf 83' lang='grc' dir='ltr'>Διὸς</span> <span class='ocrx_word' id='word_1_290' title='bbox 1149 2722 1327 2771; x_wconf 83' lang='grc' dir='ltr'>Θηβαίου</span> <span class='ocrx_word' id='word_1_291' title='bbox 1348 2721 1388 2760; x_wconf 93' lang='grc' dir='ltr'>Α</span> <span class='ocrx_word' id='word_1_292' title='bbox 1403 2721 1438 2761; x_wconf 88' lang='grc' dir='ltr'>Β</span> <span class='ocrx_word' id='word_1_293' title='bbox 1454 2721 1487 2760; x_wconf 93' lang='lat' dir='ltr'>C</span> <span class='ocrx_word' id='word_1_294' title='bbox 1640 2724 1689 2761; x_wconf 91' lang='lat'>16</span> <span class='ocrx_word' id='word_1_295' title='bbox 1718 2739 1787 2763; x_wconf 85' lang='grc' dir='ltr'>νυν</span> <span class='ocrx_word' id='word_1_296' title='bbox 1805 2734 1888 2761; x_wconf 86' lang='lat' dir='ltr'>om.</span> 
     </span>
     <span class='ocr_line' id='line_1_35' title="bbox 230 2774 1888 2829; baseline -0.002 -11"><span class='ocrx_word' id='word_1_297' title='bbox 230 2779 263 2818; x_wconf 89' lang='lat' dir='ltr'>P</span> <span class='ocrx_word' id='word_1_298' title='bbox 279 2778 317 2817; x_wconf 89' lang='lat' dir='ltr'>R</span> <span class='ocrx_word' id='word_1_299' title='bbox 332 2779 363 2819; x_wconf 89' lang='lat' dir='ltr'>S</span> <span class='ocrx_word' id='word_1_300' title='bbox 375 2779 413 2819; x_wconf 95' lang='lat' dir='ltr'>V</span> <span class='ocrx_word' id='word_1_301' title='bbox 575 2780 704 2829; x_wconf 85' lang='lat'>17—18</span> <span class='ocrx_word' id='word_1_302' title='bbox 734 2777 928 2826; x_wconf 76' lang='grc' dir='ltr'>σέβονται</span> <span class='ocrx_word' id='word_1_303' title='bbox 950 2784 1050 2818; x_wconf 86' lang='lat' dir='ltr'>ante</span> <span class='ocrx_word' id='word_1_304' title='bbox 1070 2775 1244 2818; x_wconf 79' lang='grc' dir='ltr'>ἅπαντες</span> <span class='ocrx_word' id='word_1_305' title='bbox 1267 2775 1304 2814; x_wconf 91' lang='lat' dir='ltr'><strong>R</strong></span> <span class='ocrx_word' id='word_1_306' title='bbox 1322 2775 1403 2816; x_wconf 91' lang='lat' dir='ltr'>SV</span> <span class='ocrx_word' id='word_1_307' title='bbox 1532 2776 1732 2829; x_wconf 80' lang='grc' dir='ltr'>Ὀσίριδος</span> <span class='ocrx_word' id='word_1_308' title='bbox 1751 2775 1790 2815; x_wconf 87' lang='grc' dir='ltr'>Α</span> <span class='ocrx_word' id='word_1_309' title='bbox 1803 2774 1839 2814; x_wconf 92' lang='grc' dir='ltr'>Β</span> <span class='ocrx_word' id='word_1_310' title='bbox 1855 2776 1888 2814; x_wconf 91' lang='lat' dir='ltr'>C</span> 
     </span>
     <span class='ocr_line' id='line_1_36' title="bbox 229 2829 1884 2884; baseline -0.002 -12"><span class='ocrx_word' id='word_1_311' title='bbox 229 2846 282 2873; x_wconf 83' lang='lat'>22</span> <span class='ocrx_word' id='word_1_312' title='bbox 324 2833 473 2875; x_wconf 79' lang='grc' dir='ltr'>τούτου</span> <span class='ocrx_word' id='word_1_313' title='bbox 513 2834 551 2872; x_wconf 90' lang='lat' dir='ltr'>R</span> <span class='ocrx_word' id='word_1_314' title='bbox 570 2847 580 2872; x_wconf 70' lang='grc' dir='ltr'><em>τ</em></span> <span class='ocrx_word' id='word_1_315' title='bbox 627 2833 760 2875; x_wconf 82' lang='grc' dir='ltr'>τούτω</span> <span class='ocrx_word' id='word_1_316' title='bbox 789 2832 854 2872; x_wconf 85' lang='lat' dir='ltr'>V:</span> <span class='ocrx_word' id='word_1_317' title='bbox 895 2831 1053 2874; x_wconf 81' lang='grc' dir='ltr'>τούτων</span> <span class='ocrx_word' id='word_1_318' title='bbox 1087 2831 1118 2870; x_wconf 89' lang='lat' dir='ltr'>S</span> <span class='ocrx_word' id='word_1_319' title='bbox 1338 2843 1391 2881; x_wconf 85' lang='lat'>23</span> <span class='ocrx_word' id='word_1_320' title='bbox 1434 2839 1551 2883; x_wconf 89' lang='grc' dir='ltr'>σφισι</span> <span class='ocrx_word' id='word_1_321' title='bbox 1587 2830 1646 2870; x_wconf 83' lang='lat' dir='ltr'>S:</span> <span class='ocrx_word' id='word_1_322' title='bbox 1689 2839 1764 2884; x_wconf 84' lang='grc' dir='ltr'>σφι</span> <span class='ocrx_word' id='word_1_323' title='bbox 1793 2829 1884 2869; x_wconf 84' lang='lat' dir='ltr'><strong>rell.</strong></span> 
     </span>
    </p>
   </div>
   <div class='ocr_carea' id='block_1_8' title="bbox 230 2883 1890 2980">
    <p class='ocr_par' dir='ltr' id='par_1_8' title="bbox 230 2883 1890 2980">
     <span class='ocr_line' id='line_1_37' title="bbox 230 2883 1890 2980; baseline -0.001 -52"><span class='ocrx_word' id='word_1_324' title='bbox 230 2887 409 2980; x_wconf 50' lang='grc' dir='ltr'>ἰδὸτέδε</span> <span class='ocrx_word' id='word_1_325' title='bbox 428 2889 524 2928; x_wconf 88' lang='lat' dir='ltr'>add.</span> <span class='ocrx_word' id='word_1_326' title='bbox 549 2887 711 2927; x_wconf 78' lang='lat' dir='ltr'>Herold</span> <span class='ocrx_word' id='word_1_327' title='bbox 796 2885 1048 2940; x_wconf 84' lang='grc' dir='ltr'>προσχέσθαι</span> <span class='ocrx_word' id='word_1_328' title='bbox 1071 2883 1120 2924; x_wconf 85' lang='grc' dir='ltr'>Ρ1</span> <span class='ocrx_word' id='word_1_329' title='bbox 1140 2900 1150 2925; x_wconf 85' lang='lat'>:</span> <span class='ocrx_word' id='word_1_330' title='bbox 1178 2884 1425 2939; x_wconf 75' lang='grc' dir='ltr'>προέχεσθαί</span> <span class='ocrx_word' id='word_1_331' title='bbox 1438 2884 1478 2924; x_wconf 91' lang='grc' dir='ltr'>Α</span> <span class='ocrx_word' id='word_1_332' title='bbox 1492 2884 1526 2924; x_wconf 90' lang='grc' dir='ltr'><strong><em>Β</em></strong></span> <span class='ocrx_word' id='word_1_333' title='bbox 1540 2883 1603 2926; x_wconf 85' lang='lat' dir='ltr'>C:</span> <span class='ocrx_word' id='word_1_334' title='bbox 1629 2883 1890 2939; x_wconf 80' lang='grc' dir='ltr'>προεκθέσθαι</span> 
     </span>
    </p>
   </div>
  </div>
 </body>
</html>
