2098 3320
31 98 121 146 ΠΙ.
150 108 214 159 47

137 1930 210 1979 49

875 96 1303 144 ΗΡΟΔΟΤΟὙ

256 227 423 294 ἕτερός
453 229 562 279 ἐστι
597 229 674 278 καὶ
700 227 786 279 τὸν
816 229 871 279 ἐν
902 230 1065 296 Λίνδῳ
1091 226 1299 292 ἀνέθηκε
1328 229 1385 299 τῇ
1418 227 1657 299 Ἀθηναίῃ
1682 227 1918 294 νΑμασις.

257 311 666 377 συνεπελάβοντο
709 315 763 364 δὲ
804 317 891 363 τοῦ
930 312 1298 378 στρατεύματος
1337 318 1424 364 τοῦ
1463 313 1543 364 ἐπὶ
1584 311 1754 378 Σάμον
1790 313 1922 367 ὥστε

255 395 490 463 γενέσθαι
541 396 620 447 καὶ
671 398 925 463 Κορίνθιοι
975 396 1253 463 προθύμως·
1315 398 1540 464 ὕβρισμα
1591 398 1688 464 γὰρ
1739 399 1818 450 καὶ
1869 400 1921 452 ἐς

253 481 455 534 τούτους
487 480 594 548 εἶχε
625 482 679 532 ἐκ
717 485 816 532 τῶν
835 482 1048 546 ’Σαμίων
1085 481 1356 548 γενόμενον
1393 482 1538 553 γενεῇ
1564 483 1804 549 πρότερον
1833 487 1920 534 τοῦ

255 565 620 631 στρατεύματος
661 565 851 624 τούτου,
889 567 1012 616 κατὰ
1057 567 1109 617 δὲ
1143 564 1230 616 τὸν
1266 564 1414 617 αὐτὸν
1454 566 1638 633 χρόνον
1677 570 1763 618 τοῦ
1803 588 1915 634 κρη-

253 652 398 716 τῆρος
433 651 492 721 τῇ
533 651 731 722 ᾇρπαγῇ
766 650 992 717 γεγονός.
1088 651 1406 716 Κερκυραίων
1435 651 1530 719 γὰρ
1566 654 1742 704 παῖδας
1781 671 1913 718 τριη-

254 735 451 787 κοσίους
504 731 694 800 ἀνδρῶν
729 734 840 786 (τῶν
890 734 1098 800 πρώτων
1148 734 1456 800 Περίανδρος
1503 735 1529 784 ὁ
1578 734 1817 802 Κυψέλου
1867 737 1917 789 ἐς

251 817 429 885 Σάρδις
461 817 730 885 ἀπέπεμψε
754 820 886 885 παρὰ
912 817 1190 870 Ἀλυάττεα
1215 817 1292 870 ἐπ’
1316 820 1507 891 ἐκτομῇ·
1553 815 1919 888 προσσχόντων

251 905 304 954 δὲ
351 905 402 955 ἐς
449 902 538 967 τὴν
586 902 754 967 Σάμον
805 907 904 954 τῶν
953 903 1177 969 ἀγόντων
1226 901 1339 957 τοὺς
1390 906 1569 956 παῖδας
1622 906 1911 970 Κορινθίων,

251 988 519 1052 πυθόμενοι
550 990 595 1039 οἱ
626 987 804 1052 Σάμιοι
835 987 922 1039 τὸν
951 987 1125 1054 λόγον,
1163 986 1240 1039 ἐπ’
1270 988 1373 1039 οἷσι
1405 988 1609 1054 ἀγοίατο
1639 989 1690 1041 ἐς
1722 987 1912 1055 Σάρδις,

251 1076 419 1138 πρῶτα
449 1074 540 1136 μὲν
570 1072 683 1125 τοὺς
719 1076 899 1125 παῖδας
940 1070 1169 1136 ἐδίδαξαν
1204 1074 1309 1139 ἱροῦ
1348 1070 1580 1139 ἅψασθαι
1610 1071 1912 1139 Ἀρτέμιδος,

249 1158 373 1221 μετὰ
410 1159 463 1208 δὲ
499 1156 555 1206 οὐ
595 1161 920 1223 περιορῶντες
961 1155 1197 1208 ἀπέλκειν
1239 1156 1351 1210 τοὺς
1394 1155 1555 1210 ἱκέτας
1593 1158 1647 1208 ἐκ
1677 1162 1762 1208 τοῦ
1794 1159 1911 1224 ἱροῦ,

252 1241 424 1293 σιτίων
454 1243 508 1292 δὲ
538 1241 650 1293 τοὺς
681 1245 858 1294 παῖδας
889 1241 1139 1308 ἐργόντων
1168 1246 1266 1292 τῶν
1291 1242 1580 1307 Κορινθίων,
1614 1240 1915 1307 ἐποιήσαντο

250 1328 295 1377 οἱ
345 1324 520 1390 Σάμιοι
568 1324 728 1391 ὁρτήν,
780 1326 840 1397 τῇ
893 1325 973 1378 καὶ
1023 1329 1110 1377 νῦν
1158 1325 1230 1377 ἔτι
1278 1324 1521 1393 χρέωνται
1574 1326 1695 1377 κατὰ
1744 1323 1912 1377 ταύτά·

250 1409 423 1463 νυκτὸς
462 1412 557 1477 γὰρ
598 1408 967 1477 ἐπιγενομένης,
1002 1410 1126 1462 ὅσον
1160 1410 1345 1477 χρόνον
1384 1408 1602 1462 ἱκέτευον
1642 1412 1688 1462 οἱ
1725 1413 1910 1469 παῖδες,

250 1495 469 1546 ἵστασαν
500 1493 678 1562 χοροὺς
714 1492 972 1561 παρθένων
1008 1515 1063 1546 τε
1105 1494 1184 1546 καὶ
1220 1493 1416 1558 ἠιθέων,
1453 1492 1682 1548 ἱστάντες
1718 1497 1770 1546 δὲ
1800 1493 1913 1549 τοὺς

219 1579 430 1648 Χχοροὺς
464 1580 657 1645 τρωκτὰ
696 1577 929 1643 σησάμου
969 1600 1023 1631 τε
1063 1578 1143 1630 καὶ
1183 1577 1386 1644 μέλιτος
1423 1577 1729 1643 ἐποιήσαντο
1759 1579 1912 1644 νόμον

249 1662 509 1730 φέρεσθαι,
544 1664 624 1714 ἵνα
654 1662 955 1730 ἁρπάζοντες
985 1664 1032 1715 οἱ
1071 1667 1169 1714 τῶν
1200 1664 1513 1730 Κερκυραίων
1544 1667 1715 1718 παῖδες
1747 1662 1913 1731 ἔχοιεν

248 1747 457 1815 τροφήν.
545 1749 597 1801 ἐς
625 1751 768 1799 τοῦτο
805 1749 857 1799 δὲ
893 1748 1007 1799 τόδε
1050 1748 1257 1813 ἐγίνετο,
1291 1749 1344 1801 ἐς
1383 1746 1410 1799 ὃ
1448 1750 1496 1800 οἱ
1531 1748 1786 1815 Κορίνθιοι
1815 1751 1912 1800 τῶν

248 1833 439 1883 παίδων
481 1834 527 1884 οἱ
573 1832 791 1899 φύλακοι
837 1833 1036 1899 οἴχοντο
1077 1832 1426 1886 ἀπολιπόντες·
1480 1831 1592 1886 τοὺς
1639 1835 1692 1884 δὲ
1736 1836 1912 1885 παῖδας

249 1914 510 1983 ἀπήγαγον
544 1918 592 1969 ἐς
627 1915 879 1983 Κέρκυραν
909 1918 954 1968 οἱ
994 1914 1189 1981 Σάμιοι.
1277 1918 1320 1968 εἶ
1354 1915 1446 1982 μέν
1483 1937 1570 1968 νυν
1606 1915 1912 1983 Περιάνδρου

247 1999 638 2064 τελευτήσαντος
667 2005 801 2052 τοῖσι
830 2002 1142 2067 Κορινθίοισι
1169 2001 1318 2068 φίλια
1347 1999 1408 2065 ἣν
1438 2000 1559 2067 πρὸς
1583 2000 1695 2054 τοὺς
1726 2004 1908 2067 Κερκυ-

245 2086 428 2152 ραίους,
468 2087 512 2137 οἱ
559 2087 613 2137 δὲ
656 2084 742 2136 οὐκ
785 2084 846 2136 ἂν
896 2083 1242 2150 συνελάβοντο
1283 2089 1369 2136 τοῦ
1413 2085 1781 2151 στρατεύματος
1824 2088 1911 2137 τοῦ

250 2170 329 2221 ἐπὶ
361 2169 529 2234 Σάμον
569 2170 747 2234 ταύτης
789 2170 974 2221 εἵνεκεν
1014 2172 1101 2233 τῆς
1143 2170 1315 2234 αἰτίης.
1404 2174 1487 2222 νῦν
1526 2172 1580 2221 δὲ
1622 2169 1716 2221 αἰεὶ
1749 2170 1911 2221 ἐπείτε

249 2253 451 2305 ἔκτισαν
507 2253 597 2318 τὴν
656 2256 813 2318 νῆσον
877 2253 975 2305 εἶσὶ
1042 2251 1316 2317 ἀλλήλοισι
1381 2252 1611 2322 διάφοροι
1645 2254 1911 2307 >Ἰ“ἐόντες1·

249 2340 490 2390 ἑωυτοῖσι.
552 2337 738 2390 τούτων
761 2335 829 2389 ὧν
855 2339 1040 2390 εἵνεκεν
1066 2336 1497 2403 ἀπεμνησικάκεον
1519 2342 1652 2390 τοῖσι
1675 2339 1911 2403 Σαμίοισι

307 2490 324 2516 1
356 2477 459 2518 Λίδω
498 2477 535 2515 R
757 2488 782 2526 3
818 2477 873 2518 εἷς
907 2475 1103 2515 ABRV
1321 2489 1345 2526 4
1383 2474 1538 2530 (τρίτη)
1570 2479 1692 2529 γενεῆ
1724 2475 1910 2515 Panoska

248 2544 273 2580 5
303 2532 453 2573 κατὰ..
471 2530 664 2585 aymonis
686 2531 767 2571 del.
791 2530 948 2570 Abicht
1115 2543 1136 2579 7
1169 2529 1382 2582 Κυψέλλου
1402 2530 1440 2568 R
1497 2518 1505 2530 ⁰
1589 2533 1615 2570 8
1643 2519 1910 2584 προσχόντων

250 2586 285 2636 Ρ
299 2586 383 2658 ΚΙΞ
397 2586 436 2625 V
626 2599 653 2636 9
685 2585 744 2638 ἐς]
769 2587 863 2639 πρὸς
886 2585 925 2624 R
940 2585 969 2623 S
985 2585 1041 2654 V..
1246 2599 1296 2624 10
1325 2586 1387 2626 ἐπ’
1408 2584 1489 2627 οῖσι
1511 2584 1699 2657 νάγοιντο
1723 2586 1761 2624 R
1781 2600 1790 2624 :
1822 2586 1908 2625 ἐπεὶ

248 2640 628 2737 ἶΞῖαὙέἇῖΪοΑΞΒἙ
646 2695 678 2734 P
808 2653 857 2678 ¹²
879 2639 1217 2744 11⁶⁹·22‘322‘555
1238 2640 1276 2679 V
1415 2708 1431 2733 1
1439 2653 1747 2744 5Ῑῖκῖξῇἷῖἷῖ
1750 2639 1910 2733 ”1³23

254 2752 302 2788 16
331 2750 533 2803 παρθένων
547 2782 555 2791 .
573 2779 582 2790 .
599 2780 609 2790 .
628 2751 772 2804 χοροὺς
792 2763 874 2790 om.
898 2750 928 2789 S
942 2750 980 2788 V
1181 2750 1229 2788 18
1260 2748 1394 2800 ἔχειεν
1420 2750 1458 2788 R
1659 2761 1707 2799 19
1735 2748 1850 2800 τόδε]
1872 2750 1909 2788 οἱ

250 2804 287 2842 Α
305 2805 338 2842 Β
353 2804 386 2843 C
401 2805 434 2843 P
600 2805 700 2857 ἐγίν.
726 2805 786 2846 ἔτι
809 2808 849 2846 ἐς
869 2805 1025 2845 τωύτὸν
1046 2806 1086 2845 ἐς
1104 2805 1127 2845 ὃ
1150 2803 1188 2841 R
1205 2803 1286 2842 SV
1513 2817 1566 2842 20
1595 2806 1752 2855 ὤχοντο
1776 2803 1814 2841 R
1829 2803 1907 2842 SV

250 2873 302 2897 22
343 2863 451 2900 τοῖσι
483 2866 574 2913 Κορ.
607 2865 703 2910 post
734 2858 784 2908 ἦν
816 2859 853 2897 R
877 2859 908 2898 S
928 2859 967 2897 V
1131 2859 1248 2910 φίλια
1280 2857 1342 2896 R:
1385 2859 1501 2910 φιλία
1531 2858 1562 2898 S
1582 2858 1642 2899 V:
1684 2858 1786 2911 φίλα
1815 2857 1905 2897 rell.

250 2926 302 2962 23
333 2914 611 3005 συνὲβάλοντο
634 2914 673 2952 R
853 2925 905 2963 25
938 2912 1135 2966 ἐρίζοντες
1159 2913 1355 2963 Krueger
1532 2913 1585 2952 26
1614 2913 1755 2954 ἑωυτοί
1776 2912 1813 2951 R
1829 2912 1908 2951 SV

250 2968 386 3009 ἕνεκεν
465 2969 500 3006 V

1942 587 1964 628 5

1946 1010 1993 1039 10

1941 1853 1990 1881 20

1942 2272 1989 2312 25
