2098 3320
90 90 177 143 IV.

205 105 297 156 Ι79

203 643 298 691 180

956 89 1388 139 ΗΡΟΔΟΤΟΎ

340 221 547 287 τρίποδα
601 221 863 285 κομίσηται
921 225 1019 272 τῶν
1069 241 1143 273 τις
1195 221 1414 287 ἐκγόνων
1465 225 1563 273 τῶν
1616 223 1670 274 ἐν
1719 222 1778 294 τῇ
1831 221 2010 291 Ἀργοῖ

341 305 717 370 συμπλεόντων,
762 305 875 356 τότε
916 304 1091 356 ἑκατὸν
1135 305 1314 358 πόλιας
1355 307 1553 370 ὀἰκῆσαι
1598 306 1710 374 περὶ
1753 305 1844 371 τὴν
1883 309 1999 374 Τρι-

340 390 520 440 τωνίδα
563 390 746 455 λίμνην
789 388 1092 454 Ἑλληνίδας
1135 393 1305 442 πᾶσαν
1350 388 1477 441 εῖναι
1527 389 1764 458 ἀνάγκην.
1853 383 2006 444 ταῦτα

340 472 660 538 ἀκούσαντας
718 470 832 527 τοὺς
891 474 1184 542 ἐπιχωρίους
1246 478 1344 526 τῶν
1402 474 1607 540 Λιβύων
1666 474 1853 543 κρύψαι
1919 475 2006 528 τὸν

339 559 563 625 τρίποδα.
1214 610 1218 614 ,
2032 546 2057 625 g

422 642 627 694 Τούτων
679 643 732 693 δὲ
785 642 988 711 ἔχονται
1031 648 1129 695 τῶν
1179 643 1436 712 Μαχλύων
1482 642 1687 697 Αὐσέες.
1774 643 1909 696 οὗτοι
1953 646 2008 696 δὲ

343 728 420 779 καὶ
461 729 506 779 οἱ
550 725 792 794 Μάχλυες
835 725 982 794 πέριξ
1022 727 1111 792 τὴν
1150 729 1428 795 Τριτωνίδα
1465 729 1646 794 λίμνην
1687 726 1918 787 οἰκέουσι,
1951 727 2008 779 τὸ

340 810 498 876 μέσον
545 809 599 863 δέ
652 821 749 878 σφι
801 811 980 879 οὐρίζει
1027 813 1053 862 ὁ
1098 814 1310 879 Τρίτων.
1401 814 1479 865 καὶ
1526 815 1572 865 οἱ
1622 815 1713 878 μὲν
1764 810 2009 881 Μάχλυες

341 898 402 947 τὰ
432 897 596 948 ὀπίσω
634 900 826 961 κομῶσι
859 899 946 961 τῆς
978 901 1218 964 κεφαλῆς,
1254 900 1299 949 οἱ
1331 899 1385 948 δὲ
1418 894 1606 950 Αὐσέες
1641 898 1703 948 τὰ
1734 896 2004 964 ἔμπροσθε.

344 982 458 1053 ὁρτῇ
480 983 533 1032 δὲ
557 982 782 1052 ἐνιαυσίῃ
806 980 1071 1046 Ἀθηναίης
1092 984 1141 1033 αἱ
1165 979 1402 1049 παρθένοι
1420 981 1577 1033 αὐτῶν
1602 982 1718 1049 δίχα
1738 983 2009 1033 διαστᾶσαι
2035 1004 2086 1035 ιο

341 1064 590 1133 μάχονται
620 1064 740 1133 πρὸς
773 1064 1000 1130 ἀλλήλας
1023 1066 1218 1118 λίθοισί
1242 1088 1295 1118 τε
1322 1066 1400 1117 καὶ
1432 1065 1645 1131 ξύλοισι,
1671 1066 1732 1139 τῇ
1759 1063 2009 1136 αὐθιγενέι
2035 1086 2098 1114 m

345 1154 439 1220 θεῷ
460 1148 703 1217 λέγουσαι
726 1150 788 1201 τὰ
811 1149 993 1217 πάτρια
1013 1147 1321 1209 ἀποτελέειν,
1347 1149 1436 1215 τὴν
1457 1150 1726 1215 Ἀθηναίην
1747 1147 2006 1216 καλέομεν.

343 1237 431 1289 τὰς
478 1237 530 1287 δὲ
579 1235 995 1307 ἀποθνῃσκούσας
1042 1239 1139 1287 τῶν
1188 1232 1447 1302 παρθένων
1493 1237 1548 1286 ἐκ
1598 1239 1697 1286 τῶν
1741 1232 2010 1302 τρωμάτων

343 1317 781 1387 ψευδοπαρθένους
807 1316 1059 1371 καλέουσι.
1133 1320 1248 1386 πρὶν
1273 1322 1325 1372 δὲ
1345 1320 1535 1372 ἀνεῖναι
1559 1319 1708 1372 αὐτὰς
1736 1318 2004 1387 μάχεσθαι,

345 1403 463 1456 τάδε
493 1408 708 1457 ποιεῦσι·
758 1411 895 1477 κοινῇ
925 1401 1175 1471 παρθένον
1199 1404 1288 1469 τὴν
1315 1403 1743 1456 καλλιστεύουσαν
1768 1401 2008 1456 ἑκάστοτε
2037 1425 2083 1467 15

349 1487 694 1554 κοσμήσαντες
727 1485 870 1560 κυνέῃ
901 1510 955 1540 τε
981 1489 1215 1562 Κορινθίῃ
1248 1492 1326 1541 καὶ
1357 1490 1608 1560 πανοπλίῃ
1631 1487 1905 1561 Ἑλληνικῇ
1930 1488 2009 1540 καὶ

349 1573 426 1625 ἐπ’
468 1572 599 1640 ἅρμα
644 1571 1056 1639 ἀναβιβάσαντες
1103 1572 1398 1641 περιάγουσι
1440 1568 1548 1638 [τὴν
1587 1568 1787 1638 λίμνην]
1828 1569 2007 1642 κύκλῳ.

349 1654 536 1709 ὁτέοισι
581 1660 633 1709 δὲ
678 1657 732 1708 τὸ
777 1656 933 1710 πάλαι
973 1658 1215 1723 ἐκόσμεον
1255 1659 1343 1712 τὰς
1383 1654 1655 1724 παρθένους
1693 1655 1808 1724 πρὶν
1841 1655 1873 1722 ἤ
1911 1662 2010 1724 σφι

340 1740 602 1807 “Ἐλληνας
660 1745 1058 1808 παροικισθῆναι,
1113 1742 1200 1794 οὐκ
1259 1741 1359 1810 ἔχω
1418 1743 1590 1800 εἰπεῖν,
1645 1738 1797 1793 δοκέω
1849 1739 1890 1792 δ’
1941 1737 2010 1792 ὧν

351 1827 669 1894 Αἰγυπτίοισι
699 1827 904 1879 ὅπλοισι
936 1823 1241 1892 κοσμέεσθαι
1276 1826 1441 1881 αὐτάς·
1489 1825 1587 1878 ἀπὸ
1625 1827 1720 1893 γὰρ
1758 1826 2013 1892 Αἰγύπτου
2036 1845 2086 1874 20

351 1912 430 1963 καὶ
449 1911 539 1975 τὴν
559 1911 746 1963 ἀσπίδα
771 1912 849 1962 καὶ
873 1915 926 1962 τὸ
953 1910 1128 1978 κράνος
1147 1911 1275 1978 φημὶ
1299 1911 1509 1980 ἀπῖχθαι
1531 1912 1583 1964 ἐς
1606 1907 2008 1974 τοὺς“Ελληνας.

350 1996 441 2060 τὴν
471 1998 524 2048 δὲ
553 1995 822 2060 Ἀθηναίην
846 1995 975 2062 φασὶ
1008 1993 1353 2049 Ποσειδέωνος
1385 1993 1510 2047 εἶναι
1540 1990 1783 2061 θυγατέρα
1815 1993 1893 2045 καὶ
1923 1995 2011 2057 τῆς

350 2082 649 2146 Τριτωνίδος
680 2081 873 2145 λίμνης,
910 2081 993 2132 καί
1016 2101 1099 2145 μιν
1129 2077 1449 2146 μεμφθεῖσάν
1478 2100 1526 2130 τι
1556 2083 1623 2149 τῷ
1660 2078 1807 2145 πατρὶ
1843 2081 2011 2129 δοῦναι

353 2164 539 2228 ἑωυτὴν
570 2170 636 2234 τῷ
664 2165 764 2222 Διί,
791 2164 878 2215 τὸν
902 2166 955 2215 δὲ
982 2165 1080 2215 Δία
1106 2167 1286 2216 ἑωυτοῦ
1306 2185 1391 2229 μιν
1415 2162 1724 2228 ποιήσασθαι
1749 2159 2008 2229 θυγατέρα.

352 2253 503 2300 ταῦτα
553 2251 644 2313 μὲν
694 2245 920 2315 λέγουσι,
973 2247 1133 2313 μεῖξιν
1193 2251 1246 2300 δὲ
1305 2249 1555 2300 ἐπίκοινον
1611 2252 1709 2298 τῶν
1768 2250 2011 2313 γυναικῶν
2037 2264 2083 2306 25

354 2331 620 2392 ποιέονται,
645 2333 756 2384 οὔτε
777 2330 1118 2400 συνοικέοντες
1141 2333 1457 2397 κτηνηδόνᾼτε
1474 2332 1782 2399 μισγόμενοι.
1861 2332 2013 2382 ἐπεὰν

352 2420 405 2468 δὲ
435 2418 626 2484 γυναικὶ
657 2417 712 2466 τὸ
749 2417 944 2469 παιδίον
977 2416 1125 2484 ἁδρ-ὸν
1162 2414 1379 2483 γένηται,
1417 2419 1734 2483 συμφοιτῶσι
1771 2417 1820 2468 ἐς
1857 2413 2014 2466 τώυτὸ

410 2567 428 2592 1
461 2554 561 2604 τῶν]
581 2553 741 2594 πάντων
758 2553 797 2591 R
813 2553 843 2592 S
857 2553 896 2591 V
1008 2556 1095 2606 ἐκγ.
1112 2539 1174 2595 τις
1192 2553 1245 2594 Ρ;
1283 2552 1464 2605 ἐγγόνων
1479 2569 1540 2594 τις
1556 2551 1595 2590 Α
1611 2551 1645 2589 Β
1660 2551 1694 2590 C
1806 2553 1833 2589 6
1860 2549 2013 2592 Αὐσέες

354 2609 507 2647 Struve
527 2622 536 2647 :
565 2610 710 2649 Αὖσεΐς
733 2608 762 2647 S
781 2622 791 2647 t
819 2610 947 2649 Αὐσεῖ
965 2608 1030 2646 R:
1061 2610 1249 2661 Αὖσῆ<ι>ς
1273 2607 1363 2647 rell.
1390 2608 1510 2658 (item
1526 2606 1619 2645 sere
1639 2605 1767 2656 infra)
1935 2606 1961 2643 8
1990 2608 2013 2646 ὖ

353 2676 435 2703 om.
461 2663 495 2702 C
660 2676 687 2712 9
718 2663 942 2716 ἔμπροσθεν
965 2663 998 2701 Ρ
1013 2663 1104 2701 RV
1264 2675 1309 2701 11
1342 2665 1394 2716 τῇ
1416 2661 1449 2699 L
1472 2673 1619 2700 omnes
1731 2659 1956 2712 αὐθιγενέηι
1978 2659 2012 2698 C

357 2730 406 2756 12
439 2717 663 2758 ἐπιτελέειν
683 2717 900 2759 καλέουσαι
921 2719 999 2767 τὴν
1017 2715 1096 2758 Ἀθ.
1123 2718 1153 2756 S
1304 2715 1494 2758 καλέουσι
1522 2716 1554 2754 Ρ
1569 2715 1608 2753 R
1622 2715 1661 2754 V
1855 2726 1902 2763 13
1930 2718 2013 2755 τῶν

352 2785 434 2811 orn.
461 2772 493 2810 P
509 2771 546 2809 R
563 2771 593 2810 S
607 2771 645 2810 V
727 2771 941 2825 παρθένους
963 2772 995 2810 Ρ
1010 2772 1049 2810 R
1066 2772 1095 2811 S
1110 2772 1149 2810 V
1264 2783 1313 2821 15
1333 2771 1518 2825 παρθένοι
1536 2770 1574 2808 R
1591 2770 1621 2809 S
1634 2770 1673 2808 V
1789 2771 1838 2807 16
1858 2768 2009 2818 κυνῆζι)

355 2828 388 2865 L
412 2827 530 2878 (κοιν.
553 2826 611 2878 V)
707 2831 869 2880 Κορυνθ.
898 2826 987 2866 RV
1102 2838 1148 2875 17
1179 2827 1257 2876 τὴν
1278 2827 1427 2875 λίμνην
1447 2838 1525 2864 om.
1552 2824 1591 2863 R
1608 2824 1691 2864 SV
1805 2824 1854 2862 18
1883 2822 2013 2864 οτέοις

354 2881 447 2920 RV
626 2893 681 2932 25
710 2888 815 2934 μιξιν
836 2881 870 2920 L
1055 2882 1108 2922 26
1137 2879 1205 2932 τε]
1228 2880 1273 2924 δὲ
1296 2880 1335 2922 R
1352 2880 1434 2920 SV
1618 2891 1668 2930 27
1700 2879 1852 2934 ἀνδρῶν
1874 2877 1913 2916 R
1929 2876 2013 2918 SV
2049 2886 2062 2892 “

353 2936 503 2988 τώυτὸ]
525 2940 582 2979 τῶ
602 2935 642 2976 V
1663 2979 1667 2982 ,
