2098 3320
755 110 1131 198 ISTOPIQN
1194 150 1233 197 Γ
1872 153 1962 202 111.
1992 165 2067 215 151

160 301 234 335 τις
266 280 623 347 Βαβυλωνίων,
651 279 840 346 οὐδαμὰ
872 281 1088 345 ἐλπίζων
1119 280 1179 334 ἂν
1210 281 1418 347 ἡμίονον
1452 286 1629 334 τεκεῖν.
1706 284 1831 335 ἑπτὰ
1868 297 1957 347 152

160 366 213 418 δὲ
264 369 433 431 μηνῶν
486 364 565 417 καὶ
614 366 838 418 ἐνιαυτοῦ
889 366 1244 431 διεληλυθότος
1295 365 1386 431 ἤδη
1436 367 1462 416 ὁ
1517 367 1730 433 Δαρεῖός
1776 389 1829 420 τε

158 448 394 520 ἤσχαλλε
430 449 508 502 καὶ
546 450 575 516 ἡ
615 449 821 518 στρατιὴ
859 453 1001 502 πᾶσα
1037 450 1094 502 οὐ
1136 450 1314 515 δυνατὴ
1358 452 1512 503 ἐοῦσα
1543 454 1677 504 ἑλεῖν
1718 451 1831 506 τοὺς

161 535 529 602 Βαβυλωνίους.
602 536 761 588 καίτοι
783 533 946 588 πάντα
972 536 1269 604 σοφίσματα
1294 535 1373 588 καὶ
1402 534 1572 590 πάσας
1599 539 1831 605 μηχανὰς

111 644 134 686 5
160 617 450 686 ἐπεποιήκεε
491 621 543 674 ἐς
579 619 755 674 αὐτοὺς
787 624 1018 688 Δαρεῖος·
1068 619 1185 672 ἀλλ’
1223 620 1324 672 οὐδ’
1361 620 1426 674 ὣς
1457 620 1663 674 ἐδύνατο
1695 624 1830 674 ἑλεῖν

159 710 342 773 σφεας,
391 703 603 758 ἄλλοισί
644 725 700 758 τε
749 706 1042 773 σοφίσμασι
1091 704 1457 773 πειρησάμενος
1507 706 1586 758 καὶ
1637 704 1693 770 δὴ
1749 707 1829 759 καὶ

157 794 224 860 τῷ
274 792 433 857 Κῦρος
480 788 586 842 εῖλέ
635 795 815 857 σφεας,
868 789 946 841 καὶ
995 789 1149 860 τούτῳ
1202 788 1454 856 ἐπειρήθη.
1552 791 1686 842 ἀλλὰ
1735 792 1830 858 γὰρ

158 877 328 929 δεινῶς
359 872 489 939 ἦσαν
521 875 574 927 ἐν
611 880 870 947 φυλακῇσι
911 877 957 927 οἱ
1002 874 1336 940 Βαβυλώνιοι,
1370 872 1484 927 οὐδέ
1520 880 1685 942 σφεας
1726 875 1830 929 οἶός

157 979 212 1011 τε
234 957 295 1024 ἧν
331 961 482 1013 ἑλεῖν.
560 960 772 1012 ἐνθαῦτα
806 961 1013 1029 εἰκοστῷ
1036 959 1153 1025 μηνὶ
1179 960 1398 1029 Ζωπύρῳ
1430 964 1497 1030 τῷ
1524 959 1831 1027 Μεγαβύζου
1868 973 1957 1026 153

85 1065 135 1096 10
157 1039 332 1096 τούτου
367 1041 422 1098 ὃς
458 1047 556 1096 τῶν
594 1045 718 1096 ἑπτὰ
756 1044 947 1111 ἀνδρῶν
988 1043 1190 1112 ἐγένετο
1221 1049 1319 1096 τῶν
1359 1043 1447 1096 τὸν
1482 1042 1645 1111 μάγον
1687 1065 1827 1096 κατε-

156 1128 366 1189 λόντων,
391 1127 568 1181 τούτου
592 1133 679 1181 τοῦ
705 1128 1011 1196 Μεγαβύζου
1036 1129 1171 1181 παιδὶ
1198 1128 1420 1198 Ζωπύρῳ
1456 1127 1655 1196 ἐγένετο
1684 1126 1830 1197 τέρας

157 1213 286 1266 τόδε·
332 1218 431 1266 τῶν
479 1215 526 1266 οἱ
575 1213 864 1281 σιτοφόρων
918 1213 1136 1279 ἡμιόνων
1182 1214 1270 1278 μία
1318 1213 1469 1266 ἔτεκε.
1561 1212 1627 1268 ὣς
1677 1211 1732 1266 δέ
1782 1216 1830 1267 οἱ

159 1294 437 1366 ἐξαγγέλθη
499 1297 578 1351 καὶ
637 1299 732 1350 ὑπὸ
786 1298 1022 1363 ἀπιστίης
1071 1296 1216 1351 αὐτὸς
1263 1298 1290 1349 ὁ
1338 1298 1576 1365 Ζώπυρος
1623 1297 1724 1351 εἶδε
1771 1297 1830 1350 τὸ

155 1379 366 1451 βρέφος,
406 1383 622 1438 ἀπείπας
667 1388 803 1436 τοῖσι
850 1384 1012 1436 ἰδοῦσι
1054 1382 1229 1449 μηδενὶ
1274 1381 1482 1450 φράζειν
1520 1382 1577 1434 τὸ
1621 1381 1828 1450 γεγονὸς

83 1487 131 1533 15
156 1458 475 1534 ἐβουλεύετο.
574 1468 659 1520 καί
706 1470 752 1521 οἱ
807 1467 929 1535 πρὸς
981 1468 1042 1519 τὰ
1093 1471 1179 1519 τοῦ
1231 1467 1559 1533 Βαβυλωνίου
1615 1464 1826 1534 ῥήματα,
1864 1486 1888 1517 2

156 1550 210 1607 ὃς
252 1550 356 1605 κατ’
398 1553 558 1622 ἀρχὰς
599 1552 781 1621 ἔφησε,
819 1551 971 1605 ἐπεάν
1009 1573 1100 1619 περ
1139 1551 1336 1617 ἡμίονοι
1374 1548 1575 1615 τέκωσι,
1615 1551 1730 1604 τότε
1769 1551 1828 1603 τὸ

155 1642 324 1706 τεῖχος
355 1638 663 1697 ἁλώσεσθαι,
698 1641 823 1705 πρὸς
854 1637 1037 1702 ταύτην
1073 1635 1165 1701 τὴν
1203 1634 1373 1704 φήμην
1406 1635 1626 1706 Ζωπύρῳ
1660 1636 1827 1689 ἐδόκεε

156 1721 281 1774 εἶναι
318 1722 578 1788 ἁλώσιμος
615 1721 706 1787 ἤδη
748 1722 778 1787 ἡ
820 1721 1084 1788 Βαβυλών·
1133 1721 1228 1773 σὺν
1267 1722 1363 1788 γὰρ
1404 1723 1499 1791 θεῷ
1540 1720 1732 1773 ἐκεῖνόν
1771 1741 1827 1772 τε

154 1807 312 1859 εἰπεῖν
361 1806 440 1858 καὶ
487 1809 651 1877 ἑωυτῷ
700 1811 862 1859 τεκεῖν
910 1805 1000 1870 τὴν
1049 1805 1268 1872 ἡμίονον.
1359 1805 1424 1859 ὡς
1468 1801 1524 1856 δέ
1566 1806 1613 1856 οἱ
1660 1804 1826 1858 ἐδόκεε
1862 1821 1949 1872 154

79 1909 131 1939 20
152 1891 401 1958 μόρσιμον
443 1890 571 1944 εἶναι
610 1891 701 1956 ἤδη
745 1892 804 1963 τῇ
851 1895 1123 1957 Βαβυλῶνι
1167 1891 1485 1949 ἁλίσκεσθαι,
1527 1882 1824 1956 προσελθὼν

156 1976 373 2044 Δαρείου
412 1974 787 2030 ἀπεπυνθάνετο
825 1977 868 2028 εἰ
905 1975 1016 2042 περὶ
1059 1979 1254 2027 πολλοῦ
1290 1973 1445 2041 κάρτα
1485 1972 1704 2027 ποιέεται
1734 1972 1825 2038 τὴν

155 2064 439 2127 Βαβυλῶνα
470 2063 622 2113 ἑλεῖν.
710 2061 987 2126 πυθόμενος
1027 2062 1081 2112 δὲ
1123 2058 1187 2113 ὡς
1228 2063 1421 2111 πολλοῦ
1459 2062 1658 2128 τιμῷτο,
1691 2057 1823 2110 ἄλλο

152 2145 464 2210 βουλεύεται,
498 2146 623 2198 ὅκως
657 2144 805 2199 αὐτός
834 2166 890 2197 τε
929 2143 1072 2196 ἔσται
1114 2144 1140 2194 ὁ
1182 2143 1312 2196 ἑλὼν
1342 2142 1496 2207 αὐτὴν
1528 2142 1607 2194 καὶ
1638 2145 1822 2195 ἑωυτοῦ

65 2272 69 2275 μ
153 2233 208 2280 τὸ
253 2228 401 2298 ἔργον
445 2229 605 2282 ἔσται·
670 2228 825 2297 κάρτα
869 2230 963 2296 γὰρ
1009 2230 1063 2281 ἐν
1102 2223 1274 2294 [τοῖσι]
1319 2226 1558 2299 Πέρσῃσι
1602 2228 1652 2279 αἱ
1696 2227 1819 2294 ἀγα-

80 2330 129 2372 25
153 2315 375 2382 θοεργίαι
417 2316 467 2369 ἐς
507 2313 564 2366 τὸ
605 2314 778 2387 πρόσω
822 2312 1063 2392 μεγάθεος
1103 2317 1355 2378 τιμῶνται.
1443 2311 1583 2381 ἄλλῳ
1614 2310 1706 2377 μέν
1736 2292 2098 2379 νυνπ2Ἥ

153 2397 241 2450 οὐκ
270 2398 515 2467 ἐφράζετο
556 2399 684 2468 ἔργῳ
726 2397 932 2452 δυνατὸς
972 2396 1105 2450 εἷναί
1139 2417 1224 2462 μιν
1263 2397 1555 2466 ὑποχειρίην
1595 2398 1819 2460 ποιῆσαι,
1848 2378 2098 2440 ‘'wml

153 2483 196 2534 εἰ
221 2481 262 2534 δ’
288 2482 470 2536 ἑωυτὸν
493 2481 864 2549 λωβησάμενος
888 2480 1252 2548 αὐτομολήσειε
1278 2483 1328 2535 ἐς
1352 2481 1543 2535 αὐτούς.
1612 2482 1823 2532 ἐνθαῦτα

212 2634 229 2660 1
262 2622 314 2664 ἂν
327 2634 412 2666 om.
435 2620 471 2661 E
628 2633 654 2670 3
682 2623 849 2672 ἤσχαλε
869 2618 910 2659 Α
924 2619 958 2659 C
1141 2630 1165 2668 5
1197 2618 1411 2668 ἐπεποίηκε
1431 2618 1494 2660 A:
1527 2618 1735 2668 ἐποιήκεεν
1754 2616 1792 2655 V
1811 2632 1821 2657 ι

154 2676 339 2718 ἐποίκεεν
358 2675 400 2716 R
513 2673 574 2726 ἐς]
594 2688 650 2715 an
673 2675 763 2716 3⁷³2
913 2687 935 2724 7
965 2677 1090 2716 τοῦτο
1111 2672 1204 2712 RV
1325 2687 1353 2723 9
1382 2679 1424 2712 et
1449 2685 1494 2712 11
1519 2672 1761 2726 Μεγαβύζου
1780 2671 1821 2712 Α

154 2743 206 2770 10
232 2730 380 2772 τούτου
396 2741 479 2774 om·
507 2729 548 2769 A
562 2730 598 2770 B
614 2730 648 2769 C
780 2742 797 2768 1
809 2743 825 2769 1
858 2729 990 2781 τούτῳ
1005 2733 1062 2781 τῷ
1077 2727 1118 2767 A
1132 2728 1166 2767 B
1183 2728 1217 2767 C
1233 2728 1265 2766 P
1390 2741 1437 2778 14
1466 2727 1616 2780 ἰδοῦσι]
1638 2727 1821 2769 δούλοισι

153 2785 193 2824 R
209 2785 240 2825 S
253 2786 292 2824 V
306 2785 372 2826 P¹¹¹
552 2797 600 2836 15
633 2783 830 2832 ἐβούλετο
859 2784 893 2823 C
1076 2796 1123 2832 17
1162 2786 1295 2824 ταῦτα
1318 2783 1359 2822 'C
1524 2792 1662 2836 ‹pmam
1683 2781 1723 2820 R
1738 2782 1769 2821 S
1782 2782 1822 2820 V

156 2842 204 2879 18
231 2842 310 2890 ἤδη
331 2853 412 2880 om.
435 2839 477 2879 A
491 2840 527 2879 B
543 2839 578 2880 C
592 2840 627 2879 P
794 2852 847 2879 20
875 2841 952 2887 ἤδη
974 2838 1073 2879 εἶναι
1096 2837 1136 2876 R
1152 2837 1233 2877 SV
1381 2850 1431 2877 21
1465 2841 1635 2891 Δαρεῖον
1655 2836 1696 2875 R
1711 2836 1741 2876 S
1755 2837 1820 2875 V:

152 2895 308 2948 Δαρείῳ
327 2895 464 2935 Aldus
640 2907 694 2945 23
724 2893 971 2943 ἐβουλεύετο
992 2892 1032 2931 Α
1047 2893 1082 2931 Β
1100 2892 1133 2931 C
1150 2892 1183 2930 P
1357 2906 1410 2942 24
1440 2895 1550 2933 τοῖσι
1570 2905 1654 2931 om.
1680 2891 1720 2929 R
1736 2891 1767 2930 S
1781 2891 1820 2929 V

152 2950 412 3004 ἀγαθουργίαι
432 2948 470 2987 Α
483 2949 520 2987 Β
537 2949 570 2988 C
748 2961 801 2998 25
832 2965 902 2989 νυν
921 2961 1002 2986 om.
1027 2947 1064 2985 A
1084 2947 1118 2985 Β
1135 2948 1169 2986 C
1337 2949 1391 2986 26
1421 2946 1679 3001 αὐτοχειρίην
1699 2945 1738 2984 Α
1753 2945 1788 2984 Β
1809 2960 1819 2985 ε

152 3004 385 3058 αὐτοχειρίῃ
409 3004 442 3042 C
590 3006 755 3053 ποιῆσαι
776 3016 857 3042 om.
885 3003 921 3040 R
939 3002 969 3039 S
983 3002 1022 3040 V
