2098 3320
791 169 1166 219 ΙΣΤΟΡΙΩΝ
1229 171 1271 218 Α
1898 174 1932 224 1.
1957 189 2023 224 111

191 303 401 371 πλαγεὶς
441 300 525 367 ἤια
564 301 682 355 ἔσω.
761 301 826 356 ὡς
863 305 915 354 δὲ
953 291 1170 370 τάῇιστα
1215 303 1452 366 ἐσῆλθον,
1497 301 1620 369 ὁρέω
1664 304 1862 356 παιδίον
1898 323 1921 365 3

191 389 513 455 προκείμενον
545 387 795 454 ἀσπαῖρόν
826 408 879 439 τε
918 388 996 438 καὶ
1035 387 1451 453 κραυγανόμενον,
1489 387 1861 453 κεκοσμημένον

189 477 360 542 χρυσῷ
390 493 445 524 τε
482 472 563 523 καὶ
603 473 778 535 ἐσθῆτι
822 473 1041 543 ποικίλῃ.
1123 470 1384 538 “Αρπαγος
1428 474 1481 523 δὲ
1530 472 1594 525 ὡς
1640 471 1739 524 εἶδέ
1781 494 1857 537 με,

191 555 391 609 ἐκέλευε
421 555 510 620 τὴν
539 557 787 624 ταχίστην
817 556 1144 621 ἀναλαβόντα
1173 555 1229 607 τὸ
1261 556 1458 607 παιδίον
1497 558 1731 624 οἴχεσθαι
1767 556 1858 624 φέ-

144 661 166 702 5
191 661 342 708 ροντα
374 640 452 692 καὶ
494 643 653 692 θεῖναι
692 640 813 692 ἔνθα
849 640 1250 707 θηριωδέστατον
1299 642 1373 705 εἵη
1411 645 1508 692 τῶν
1554 639 1725 708 ὀρέων,
1760 643 1862 708 φὰς

193 724 475 792 Ἀστυάγεα
506 724 633 776 εἶναι
662 724 750 776 τὸν
781 729 934 777 ταῦτα
963 724 1256 790 ἐπιθέμενόν
1279 747 1379 790 μοι,
1404 724 1555 776 πόλλ’
1581 723 1862 790 ἀπειλήσας

194 811 237 862 εἰ
266 808 332 875 μή
365 815 501 876 σφεα
534 807 812 875 ποιήσαιμι.
878 809 959 860 καὶ
991 810 1089 876 ἐγὼ
1126 810 1402 875 ἀναλαβὼν
1444 810 1644 876 ἔφερον,
1679 808 1862 861 δοκέων
1893 831 1919 871 4

193 898 292 946 τῶν
330 915 463 947 τινος
504 892 735 946 οἰκετέων
777 894 919 946 εἶναι·
966 894 1023 945 οὐ
1053 895 1147 962 γὰρ
1189 894 1249 945 ἄν
1291 915 1402 946 κοτε
1447 893 1685 959 κατέδοξα
1721 893 1863 946 ἔνθεν

193 1000 251 1046 γε
283 977 359 1043 ἦν.
435 976 687 1043 ἐθάμβεον
719 981 772 1031 δὲ
804 977 957 1045 ὁρέων
988 983 1158 1048 χρυσῷ
1196 1000 1251 1030 τε
1288 979 1367 1029 καὶ
1407 979 1577 1043 εἵμασι
1615 999 1856 1043 κεκοσμη-

124 1081 172 1112 10
193 1061 362 1128 μένον,
418 1062 538 1128 πρὸς
591 1066 643 1115 δὲ
704 1064 784 1115 καὶ
845 1062 1096 1139 κλαυθμὸν
1159 1068 1472 1115 κατεστεῶτα
1523 1062 1750 1129 ἐμφανέα
1810 1065 1862 1114 ἐν

193 1146 465 1214 Ἃρπάγου.
541 1147 619 1198 καὶ
663 1148 877 1217 πρόκατε
939 1147 997 1211 δὴ
1058 1147 1162 1198 κατ’
1227 1146 1341 1199 ὁδὸν
1402 1146 1712 1211 πυνθάνομαι
1775 1119 2098 1210 &blm—'m

195 1230 358 1284 πάντα
400 1232 556 1298 λόγον
604 1230 921 1297 θεράποντος,
965 1230 1019 1285 ὃς
1064 1234 1150 1297 ἐμὲ
1196 1231 1502 1298 προπέμπων
1547 1230 1640 1295 ἔξω
1686 1232 1862 1284 πόλιος

195 1317 470 1384 ἐνεχείρισε
511 1315 569 1367 τὸ
608 1314 821 1383 βρέφος,
867 1316 932 1370 ὡς
972 1315 1066 1383 ἄρα
1104 1315 1378 1380 Μανδάνης
1417 1337 1469 1367 τε
1511 1318 1583 1380 εἴη
1626 1320 1741 1369 παῖς
1775 1318 1861 1379 τῆς

194 1399 499 1467 Ἀστυάγεος
545 1400 785 1468 θυγατρὸς
832 1400 911 1452 καὶ
958 1400 1247 1466 Καμβύσεω
1292 1405 1379 1451 τοῦ
1427 1401 1624 1467 Κύρου,·
1654 1401 1737 1451 καί
1776 1421 1861 1465 μιν

123 1504 168 1545 ¹5
194 1484 476 1551 Ἀστυάγης
508 1483 798 1536 ἐντέλλεται
823 1486 1127 1537 ἀποκτεῖναι·
1172 1489 1259 1537 νῦν
1289 1506 1342 1536 τε
1373 1486 1454 1536 ὅδε
1487 1486 1613 1535 ἐστι’.
1677 1483 1779 1549 ἅμα
1806 1506 1860 1536 τε
1898 1496 1977 1531 112

194 1574 347 1621 ταῦτα
387 1569 532 1636 ἔλεγε
569 1570 596 1619 ὁ
636 1570 885 1634 βουκόλος
922 1570 1001 1621 καὶ
1046 1569 1335 1636 ἐκκαλύψας
1372 1570 1673 1621 ἀπεδείκνυε.
1739 1569 1769 1633 ἡ
1807 1571 1860 1620 δὲ

196 1654 261 1708 ὡς
292 1654 390 1706 εἶδε
433 1653 488 1704 τὸ
519 1655 713 1705 παιδίον
743 1652 874 1720 μέγα
903 1676 957 1705 τε
994 1654 1071 1705 καὶ
1104 1654 1285 1706 εὐειδὲς
1317 1655 1415 1711 ἐόν,
1452 1654 1745 1719 δακρύσασα
1783 1653 1860 1704 καὶ

194 1737 456 1803 λαβομένη
486 1743 586 1790 τῶν
617 1738 871 1804 γουνάτων
905 1743 992 1790 τοῦ
1022 1737 1197 1806 ἀνδρὸς
1241 1736 1433 1805 ἐχρήιζε
1473 1736 1860 1810 μηδεμιῇ-τέχνῃ
1883 1751 2098 1784 &ww

195 1823 413 1875 ἐκθεῖναί
431 1844 533 1888 μιν.
580 1823 606 1872 ὁ
636 1825 688 1874 δὲ
716 1822 802 1873 οὐκ
827 1822 925 1889 ἔφη
959 1824 1060 1875 οἶός
1079 1844 1131 1874 τε
1153 1821 1279 1874 εἶναι
1310 1822 1477 1875 ἄλλως
1509 1821 1631 1873 αὐτὰ
1655 1820 1857 1874 ποιέειν·

122 1927 171 1954 20
195 1906 546 1974 ἐπιφοιτήσειν
585 1908 679 1974 γὰρ
725 1908 1067 1960 κατασκόπους
1110 1904 1170 1970 ἐξ
1200 1906 1454 1973 Ἁρπάγου
1497 1905 1858 1973 ἐποψομένους,

195 1990 509 2044 ἀπολέεσθαί
545 2013 598 2043 τε
637 1990 848 2043 κάκιστα
903 1987 964 2055 ἢν
1007 1990 1073 2056 μή
1114 1998 1251 2058 σφεα
1294 1989 1496 2062 ποιήσῃ.
1572 1991 1636 2043 ὡς
1676 1993 1728 2042 δὲ
1774 1991 1860 2041 οὐκ
1890 2010 1913 2040 2

194 2075 362 2128 ἔπειθε
396 2075 491 2142 ἄρα
529 2079 616 2127 τὸν
657 2074 826 2142 ἄνδρα,
876 2076 1078 2142 δεύτερα
1120 2074 1260 2142 λέγει
1302 2075 1330 2139 ἡ
1373 2074 1493 2142 γυνὴ
1535 2074 1667 2126 τάδε·
1715 2074 1860 2126 Ἐπεὶ

193 2160 360 2212 τοίνυν
390 2160 446 2211 οὐ
477 2161 690 2225 δύναμαί
719 2182 779 2211 σε
812 2162 1002 2212 πείθειν
1031 2159 1098 2224 μὴ
1133 2162 1362 2218 ἐκθεῖναι,
1400 2159 1463 2210 σὺ
1488 2161 1541 2210 δὲ
1586 2160 1678 2210 ὧδε
1716 2159 1856 2222 ποίη-

194 2265 303 2305 σον,
337 2246 380 2296 εἷ
409 2243 467 2308 δὴ
500 2244 639 2296 πᾶσά
670 2266 727 2310 γε
760 2243 947 2310 ἀνάγκη
980 2246 1198 2311 ὀφθῆναι
1235 2244 1533 2309 ἐκκείμενον·
1566 2242 1742 2295 τέτοκα
1764 2245 1860 2309 γὰρ

121 2347 167 2388 ²5
194 2329 273 2380 καὶ
304 2329 420 2395 ἐγώ,
453 2327 628 2380 τέτοκα
661 2331 712 2379 δὲ
744 2330 957 2382 τεθνεός·
1006 2333 1150 2379 τοῦτο
1195 2331 1288 2394 μὲν
1331 2327 1499 2395 φέρων
1540 2328 1735 2395 πρόθες,
1773 2326 1858 2378 τὸν
1892 2349 1916 2392 3

193 2415 245 2465 δὲ
297 2416 384 2477 τῆς
429 2412 735 2480 Ἀστυάγεος
780 2412 1021 2479 θυγατρὸς
1065 2417 1217 2465 παῖδα
1265 2413 1331 2466 ὡς
1374 2411 1434 2477 ἐξ
1485 2411 1651 2477 ἡμέων
1713 2412 1858 2463 ἐόντα

191 2496 470 2565 τρέφωμεν·
515 2497 593 2548 καὶ
615 2498 740 2549 οὕτω
764 2497 876 2549 οὔτε
902 2497 966 2549 σὺ
986 2498 1209 2550 ἁλώσεαι
1232 2496 1440 2550 ἀδικέων
1460 2496 1573 2550 τοὺς
1594 2497 1855 2554 δεσπότας,

244 2651 270 2676 2
298 2622 631 2690 κραυγανώμενον
651 2635 688 2674 Α
707 2636 739 2674 Β
756 2635 790 2675 C
807 2636 866 2675 P:
897 2636 1228 2690 κραγγανόμενον
1254 2636 1422 2675 Lobeck
1508 2640 1510 2642 ’
1581 2647 1607 2684 3
1637 2638 1697 2676 ἴδε
1720 2633 1857 2673 RSV

191 2704 215 2741 5
245 2694 326 2745 οὐρ.
350 2691 383 2730 C
402 2692 432 2729 P
449 2690 486 2728 R
504 2691 586 2730 SV
723 2693 749 2728 6
777 2694 947 2732 τοιαῦτα
971 2692 1007 2730 R
1026 2691 1108 2730 SV
1219 2693 1355 2732 πολλὰ
1379 2691 1415 2729 R
1433 2690 1517 2730 SV
1658 2703 1684 2739 9
1712 2706 1763 2742 γε
1783 2688 1853 2737 ἣν]

187 2747 336 2797 ’γενεήν
376 2746 511 2784 RSV
624 2746 785 2799 χρυσέω
828 2746 962 2785 RSV
1133 2759 1181 2786 10
1230 2751 1394 2787 καθεστ.
1437 2745 1611 2784 ABR:
1668 2749 1781 2785 θεστ.
1818 2744 1856 2783 V

192 2800 370 2854 ἐμφανέα
390 2813 472 2840 om.
499 2801 537 2839 R
554 2800 634 2839 SV
804 2814 847 2839 11
881 2800 1056 2852 πρόκατε
1075 2814 1158 2841 om.
1186 2801 1222 2840 R
1241 2800 1322 2840 SV
1433 2802 1480 2841 τὸ
1504 2799 1607 2839 RV¹
1726 2811 1776 2838 12
1807 2802 1855 2849 ἐμ

194 2855 232 2895 R
249 2851 330 2894 SV
498 2868 545 2905 13
576 2855 669 2908 ἄρα]
691 2856 795 2910 παρὰ
819 2857 855 2896 R
873 2855 902 2895 S
918 2855 954 2895 V
1124 2869 1171 2906 14
1203 2857 1267 2897 καὶ
1288 2869 1372 2895 om.
1397 2855 1436 2894 R
1453 2854 1533 2894 SV
1643 2872 1690 2896 τε
1710 2857 1783 2895 τοῦ
1799 2853 1854 2891 V¹⁷

195 2923 243 2962 15
268 2909 343 2953 ὧδε
366 2909 447 2950 SV
537 2910 716 2951 alterum
738 2928 785 2953 τε
810 2910 1032 2963 Krueger:
1062 2910 1105 2953 δὲ
1130 2911 1162 2950 L
1290 2911 1339 2950 18
1364 2927 1454 2965 γον.
1474 2910 1508 2949 C
1524 2910 1558 2950 P
1675 2922 1730 2949 20
1758 2926 1850 2951 κατ-

190 2964 409 3019 οψομένους
431 2965 471 3005 R
486 2964 569 3006 SV
689 2979 738 3006 21
771 2966 994 3009 ἀπολέσθαι
1018 2965 1056 3005 R
1074 2965 1155 3007 SV
1238 2965 1398 3015 ποιήσει
1420 2964 1461 3004 R
1584 2977 1637 3004 22
1667 2964 1854 3017 δεύτερον

192 3019 232 3059 R
247 3020 278 3061 S
292 3020 332 3061 V
541 3034 594 3072 24
622 3038 673 3074 γε
692 3031 774 3061 om.
802 3021 841 3061 A
859 3021 893 3061 B
910 3020 942 3060 C
959 3020 993 3061 P
1200 3033 1252 3072 25
1282 3019 1347 3074 δὲ]
1367 3020 1448 3075 ’γὰρ
1467 3019 1532 3072 (δὲ
1551 3019 1789 3074 suprascr.)
1811 3018 1852 3058 R

189 3077 360 3118 τεθνεὼς
380 3076 415 3115 Β
525 3076 647 3130 φέρον
670 3076 709 3114 R
876 3078 930 3115 26
959 3077 1069 3127 ἡμῶν
1094 3075 1130 3114 R
1150 3076 1178 3115 S
1192 3076 1230 3115 V
1391 3089 1442 3127 27
1474 3074 1674 3130 τρέφομεν
1693 3072 1749 3115 Α1
1762 3073 1799 3115 C
