2098 3320
160 94 245 145 IV.
267 110 300 157 4

338 225 364 274 ὁ
425 229 635 292 Δαρεῖος
687 227 954 278 τείσασθαι
1012 227 1322 292 βουλόμενος
1383 227 1643 296 συνήγειρε
1703 229 1777 283 ἐπ’
1829 230 2002 286 αὐτοὺς

338 309 634 376 στράτευμα.

419 393 514 447 (Ως
547 396 599 446 δὲ
631 395 816 447 Σκύθαι
855 394 1083 463 λέγουσι,
1116 397 1364 449 νεώτατον
1394 396 1624 460 ἁπάντων
1656 396 1840 451 ἐθνέων
1874 397 2001 453 εἶναι

336 478 393 529 τὸ
417 477 681 546 σφέτερον,
706 483 851 531 τοῦτο
874 483 926 532 δὲ
957 479 1195 547 γενέσθαι
1224 482 1335 533 ὧδε·
1373 481 1526 549 ἄνδρα
1546 481 1783 550 γενέσθαι
1805 487 2001 551 πρῶτον

345 564 357 580 5
457 569 480 581 Α
551 569 575 582 Α
688 563 702 581 Ι
1237 570 1260 583 Λ

336 584 390 613 εν
420 584 480 635 τῃ
509 585 575 635 γῃ
610 584 763 635 ταυτῃ
804 563 958 636 ἐούσῃ
1000 563 1162 635 ἐρήμῳ
1198 586 1265 636 τῳ
1309 566 1495 632 οὕνομα
1536 567 1662 620 εῖναι
1699 568 1996 635 Ταργίταον·
2022 591 2046 634 5

334 651 419 698 τοῦ
459 650 511 699 δὲ
551 646 834 715 Ταργιτάου
872 650 1047 700 τούτου
1086 649 1200 703 τοὺς
1239 650 1416 705 τοκέας
1455 650 1665 719 λέγουσι
1707 651 1847 711 εῖναι,
1891 653 1998 719 ἐμοὶ

333 734 425 795 μὲν
465 731 521 782 οὐ
561 734 718 783 πιστὰ
756 731 1007 800 λέγοντες,
1040 733 1248 801 λέγουσι
1289 734 1331 787 δ’
1372 733 1456 794 ὧν,
1492 737 1591 788 Δία
1630 757 1684 789 τε
1722 736 1801 788 καὶ
1843 741 2026 805 Βορυ··

335 815 541 869 σθένεος
559 821 645 868 τοῦ
667 822 891 882 ποταμοῦ
914 817 1173 885 θυγατέρα.
1242 818 1414 886 γένεος
1435 823 1526 885 μὲν
1544 821 1767 873 τοιούτου
1786 820 1845 887 δή
1863 842 1998 876 τινος

333 899 572 967 γενέσθαι
605 900 692 952 τὸν
721 904 1023 968 Ταργίταον,
1056 903 1230 955 τούτου
1268 906 1321 955 δὲ
1359 903 1595 971 γενέσθαι
1633 908 1812 959 παῖδας
1846 910 1992 972 τρεῖς,

333 983 578 1049 Λιπόξαϊν
600 987 679 1037 καὶ
698 984 976 1052 Ἀρπόξαϊν
996 988 1073 1038 καὶ
1098 988 1342 1040 νεώτατον
1362 987 1630 1054 Κολάξαῖν.
1707 990 1788 1041 ἐπὶ
1810 990 1995 1042 τούτων

333 1070 591 1136 ἀρχόντων
620 1072 674 1121 ἐκ
706 1075 793 1122 τοῦ
823 1071 1033 1138 οὐρανοῦ
1065 1073 1318 1139 φερόμενα
1353 1074 1546 1141 χρύσέα
1582 1072 1846 1138 ποιήματα,
1879 1073 1992 1140 ἄρο-

332 1154 449 1219 τρόν
485 1176 538 1205 τε
574 1155 654 1206 καὶ
693 1154 839 1221 ζυγὸν
876 1156 955 1207 καὶ
993 1154 1208 1223 σάγαριν
1250 1157 1328 1208 καὶ
1360 1156 1565 1224 φιάλην,
1598 1162 1775 1210 πεσεῖν
1815 1159 1866 1212 ἐς
1904 1157 1994 1222 τὴν

334 1237 591 1302 Σκυθικήν,
627 1239 704 1291 καὶ
736 1235 857 1307 [τὸν]
889 1241 1057 1292 ἰδόντα
1086 1245 1281 1308 πρῶτον
1317 1241 1404 1293 τὸν
1441 1242 1794 1309 πρεσβύτατον
1828 1243 1994 1295 ἆσσον

333 1321 458 1374 ἰέναι
503 1322 662 1375 αὐτῶν
706 1325 1021 1389 βουλόμενον
1064 1330 1263 1390 λαβεῖν,
1306 1325 1393 1378 τὸν
1437 1329 1490 1379 δὲ
1534 1326 1725 1394 χρυσὸν
1770 1327 1994 1380 ἐπιόντος

2025 1008 2073 1038 10

332 1408 574 1460 καίεσθαι.
664 1407 1082 1477 ἀπαλλαχθέντος
1130 1412 1184 1462 δὲ
1229 1408 1403 1463 τούτου
1446 1410 1707 1477 προσιέναι
1753 1411 1839 1462 τὸν
1883 1408 1989 1463 δεύ-
2022 1429 2067 1470 15

330 1512 489 1557 τερον,
525 1493 604 1544 καὶ
634 1492 722 1544 τὸν
753 1493 889 1546 αὖτις
919 1493 1071 1545 ταύτὰ
1102 1493 1305 1547 ποιέειν.
1379 1495 1492 1549 τοὺς
1521 1497 1613 1560 μὲν
1644 1494 1700 1559 δὴ
1733 1495 1992 1560 καιόμενον

329 1575 415 1628 τὸν
459 1576 652 1645 χρυσὸν
697 1578 1014 1637 ἀπώσασθαι,
1060 1580 1205 1648 τρίτῳ
1251 1582 1304 1631 δὲ
1348 1585 1415 1650 τῷ
1461 1578 1686 1649 νεωτάτῳ
1731 1580 1992 1632 ἐπελθόντι

330 1664 664 1727 κατασβῆναι,
699 1664 783 1714 καί
822 1684 907 1727 μιν
949 1664 1138 1715 ἐκεῖνον
1180 1664 1382 1729 κομίσαι
1424 1665 1474 1718 ἐς
1515 1667 1713 1716 ἑωυτοῦ·
1761 1664 1839 1716 καὶ
1878 1664 1992 1718 τοὺς

330 1745 704 1813 πρεσβυτέρους
740 1748 1017 1814 ἀδελφεοὺς
1053 1747 1175 1814 πρὸς
1215 1753 1369 1800 ταῦτα
1409 1749 1719 1817 συγγνόντας
1758 1748 1849 1813 τὴν
1891 1754 1988 1815 βα-

330 1831 533 1896 σιληίην
572 1834 741 1883 πᾶσαν
776 1835 1079 1899 παραδοῦναι
1118 1837 1184 1903 τῷ
1215 1832 1458 1903 νεωτάτῳ.
1548 1832 1644 1886 ἀπὸ
1679 1835 1771 1899 μὲν
1811 1832 1869 1898 δὴ
1901 1837 1988 1885 Λι-
2017 1850 2068 1880 20

329 1913 532 1980 ποξάῖος
572 1915 834 1982 γεγονέναι
868 1913 1069 1970 τούτους
1104 1921 1202 1969 τῶν
1238 1917 1467 1970 Σκυθέων
1508 1919 1554 1970 οἳ
1585 1917 1808 1986 Αὐχάται
1846 1916 1991 1985 γένος

330 1998 609 2059 καλέονται,
635 1999 734 2052 ἀπὸ
764 2002 818 2052 δὲ
849 2006 936 2052 τοῦ
964 1999 1125 2066 μέσου
1157 2001 1453 2068 Ἀρποξάϊος
1484 2003 1530 2054 οἳ
1555 2002 1799 2068 Κατίαροί
1824 2023 1878 2053 τε
1910 2002 1989 2053 καὶ

326 2083 583 2151 Τράσπιες
634 2083 913 2143 καλέονται,
970 2085 1068 2138 ἀπὸ
1127 2089 1181 2138 δὲ
1231 2091 1319 2138 τοῦ
1370 2085 1617 2139 νεωτάτου
1667 2085 1826 2138 αὐτῶν
1875 2085 1988 2140 τοὺς

326 2168 594 2234 βασιλέας,
621 2169 666 2220 οἳ
693 2168 956 2222 καλέονται
982 2157 1292 2237 Παραλάται·
1327 2171 1554 2236 σύμπασι
1578 2173 1631 2223 δὲ
1656 2170 1781 2222 εἶναι
1803 2170 1988 2236 οὕνομα

330 2254 620 2312 Σκολότους,
655 2250 781 2316 ῒτοῦ
809 2253 1058 2319 βασιλέος
1088 2256 1385 2320 ἐπωνυμίην·
1432 2255 1623 2308 Σκύθας
1652 2257 1706 2306 δὲ
1733 2253 1988 2319 ’Έλληνες
2012 2276 2061 2317 25

327 2337 610 2402 ὠνόμασαν.
686 2336 949 2404 γεγονέναι
970 2337 1062 2404 μέν
1082 2360 1169 2391 νυν
1194 2338 1355 2405 σφέας
1374 2341 1469 2391 ὧδε
1487 2338 1695 2407 λέγουσι
1716 2340 1760 2391 οἳ
1786 2338 1984 2397 Σκύθαι,

385 2485 403 2512 1
435 2473 626 2514 τίσασθαι
658 2474 691 2512 L
821 2487 846 2523 3
866 2473 1028 2515 πάντων
1056 2473 1096 2512 Α
1112 2474 1146 2512 Β
1162 2474 1195 2512 C
1333 2487 1358 2523 4
1395 2475 1469 2515 τὸν
1490 2473 1523 2512 C
1687 2475 1715 2512 6
1740 2472 1886 2526 γονέας
1903 2473 1938 2513 C
1953 2473 1986 2512 P

327 2541 349 2578 7
378 2529 523 2569 πιθανὰ
545 2529 583 2566 R
600 2527 680 2566 SV
823 2531 848 2567 8
876 2527 997 2581 γένος
1020 2529 1059 2567 R
1074 2528 1156 2567 SV
1176 2543 1185 2567 :
1213 2528 1430 2581 γενόμενος
1445 2528 1479 2567 C
1617 2541 1645 2577 9
1673 2531 1815 2570 παῖδας
1838 2529 1902 2579 (-α
1923 2528 1983 2577 R)

323 2581 515 2636 ’γενέσθαι
538 2583 576 2621 R
593 2583 623 2622 S
637 2583 675 2621 V
738 2638 747 2655 Ι
829 2597 878 2622 10
907 2582 1096 2675 Ἧτόξαῖν
1118 2584 1157 2622 R
1173 2583 1202 2622 S
1219 2584 1259 2622 V
1278 2583 1340 2654 (iff.
1363 2584 1438 2676 9.»εὲ
1454 2638 1488 2676 P
1594 2596 1637 2621 11
1670 2582 1889 2676 ὄιέιχόντωέ
1901 2595 1986 2677 {¹15¹}

328 2636 502 2744 1S3V7bv]
524 2697 607 2734 τῶν
617 2650 668 2731 ΙῙΞ
684 2638 1004 2732 ἕῗῖγῖἒράέὴιείὃ
1017 2639 1055 2677 V
1110 2696 1124 2734 ι’
1128 2693 1209 2734 έναι
1219 2654 1419 2734 τὲῑσσῗιῖνΚ
1435 2692 1465 2731 S
1479 2692 1518 2731 V
1645 2638 1845 2742 ἔιηίὧὺέν
1864 2696 1983 2740 βουλ.

327 2748 366 2786 R
382 2747 412 2786 S
425 2747 463 2785 V
483 2762 492 2787 ε
521 2752 638 2795 βουλ.
664 2749 765 2789 αὐτὰ
787 2748 878 2787 rell.
1052 2759 1099 2796 15
1130 2747 1441 2801 ἀπαλλαγέντος
1462 2748 1496 2785 C
1667 2749 1714 2785 16
1742 2750 1874 2788 ταῦτα
1894 2746 1930 2785 Β
1945 2747 1985 2785 V

327 2815 374 2852 17
407 2802 746 2844 ἀπαλλάσσεσθαι
769 2803 805 2841 R
824 2802 906 2842 SV
1125 2803 1173 2841 18
1212 2805 1437 2851 καταβῆναι
1461 2803 1497 2841 R
1518 2816 1527 2840 ε
1566 2804 1819 2850 καταστῆναι
1838 2801 1879 2839 Α
1895 2800 1931 2839 Β
1948 2801 1983 2840 C

324 2869 377 2906 23
434 2857 602 2910 Τράπιες
624 2858 658 2896 C
674 2857 706 2896 P
724 2871 733 2896 ε
762 2857 925 2911 Τράπιοι
948 2857 987 2896 R
1003 2857 1032 2897 S
1046 2858 1085 2896 V
1213 2856 1366 2898 αὐτέων
1387 2857 1426 2896 R
1443 2856 1472 2895 S
1486 2856 1524 2894 V
1631 2857 1724 2898 τοὺς
1742 2856 1983 2905 βασιληίους

323 2911 594 2962 wesseling:
615 2916 688 2954 τοῦ
704 2911 900 2960 βασιλέος
915 2913 1123 2952 Lefebvre
1235 2923 1286 2961 25
1306 2912 1399 2954 τοὺς
1417 2912 1471 2951 S:
1492 2924 1573 2951 om.
1595 2910 1629 2950 P
1644 2911 1682 2950 R
1695 2910 1750 2951 V:
1775 2909 1982 2954 Σκολότου
2044 2914 2056 2919 “

325 2966 446 3006 Stein
587 2967 811 3019 ὁμωνυμίην
830 2966 869 3006 Α
885 2967 919 3007 Β
935 2967 968 3007 C
1135 2969 1188 3006 26
1217 2965 1292 3009 ὧδε
1313 2965 1442 3020 σφέας
1461 2965 1500 3005 Α
1516 2966 1550 3006 Β
