2098 3320
78 83 169 135 111.
196 98 258 148 75

59 1655 78 1666 ,

0 1665 135 1717 ’μω

231 1583 255 1626 3

912 83 1340 132 ΗΡΟΔΟΤΟΤ

294 236 378 280 μιν
422 213 826 279 καταλαμβάνειν
868 215 1082 282 φαίνειν·
1130 214 1209 266 καὶ
1253 213 1311 279 δὴ
1353 213 1497 281 ἔλεγε
1541 213 1626 267 τὸν
1667 217 1759 280 μὲν
1798 215 1960 284 Κύρου

298 299 507 365 Σμέρδιν
532 299 595 352 ὡς
619 297 764 351 αὐτὸς
786 298 882 350 ὑπὸ
901 299 1189 365 Καμβύσεω
1215 298 1610 366 ἀναγκαζόμενος
1634 299 1956 360 ἀποκτείνειε,

296 384 624 449 τοὺςμάγους
662 385 715 434 δὲ
748 382 1059 448 βασιλεύειν.
1151 382 1386 454 Πέρσῃσι
1423 385 1474 434 δὲ
1506 385 1674 435 πολλὰ
1705 383 1955 451 ἐπαρησά-

295 489 442 532 μενος
475 469 516 518 εἰ
545 467 610 532 μὴ
636 467 1001 532 ἀνακτησαίατο
1025 467 1186 520 ὀπίσω
1217 465 1307 531 τὴν
1331 466 1491 536 ἀρχὴν
1524 467 1601 519 καὶ
1630 467 1743 521 τοὺς
1771 466 1958 535 μάγους

297 553 566 611 τεισαίατο,
614 552 772 616 ἀπῆκε
818 550 999 603 ἑωυτὸν
1045 551 1125 603 ἐπὶ
1172 550 1397 618 κεφαλὴν
1442 550 1686 618 φέρεσθαι
1731 551 1829 604 ἀπὸ
1872 555 1959 604 τοῦ
1982 571 2005 613 5

298 637 484 703 πύργου
515 634 659 687 κάτω.
735 632 1046 702 Πρηξάσπης
1075 634 1165 702 μέν
1196 655 1283 687 νυν
1312 635 1406 687 ἐὼν
1437 631 1558 703 [τὸν]
1587 635 1747 689 πάντα
1775 636 1958 705 χρόνον

299 721 421 786 ἀνὴρ
452 722 656 785 δόκιμος.
678 721 802 771 οὕτω
835 720 1144 785 ἐτελεύτησε.

379 807 447 856 Οἱ
488 807 539 856 δὲ
581 803 639 868 δὴ
677 806 801 855 ἑπτὰ
845 808 943 856 τῶν
984 802 1225 871 Περσέων
1267 805 1333 859 ὡς
1374 803 1745 871 ἐβουλεύσαντο
1785 805 1959 858 αὐτίκα

299 890 594 957 ἐπιχειρέειν
640 893 773 940 τοῖσι
823 887 1032 955 μάγοισι
1081 889 1161 940 καὶ
1211 889 1277 955 μὴ
1326 887 1758 956 ὑπερβάλλεσθαι,
1806 888 1959 954 ἤισαν

298 971 558 1037 εὐξάμενοι
597 978 731 1024 τοῖσι
776 976 953 1031 θεοῖσι,
994 977 1093 1024 τῶν
1133 974 1244 1040 περὶ
1284 972 1597 1041 Πρηξάσπεα
1637 971 1959 1041 πρηχθέντων
1985 997 2034 1026 10

298 1058 483 1110 εἰδότες
519 1056 675 1109 οὐδέν.
766 1057 818 1108 ἔν
853 1079 907 1109 τε
944 1056 1000 1121 δὴ
1039 1064 1099 1130 τῇ
1135 1058 1231 1127 ὁδῷ
1267 1056 1398 1130 μέσῃ
1436 1057 1696 1124 στίχοντες
1733 1058 1959 1123 ἐγίνοντο

298 1143 378 1193 καὶ
419 1143 480 1192 τὰ
519 1141 631 1208 περὶ
672 1139 984 1207 Πρηξάσπεα
1022 1142 1267 1208 γεγονότα
1311 1140 1660 1194 ἐπυνθάνοντο.
1750 1143 1960 1194 ἐνθαῦτα

298 1225 561 1279 ἐκστάντες
604 1229 690 1289 τῆς
735 1226 849 1277 ὁδοῦ
892 1226 1123 1277 ἐδίδοσαν
1163 1225 1299 1279 αὖτις
1342 1227 1497 1292 σφίσι
1539 1226 1735 1292 λόγους,
1778 1228 1824 1278 οἱ
1867 1228 1958 1291 μὲν

297 1311 428 1377 ἀμφὶ
467 1310 551 1361 τὸν
591 1309 805 1374 Ὀτάνην
844 1308 1013 1377 πάγχυ
1059 1311 1344 1363 κελεύοντες
1382 1308 1797 1376 ὑπερβάλλεσθαι
1835 1312 1956 1374 μηδὲ

296 1395 561 1447 οἰδεόντων
612 1399 710 1445 τῶν
760 1392 1064 1461 πρηγμάτων
1116 1394 1441 1452 ἐπιτίθεσθαι,
1492 1395 1537 1445 οἱ
1588 1395 1640 1445 δὲ
1693 1393 1821 1460 ἀμφὶ
1871 1393 1958 1446 τὸν
1985 1415 2031 1457 15

299 1483 515 1545 Δαρεῖον
560 1478 729 1529 αὐτίκα
778 1499 831 1530 τε
882 1477 1008 1530 ἰέναι
1056 1477 1135 1529 καὶ
1182 1480 1243 1530 τὰ
1290 1476 1561 1545 δεδογμένα
1603 1476 1790 1529 ποιέειν
1836 1481 1959 1543 μηδὲ

294 1561 722 1629 ὑπερβάλλεσθαι.
812 1560 1120 1627 ὠθιζομένων
1150 1562 1193 1613 δ’
1225 1561 1385 1613 αὐτῶν
1423 1560 1582 1629 ἐφάνη
1622 1560 1800 1629 ἰρήκων
1836 1558 1962 1625 ἑπτδιΥ

300 1647 471 1714 ζεύγεα
507 1647 592 1698 δύο
633 1649 873 1713 αἰγυπιῶν
911 1646 1083 1713 ζεύγεα
1121 1646 1362 1698 διώκοντα
1400 1646 1479 1698 καὶ
1514 1644 1752 1712 τίλλρντά
1788 1667 1842 1698 τε
1879 1645 2098 1698 nala-⁸⁵·

40 1742 241 1807 Q
297 1730 609 1800 ἀμύσσοντα.
650 1783 662 1795 ,
679 1731 866 1784 ἰδόντες
891 1732 943 1782 δὲ
967 1734 1119 1782 ταῦτα
1141 1733 1187 1782 οἱ
1213 1731 1338 1782 ἑπτὰ
1359 1727 1449 1794 τήν
1467 1750 1521 1782 τε
1543 1731 1755 1796 Δαρείου
1779 1729 1960 1784 πάντες

197 1907 261 1959 77

297 1817 463 1867 αἴνεον
491 1816 694 1882 γνώμην
727 1816 805 1866 καὶ
842 1815 1013 1867 ἔπειτα
1042 1813 1192 1879 ἤισαν
1223 1814 1305 1866 ἐπὶ
1339 1816 1401 1865 τᾶ
1435 1811 1686 1880 βασιλήια
1714 1817 1954 1882 τεθαρση-
1983 1834 2035 1863 20

298 1900 437 1953 κότες
466 1905 598 1951 τοῖσι
628 1902 807 1967 ὄρνισι.
877 1900 1117 1951 ἐπιστᾶσι
1148 1900 1200 1951 δὲ
1232 1898 1314 1951 ἐπὶ
1337 1899 1425 1952 τὰς
1446 1899 1607 1951 πύλας
1637 1899 1828 1966 ἐγίνετο
1851 1899 1959 1951 οἷόν

295 2005 343 2035 τι
381 1986 574 2054 Δαρείῳ
616 1984 646 2048 ἡ
683 1983 851 2050 γνώμη
894 1982 1060 2050 ἔφερε·
1109 1982 1480 2048 καταιδεόμενοι
1518 1984 1615 2049 γὰρ
1654 1984 1700 2034 οἱ
1741 1982 1958 2050 φύλακοι

296 2067 475 2134 ἄνδρας
521 2067 634 2121 τοὺς
681 2065 925 2133 Περσέων
972 2067 1193 2132 πρώτους
1245 2067 1324 2118 καὶ
1375 2065 1518 2118 οὐδὲν
1564 2070 1788 2118 τοιοῦτον
1835 2068 1954 2118 ὑπο-

297 2152 559 2205 πτεύοντες
602 2150 662 2216 ἐξ
693 2150 852 2203 αὐτῶν
888 2151 1114 2209 ἔσεσθαι,
1153 2151 1400 2217 παρίεσαν
1443 2150 1547 2222 θείῃ
1587 2157 1759 2223 πομπῇ
1797 2171 1952 2218 χρεω-

295 2235 488 2302 μένους,
512 2226 627 2287 ὀὐδ’
664 2235 905 2299 ἐπειρώτα
945 2234 1118 2287 οὐδείς.
1209 2234 1371 2286 ἐπείτε
1410 2235 1463 2286 δὲ
1503 2234 1583 2286 καὶ
1616 2237 1872 2300 παρῆλθον
1907 2236 1957 2289 ἐς
1983 2253 2031 2295 25

296 2319 387 2383 τὴν
415 2318 587 2384 αὐλήν,
623 2317 890 2384 ἐνέκυρσαν
920 2322 1055 2370 τοῖσι
1083 2319 1170 2371 τὰς
1200 2318 1439 2385 ἀγγελίας
1474 2316 1751 2385 ἐσφέρουσι
1788 2317 1954 2370 εὐνού-

295 2424 452 2471 χοισι,
497 2404 548 2454 οἵ
588 2409 752 2470 σφεας
798 2403 1024 2469 ἱστόρεον
1069 2402 1097 2452 ὅ
1139 2422 1186 2453 τι
1230 2400 1462 2456 θέλοντες
1504 2402 1686 2467 ἥκοιεν·
1736 2401 1813 2454 καὶ
1858 2400 1958 2467 ἅμα

355 2553 372 2580 1
405 2541 562 2593 φαίνειν
581 2553 664 2580 om.
691 2540 772 2580 SV
901 2551 926 2588 5
955 2539 1144 2580 τισαίατο
1165 2538 1200 2577 L
1309 2540 1336 2578 6
1365 2539 1438 2579 τὸν
1457 2551 1537 2579 om.
1565 2537 1701 2577 RSV
1829 2550 1874 2577 11
1906 2539 1962 2587 δὴ,

297 2610 379 2637 om.
404 2595 492 2634 AB
510 2595 543 2635 C
655 2595 790 2647 στείχ.
816 2594 950 2633 CPR
964 2593 1043 2634 SV
1157 2606 1207 2632 12
1238 2592 1455 2634 ἐπυνθάντο
1477 2592 1511 2631 C
1625 2605 1673 2642 13
1701 2590 1895 2633 ἐδόδοσαν
1915 2592 1955 2630 R

297 2654 455 2692 αὐτοῖσι
484 2649 570 2689 ΑΒ
588 2649 622 2688 C
789 2650 863 2702 σφί
894 2648 934 2686 R
1157 2660 1206 2698 14
1236 2646 1483 2696 -βαλλέσθαι
1515 2645 1566 2685 C¹
1591 2646 1764 2697 (-εέσθαι
1792 2646 1861 2695 Co)
1890 2646 1950 2685 V:

297 2704 517 2753 ·βαλε’σθαι
538 2704 575 2743 Α
590 2704 624 2742 Β
643 2704 682 2743 R
696 2704 726 2743 S
749 2703 941 2743 Eustath.
963 2702 1045 2742 Od.
1067 2715 1167 2752 1441
1285 2714 1332 2750 17
1365 2701 1580 2749 -βαλέσθαι
1603 2702 1642 2740 R
1756 2701 1805 2739 18
1835 2699 1956 2753 ζεύγη

300 2760 338 2799 R
355 2760 384 2799 S
397 2760 435 2797 V
537 2761 757 2810 αἷγυπτιῶν
778 2759 811 2797 C
826 2758 864 2796 R
877 2758 917 2797 V
1009 2775 1057 2799 τε
1077 2763 1173 2807 post
1194 2757 1387 2797 διώκοντα
1409 2756 1442 2794 Ρ
1457 2756 1494 2793 R
1511 2756 1590 2795 SV
1745 2767 1794 2805 19
1821 2754 1889 2806 τε]
1911 2753 1956 2795 δὲ

300 2814 417 2852 RV:
458 2827 538 2854 om.
575 2813 605 2852 S
789 2826 843 2852 20
880 2818 1036 2866 τεθαρρ.
1068 2810 1252 2850 ABCP
1446 2823 1494 2849 21
1541 2808 1781 2851 ἐπιστάντες
1822 2808 1954 2848 RSV

298 2881 351 2907 22
381 2869 406 2916 ἦ
427 2880 508 2908 om.
534 2867 572 2906 A
587 2867 621 2906 B
638 2868 671 2906 C
857 2878 910 2916 23
941 2869 1101 2908 τοιοῦτο
1121 2864 1160 2904 Α
1175 2864 1210 2905 Β
1226 2864 1284 2904 Ρ;
1316 2864 1501 2907 τοιούτωι
1523 2864 1556 2904 C
1747 2874 1800 2914 25
1831 2863 1894 2907 καὶ
1919 2862 1954 2903 C

298 2935 470 2976 quoque
512 2934 516 2938 ⁴
581 2923 636 2964 εἷς
658 2921 750 2963 RV
