2098 3320
786 140 1165 190 ΙΣΤΟΡΙΩΝ
1242 141 1282 188 Β
1909 140 1977 190 ΙΙ.
2004 153 2037 189 2

199 281 298 329 τῶν
357 274 584 334 παιδίων,
638 270 1071 341 ἀπαλλαχθέντων
1121 274 1222 323 τῶν
1275 268 1482 336 ἀσήμων
1537 267 1868 334 κνυζημάτων,

198 361 373 426 ἥντινα
411 358 586 427 φωνὴν
624 355 834 425 ῥήξουσι
878 357 1094 424 πρώτην.
1183 353 1245 406 τά
1285 376 1377 422 περ
1417 351 1486 406 ὧν
1527 353 1607 405 καὶ
1651 351 1865 421 ἐγένετο.

199 445 264 498 ὡς
294 445 389 512 γὰρ
414 442 577 508 διέτης
605 443 786 511 χρόνος
809 442 1039 509 ἐγεγόνεε
1067 444 1220 492 ταῦτα
1249 444 1317 509 τῷ
1349 437 1546 505 ποιμένι
1568 436 1867 505 πρήσσοντι,

198 529 449 596 ἀνοίγοντι
478 526 568 592 τὴν
600 527 750 594 θύρην
783 526 861 578 καὶ
899 525 1089 578 ἐσιόντι
1119 526 1181 576 τὰ
1211 525 1383 577 παιδία
1419 523 1679 591 ἀμφότερα
1710 544 1867 589 προσ-

150 637 173 677 5
198 615 444 667 πίπτοντα
478 610 631 678 βεκὸς
668 611 893 678 ἐφώνεον
923 609 1165 677 ὀρέγοντα
1195 611 1283 663 τὰς
1314 614 1502 677 χεῖρας.
1594 610 1654 659 τὰ
1688 610 1780 673 μὲν
1811 606 1871 671 δὴ
1906 630 1933 672 4

197 703 368 766 πρῶτα
390 696 609 751 ἀκούσας
631 696 824 764 ἥσυχος
847 695 908 761 ἧν
932 695 959 746 6
977 692 1177 760 ποιμήν,
1203 694 1266 748 ὡς
1291 696 1343 746 δὲ
1368 691 1614 746 πολλάκις
1634 697 1873 759 φοιτῶντι

200 782 278 834 καὶ
310 779 652 851 ἐπιμελομένῳ
678 779 873 832 πολλὸν
905 779 966 845 ἧν
988 783 1133 831 τοῦτο
1155 778 1213 830 τὸ
1242 777 1377 842 ἔπος,
1404 779 1530 830 οὕτω
1562 777 1621 842 δὴ
1646 774 1872 842 σημήνας

198 871 265 937 τῷ
313 865 534 937 δεσπότῃ
579 864 740 932 ἤγαγε
790 866 853 916 τὰ
905 864 1077 916 παιδία
1130 863 1458 916 κελεύσαντος
1510 863 1561 916 ἐς
1612 863 1736 929 ὄψιν
1782 860 1871 925 τὴν

199 951 402 1004 ἐκείνου.
478 949 698 1004 ἀκούσας
739 951 792 1001 δὲ
837 948 917 1001 καὶ
954 947 1099 1002 αὐτὸς
1139 949 1166 999 6
1202 945 1530 1015 Ψαμμήτιχος
1570 944 1872 999 ἐπυνθάνετο

124 1056 173 1086 ιο
198 1036 376 1090 οἵτινες
398 1034 673 1101 ἀνθρώπων
697 1034 849 1100 βεκός
869 1054 917 1085 τι
937 1031 1190 1092 καλέουσι,
1211 1032 1582 1098 πυνθανόμενος
1603 1034 1656 1084 δὲ
1675 1032 1873 1098 εὕρισκε

198 1120 400 1188 Φρύγας
425 1117 696 1173 καλέοντας
722 1118 810 1170 τὸν
832 1117 997 1186 ἄρτον.
1069 1118 1195 1169 οὕτω
1220 1117 1583 1184 συνεχώρησαν
1607 1115 1872 1183 Αἰγύπτιοι
1912 1134 1933 1181 5

199 1205 278 1258 καὶ
307 1204 510 1274 τοιούτῳ
546 1202 954 1269 σταθμησάμενοι
985 1200 1238 1269 πρήγματι
1267 1201 1381 1255 τοὺς
1411 1201 1614 1268 Φρύγας
1643 1205 1869 1267 πρεσβυ-

196 1288 366 1357 τέρους
413 1289 542 1342 εἶναι
588 1290 798 1341 ἑωυτῶν.
888 1289 984 1339 ὧδε
1034 1289 1127 1353 μὲν
1170 1285 1408 1354 γενέσθαι
1452 1290 1551 1337 τῶν
1599 1283 1742 1352 ἱρέων
1785 1289 1873 1336 τοῦ

195 1372 484 1442 Ἱ-Ιφαίστου
507 1377 594 1424 τοῦ
618 1374 673 1425 ἐν
694 1371 877 1440 Μέμφι
899 1371 1094 1438 ἤκουον.
1149 1370 1405 1435 (Έλληνες
1428 1373 1482 1422 δὲ
1504 1369 1715 1438 λέγουσι
1737 1368 1873 1421 ἄλλα

124 1478 172 1520 15
195 1480 250 1512 τε
273 1457 456 1525 μάταια
479 1458 649 1510 πολλὰ
673 1457 753 1509 καὶ
777 1457 842 1511 ὡς
862 1461 1107 1525 γυναικῶν
1126 1457 1215 1510 τὰς
1233 1455 1478 1524 γλώσσας
1502 1455 1528 1506 6
1546 1452 1872 1522 Ψαμμήτιχος

196 1544 420 1608 ἐκταμὼν
443 1542 533 1607 τὴν
555 1542 748 1594 δίαιταν
772 1542 926 1596 οὕτως
950 1539 1226 1606 ἐποιήσατο
1249 1545 1349 1592 τῶν
1372 1541 1582 1592 παιδίων
1599 1541 1732 1606 παρὰ
1753 1539 1868 1590 ταύ-

195 1648 314 1700 τῃσι
350 1634 467 1701 τῇσι
501 1625 710 1694 γυναιξί.
801 1628 924 1679 κατὰ
958 1628 1050 1692 μὲν
1085 1624 1145 1690 δὴ
1174 1624 1267 1689 τὴν
1297 1624 1491 1692 τροφὴν
1526 1629 1624 1676 τῶν
1662 1625 1871 1675 παιδίων
1914 1635 1947 1683 3

195 1716 417 1764 τοσαῦτα
451 1711 644 1779 ἔλεγον,
682 1709 876 1776 ἥκουσα
914 1713 965 1763 δὲ
1004 1711 1084 1762 καὶ
1121 1708 1257 1761 ἄλλα
1291 1711 1346 1761 ἐν
1385 1708 1581 1775 Μέμφι,
1621 1709 1784 1759 ἐλθὼν
1820 1709 1871 1761 ἐς

195 1797 377 1863 λόγους
411 1801 546 1849 τοῖσι
588 1797 747 1862 ἱρεῦσι
781 1800 869 1848 τοῦ
903 1794 1210 1861 ἷΗφαίστου·
1257 1794 1337 1845 καὶ
1377 1793 1435 1857 δὴ
1479 1793 1557 1844 καὶ
1597 1795 1648 1847 ἐς
1686 1790 1870 1858 Θήβας

125 1900 174 1929 20
196 1901 250 1934 τε
291 1881 370 1933 καὶ
409 1882 461 1935 ἐς
493 1879 678 1932 “Ηλίου
720 1880 870 1933 πόλιν
912 1868 1073 1932 αὐτῶν
1113 1880 1301 1931 τούτων
1342 1879 1528 1930 εἵνεκεν
1568 1878 1867 1944 ἐτραπόμην,

197 1964 386 2018 ἐθέλων
405 1964 586 2018 εἰδέναι
609 1966 652 2017 εἶ
679 1963 1033 2031 συμβήσονται
1055 1967 1191 2015 τοῖσι
1208 1964 1415 2029 λόγοισι
1437 1967 1570 2014 τοῖσι
1595 1965 1648 2014 ἐν
1669 1960 1987 2051 Μέμφιῖηνων
2022 2015 2098 2056 κζ.

197 2052 243 2102 οἱ
279 2051 374 2118 γὰρ
402 2048 760 2102 εΗλιοπολῖται
795 2048 1031 2116 λέγονται
1068 2048 1354 2115 Αἰγυπτίων
1391 2046 1519 2099 εἶναι
1553 2046 1866 2117 λογιώτατοι.
1895 2024 2098 2110 &ravaga

196 2133 377 2200 τὰμέν
408 2155 495 2187 νυν
526 2137 636 2186 θεῖα
664 2137 763 2186 τῶν
795 2131 1136 2201 ἀπηγημάτων
1169 2133 1250 2184 οἶα
1278 2131 1474 2197 ἤκουον,
1501 2131 1587 2183 οὐκ
1618 2131 1716 2197 εἰμὶ
1747 2131 1866 2196 πρό-
1906 2150 1931 2182 2

197 2221 347 2285 θυμος
379 2217 691 2286 ἐξηγέεσθαι,
717 2216 813 2283 ἔξω
837 2213 868 2282 ἢ
891 2220 954 2270 τὰ
977 2218 1227 2283 οὐνόματα
1249 2217 1411 2269 αὐτῶν
1433 2221 1631 2282 μοῦνον,
1658 2215 1870 2281 νομίζων

125 2322 172 2366 25
198 2301 387 2358 πάντας
426 2303 715 2371 ἀνθρώπους
755 2303 870 2355 ’ίσον
909 2302 1020 2369 περὶ
1062 2302 1224 2354 αὐτῶν
1266 2302 1585 2354 ἐπίστασθαι·
1630 2302 1692 2352 τὰ
1732 2299 1773 2351 δ’
1809 2299 1870 2352 ἂν

198 2386 514 2454 ἐπιμνησθέω
559 2386 734 2446 αὐτῶν,
780 2388 876 2439 ὑπὸ
921 2391 1009 2439 τοῦ
1053 2387 1210 2453 λόγου
1259 2385 1712 2453 ἐξαναγκαζόμενος
1760 2386 1865 2436 ἐπι-

255 2537 273 2563 1
307 2520 511 2577 ἀπηλαχθ.
538 2521 620 2564 ΗῙ;
651 2520 974 2576 ἀπαλλαγέντων
997 2523 1030 2562 C
1170 2535 1195 2572 3
1224 2526 1354 2564 ταῦτα
1377 2537 1459 2563 om.
1486 2521 1536 2562 C¹
1670 2536 1695 2571 4
1724 2540 1772 2563 τε
1791 2525 1868 2573 τὴν

200 2578 240 2618 R
254 2579 337 2619 SV
448 2578 602 2621 ἐπιόντι
625 2578 664 2617 R
683 2578 765 2618 SV
930 2590 955 2628 5
986 2577 1132 2626 βέκκος
1156 2578 1193 2616 R
1209 2577 1290 2618 SV
1446 2580 1474 2617 6
1503 2576 1708 2631 φοιτέοντι
1727 2577 1767 2616 Α
1782 2577 1816 2616 Β
1833 2578 1867 2617 C

202 2635 354 2687 (-ωντι)
378 2634 412 2674 Ε
426 2634 460 2673 Ρ
586 2645 608 2683 7
640 2632 937 2684 ἐπιμελουμένω
959 2633 998 2671 R
1014 2632 1095 2673 SV
1208 2631 1390 2684 σημάνας
1409 2632 1449 2671 Α
1463 2633 1498 2672 Β
1628 2646 1656 2683 9
1686 2635 1706 2673 ὁ
1729 2645 1810 2671 om.
1829 2631 1864 2671 E

203 2701 252 2728 10
285 2688 431 2737 βεκκός
463 2686 569 2728 RV¹
694 2699 740 2727 11
772 2689 866 2730 τοὺς
885 2695 953 2742 Φρ.
981 2688 1016 2727 E
1214 2699 1263 2726 12
1292 2683 1460 2741 πρεσβ.]
1492 2689 1671 2740 πρώτους
1703 2686 1866 2727 RSV:

198 2743 410 2797 προτέρους
442 2743 713 2783 Herwerden
938 2754 986 2791 13
1020 2745 1092 2796 ἱερ.
1126 2741 1263 2782 RSV
1433 2755 1481 2791 14
1510 2745 1584 2783 τοῦ
1612 2755 1694 2780 om.
1730 2741 1867 2780 RSV

203 2800 252 2837 16
280 2800 459 2849 ἐκτεμὼν
479 2797 514 2837 Β
626 2798 776 2839 παίδων
796 2797 835 2837 Α
851 2797 886 2836 Β
900 2797 934 2836 C
950 2797 983 2836 P
1005 2797 1067 2850 (it.
1096 2797 1164 2848 17)
1354 2808 1401 2846 17
1431 2800 1521 2838 ταῖς
1543 2796 1584 2834 R
1598 2796 1679 2836 SV
1789 2798 1867 2846 τὴν

200 2865 283 2893 om.
308 2852 348 2891 R
364 2852 445 2892 SV
558 2892 560 2894 ,
625 2865 674 2903 19
702 2855 771 2906 ἱερ.
797 2851 929 2892 BSV
1113 2865 1167 2891 20
1197 2854 1237 2894 ἐς
1258 2865 1340 2892 om.
1367 2851 1408 2890 R
1519 2850 1672 2892 αὐτέων
1690 2851 1867 2892 τουτέων

199 2907 287 2946 ΑΒ
304 2907 338 2946 Ρ
449 2906 585 2949 ἕνεκεν
606 2905 696 2946 RV
853 2919 902 2946 21
935 2910 1020 2948 τοῖς
1036 2916 1075 2947 λ.
1102 2906 1142 2944 R
1286 2919 1339 2945 22
1374 2908 1609 2948 Ἡλιουπολ.
1637 2906 1670 2945 C
1686 2906 1772 2945 PR
1787 2905 1868 2946 SV

184 2963 470 3015 ’λογιμώτατοι
515 2961 554 2999 R
570 2961 650 3001 SV
843 2974 896 3012 23
940 2962 1018 3001 ὅσα
1058 2961 1269 3001 Richards
1476 2974 1528 3010 24
1568 2960 1691 3012 μόνον
1731 2960 1770 2999 R
1786 2961 1867 3000 SV

200 3029 252 3066 25
282 3018 402 3058 αὐτὸν
425 3015 530 3055 RV1
553 3028 763 3067 suprascr.
938 3016 991 3055 26
1022 3018 1250 3067 ἐπιμνησθῶ
1276 3015 1308 3054 L
1418 3014 1607 3069 ἆναγκαζ.
1634 3015 1671 3053 R
1688 3016 1767 3054 SV
