2098 3320
0 0 39 191 ἶ
567 126 570 130 ’
735 120 1117 173 ΙΣΤΟΡΙΩΝ
1181 126 1226 173 Δ
1852 129 1938 178 IV.
1966 130 2037 179 86
2067 154 2077 156 -

0 252 128 329 Qus.
143 255 288 328 μερίῃ
319 253 520 322 ὀργυιὰς
551 254 956 321 ἑπτακισμυρίας,
990 254 1163 308 νυκτὸς
1194 256 1247 307 δὲ
1279 253 1644 323 ἑξακισμυρίας.
1719 256 1812 323 ἤδη
1850 283 1874 315 2

0 282 99 394 ¹⁰3
143 336 213 392 ὧν
258 339 309 392 ἐς
350 340 443 404 μὲν
487 340 658 390 Φᾶσιν
702 335 800 391 ἀπὸ
835 342 923 390 τοῦ
962 339 1210 404 στόματος
1253 338 1415 404 (τοῦτο
1449 339 1543 407 γάρ
1581 342 1692 393 ἐστι
1727 346 1815 393 τοῦ

143 423 343 476 Πόντου
371 420 701 489 μακρότατον)
727 420 950 489 ἡμερέων
986 422 1132 475 ἐννέα
1169 424 1327 478 πλόος
1363 424 1473 476 ἐστὶ
1510 425 1590 477 καὶ
1626 430 1813 478 νυκτῶν

141 506 286 560 ὀκτώ·
332 506 477 559 αὗται
514 506 689 566 ἕνδεκα
716 505 947 574 μυριάδες
981 507 1061 560 καὶ
1097 507 1274 560 ἑκατὸν
1301 507 1541 576 ’ὀργυιέων
1571 509 1810 576 γίνονται,

93 613 117 656 5
143 593 197 644 ἐκ
233 593 287 644 δὲ
321 595 421 644 τῶν
455 589 694 659 ὀργυιέων
725 590 936 644 τουτέων
973 590 1171 644 στάδιοι
1209 591 1384 645 ἑκατὸν
1421 593 1500 646 καὶ
1536 594 1696 662 χίλιοι
1732 595 1812 647 καὶ

140 667 311 744 μύριόί
325 677 441 728 εἰσι.
516 677 567 729 ἐς
597 678 652 728 δὲ
683 676 1007 744 Θεμισκύρην
1031 676 1123 741 τὴν
1148 676 1228 729 ἐπὶ
1261 677 1582 744 Θερμώδοντι
1606 683 1809 748 ποταμῷ
1844 699 1870 744 3

140 762 195 814 ἑκ
218 763 305 826 τῆς
330 762 557 825 Σινδικῆς
572 758 717 827 (κατὰ
746 765 891 813 τοῦτο
922 760 1018 829 γάρ
1052 763 1162 813 ἐστι
1192 766 1279 813 τοῦ
1310 763 1507 814 Πόντου
1533 761 1813 828 εὐρύτατον)

140 849 289 913 τριῶν
331 866 386 897 τε
423 843 646 912 ἡμερέων
685 845 764 898 καὶ
809 845 895 897 δύο
941 850 1130 899 νυκτῶν
1174 847 1348 899 πλόος·
1396 846 1539 899 αῦται
1582 849 1635 899 δὲ
1677 851 1811 915 τρεῖς

139 928 370 998 μυριάδες
403 928 483 981 καὶ
512 927 779 997 τριήκοντα
810 928 1049 997 ὀργυιέων
1081 931 1319 998 γίνονται,
1354 931 1551 983 στάδιοι
1585 934 1638 983 δὲ
1673 952 1806 998 τριη-

69 1034 118 1064 10
142 1015 304 1067 κόσιοι
325 1014 405 1066 καὶ
423 1015 714 1083 τρισχίλιοι.
792 1015 819 1064 ὁ
838 1013 931 1079 μέν
955 1036 1041 1067 νυν
1066 1016 1262 1069 Πόντος
1282 1015 1423 1069 οὗτος
1448 1015 1526 1067 καὶ
1547 1016 1808 1083 Βόσπορός
1840 1035 1869 1078 4

90 1111 96 1116 ’
139 1098 307 1152 τέ’-καὶ
334 1096 720 1164 Ἑλλήσποντος
755 1099 881 1150 οὕτω
913 1098 968 1151 τέ
996 1121 1080 1165 μοι
1114 1099 1440 1167 μεμετρέαται
1477 1099 1557 1152 καὶ
1592 1101 1716 1151 κατὰ
1745 1102 1807 1152 τὰ

139 1182 372 1250 εἰρημένα
429 1182 704 1251 πεφύκασι,
753 1181 1027 1252 παρέχεται
1073 1187 1127 1236 δὲ
1181 1186 1259 1237 καὶ
1306 1186 1488 1250 λίμνην
1537 1186 1564 1235 ὁ
1611 1185 1807 1239 Πόντος

141 1262 320 1335 [οὗτος]
352 1269 643 1321 ἐκδιδοῦσαν
675 1269 726 1323 ἐς
755 1267 905 1320 αὐτὸν
936 1268 994 1320 οὐ
1030 1274 1203 1338 πολλῷ
1234 1290 1327 1339 τεῳ
1361 1268 1567 1321 ε’λάσσω
1606 1272 1803 1328 ἑωυτοῦ,

137 1349 406 1417 ἢΜαιῆτίς
429 1373 483 1404 τε
506 1351 738 1405 καλέεται
770 1354 849 1405 καὶ
872 1351 1032 1420 μήτηρ
1063 1358 1150 1405 τοῦ
1182 1354 1395 1405 Πόντου.
1471 1354 1497 1403 ὁ
1516 1356 1569 1405 δὲ
1595 1358 1806 1421 Δαρεῖος
1843 1357 1907 1418 87

67 1457 114 1499 15
139 1435 204 1491 ὡς
244 1434 488 1502 ἐθεήσατο
523 1435 610 1489 τὸν
647 1438 860 1497 Πόντον,
899 1438 1049 1489 ἔπλεε
1092 1438 1256 1490 ὀπίσω
1303 1439 1383 1490 ε’πὶ
1428 1437 1518 1502 τὴν
1563 1436 1802 1505 γέφυραν,

137 1524 226 1587 τῆς
266 1520 572 1591 ἀρχιτέκτων
607 1520 808 1589 ἐγένετο
845 1521 1208 1589 Μανδροκλέης
1248 1521 1451 1587 Σάμιος·
1499 1521 1805 1588 θεησάμενος

139 1607 193 1659 δὲ
237 1605 318 1658 καὶ
359 1605 447 1659 τὸν
486 1605 753 1674 Βόσπορον
794 1604 987 1672 στήλας
1024 1605 1212 1672 ἔστησε
1248 1608 1334 1659 δύο
1375 1606 1450 1659 ἐπ’
1495 1606 1624 1677 αὐτῷ
1661 1607 1806 1658 λίθου

139 1695 330 1750 λευκοῦ,
380 1691 604 1757 ἐνταμὼν
651 1690 918 1759 γράμματα
965 1693 1015 1745 ἐς
1060 1693 1153 1756 μὲν
1199 1690 1291 1755 τὴν
1338 1690 1601 1763 Ἀσσύρια,
1652 1692 1702 1744 ἐς
1750 1692 1804 1742 δὲ
1829 1690 2098 1740 '··⁴-·‘⁸¹*⁸⁸³}·

138 1773 229 1840 τὴν
257 1774 551 1837 Ἑλληνικά,
585 1775 732 1829 ἔθνεα
771 1775 934 1829 πάντα
973 1776 1073 1828 ὅσα
1106 1797 1197 1843 περ
1240 1775 1347 1842 ἧγε·
1411 1774 1502 1843 ἦγε
1547 1777 1598 1827 δὲ
1643 1774 1806 1827 πάντα

67 1879 117 1910 20
138 1865 237 1913 τῶν
303 1858 444 1930 ἦρχε·
512 1860 701 1913 τούτων
758 1859 989 1928 μυριάδες
1047 1852 1465 1926 ἐξηριθμήθησαν,
1513 1860 1667 1928 χωρὶς
1716 1863 1805 1911 τοῦ

138 1950 380 2006 ναυτικοῦ,
431 1943 779 2012 ἑβδομήκοντα
831 1944 926 1997 σὺν
986 1946 1206 2004 ἱππεῦσι,
1266 1943 1375 1998 νέες
1434 1947 1487 1997 δὲ
1546 1941 1804 2007 ἑξακόσιαι

139 2028 537 2098 συνελέχθησαν.
610 2037 729 2104 τῇσι
771 2027 864 2096 μέν
900 2050 987 2082 νυν
1032 2027 1254 2102 στήλῃσι
1298 2029 1507 2101 ταύτῃσι
1547 2027 1805 2092 Βυζάντιοι
1839 2049 1864 2080 2

140 2115 432 2181 κομίσαντες
476 2117 527 2170 ἐς
567 2113 656 2179 τὴν
697 2115 848 2168 πόλιν
885 2115 1097 2181 ὕστερον
1135 2114 1319 2166 τούτων
1356 2111 1636 2182 ἐχρήσαντο
1683 2112 1804 2179 πρὸς

138 2197 224 2251 τὸν
262 2198 439 2266 βωμὸν
477 2202 566 2266 τῆς
609 2198 894 2265 Ὀρθωσίης
939 2197 1244 2266 Ἀρτέμιδος,
1294 2199 1446 2266 χωρὶς
1492 2197 1602 2250 ἑνὸς
1640 2198 1800 2248 λίθου·

67 2301 114 2344 25
137 2282 280 2337 οὗτος
327 2283 387 2337 >δὲ
438 2284 743 2352 κατελείφθη
797 2284 930 2350 παρὰ
987 2288 1073 2335 τοῦ
1135 2283 1389 2335 Διονύσου
1442 2281 1528 2334 τὸν
1579 2281 1696 2346 νηὸν
1749 2283 1803 2332 ἐν

32 2366 37 2371 ’
138 2368 386 2439 Βυζαντίῳ
423 2367 724 2437 γραμμάτων
756 2367 1047 2435 Ἀσσυρίων
1077 2365 1247 2420 πλέος.
1320 2371 1406 2418 τοῦ
1446 2369 1499 2418 δὲ
1536 2365 1802 2431 Βοσπόρου

137 2451 165 2502 ὁ
208 2457 371 2522 χῶρος
417 2457 506 2506 τὸν
552 2451 717 2518 ἔζευξε
769 2451 1018 2518 βασιλεὺς
1068 2456 1294 2519 Δαρεῖος,
1348 2451 1412 2504 ὡς
1460 2450 1568 2516 ἐμοὶ
1614 2448 1802 2501 δοκέειν

195 2602 214 2630 t
247 2592 390 2634 νυκτὸς
410 2590 455 2633 δὲ
475 2594 528 2646 ἑξ.
550 2605 634 2632 orn.
652 2589 709 2631 Al
727 2591 764 2630 R
782 2592 812 2631 S
826 2590 864 2629 V
993 2603 1018 2628 2
1047 2603 1109 2641 pr.
1129 2593 1203 2631 τοῦ
1223 2603 1306 2629 om.
1330 2589 1368 2628 R
1383 2588 1463 2628 SV
1591 2601 1615 2638 5
1645 2587 1801 2630 τούτων

136 2643 176 2684 Α
189 2645 224 2685 Β
335 2648 362 2686 6
382 2647 633 2699 Θεμίσκυρον
650 2647 683 2686 Ρ
698 2646 737 2686 R
755 2661 764 2685 ε
794 2646 1069 2699 Θεμίσκουρον
1089 2646 1119 2684 S
1133 2645 1171 2683 V
1283 2657 1305 2693 7
1328 2647 1510 2692 Σινδικῆς
1527 2642 1798 2692 Wesseling:

137 2700 305 2750 Ἰνδικῆς
328 2701 362 2740 L
490 2715 496 2720 ·
579 2703 607 2741 8
635 2699 703 2752 τε]
725 2700 767 2743 δὲ
791 2701 830 2739 R
845 2701 875 2740 S
888 2700 928 2739 V
1066 2699 1195 2740 πλόον
1213 2698 1253 2737 Α
1267 2699 1301 2737 Β
1320 2699 1353 2737 C
1578 2710 1619 2735 11
1653 2715 1699 2738 τε
1716 2710 1798 2737 om.

135 2753 176 2794 A
190 2755 224 2794 Β
241 2755 275 2795 C
386 2755 498 2798 οῧτοί
516 2755 554 2796 Α
572 2756 607 2795 Β
623 2756 657 2795 C
828 2768 877 2794 12
907 2754 1117 2807 πεφύφασι
1136 2754 1175 2793 V
1348 2765 1396 2803 13
1426 2751 1543 2794 οὗτος
1560 2765 1642 2791 om.
1665 2752 1704 2790 A
1717 2753 1752 2791 Β
1766 2753 1800 2791 C

137 2812 261 2852 ἐσδιδ.
287 2812 328 2853 ἐς
349 2813 501 2853 ἑωυτὸν
521 2812 562 2850 R
576 2810 659 2850 SV
807 2823 855 2860 15
887 2810 1088 2858 ἐθηήσατο
1112 2808 1151 2847 R
1166 2809 1196 2848 S
1210 2809 1249 2846 V
1360 2812 1400 2849 ἐς
1422 2808 1456 2845 C
1602 2809 1651 2846 16
1681 2810 1800 2855 -κλῆς

139 2863 322 2905 PRSV
442 2871 559 2916 θηησ.
584 2865 722 2905 RSV
909 2877 955 2914 17
987 2863 1112 2916 αὐτῷ]
1138 2862 1443 2904 αὐτὸνΑΒΟῑ
1474 2861 1801 2903 αὐτοῦΡΗΞν

139 2920 188 2958 18
215 2921 310 2971 τὴν]
333 2922 410 2971 τὴν
431 2921 574 2974 ἑτέρην
597 2920 683 2961 PR
698 2921 779 2960 SV
900 2932 953 2958 20
984 2919 1250 2972 ἐξηρίθμησαν
1273 2918 1311 2957 R
1437 2930 1490 2956 22
1519 2915 1747 2967 Βυζαντείοι
1763 2915 1801 2954 V

136 2986 189 3024 25
218 2974 261 3030 δὲ
281 2988 363 3016 om.
393 2975 431 3015 A
445 2976 480 3015 B
496 2976 530 3015 C
697 2978 751 3015 26
781 2973 1006 3027 Βυζαντίων
1028 2974 1058 3014 S
1071 2974 1109 3012 V
1274 2984 1325 3022 27
1356 2971 1486 3014 δοκέει
1506 2971 1545 3010 Α
1560 2971 1594 3010 Β
1610 2971 1643 3010 C
1659 2971 1692 3010 P
