2098 3320
55 96 242 157 II.173

0 406 200 450 μντόῐὲθ

154 489 244 540 174

902 99 1325 149 ΗΡΟΔΟΤΟΎ

283 248 482 280 στασις·
538 230 580 279 εἰ
626 226 791 279 ἐθέλοι
838 230 1273 283 κατεσπουδάσθαι
1318 230 1414 283 αἰεὶ
1451 232 1575 296 μηδὲ
1617 231 1668 283 ἐς
1707 232 1943 298 παιγνίην

283 311 340 362 τὸ
369 310 517 378 μέρος
549 311 730 363 ἑωυτὸν
759 312 964 374 ἀνιέναι,
997 314 1144 366 λάθοι
1172 315 1234 367 ἂν
1262 315 1371 380 ἤτοι
1399 315 1571 380 μανεὶς
1600 309 1630 378 ἢ
1660 315 1690 365 ὅ
1724 336 1783 382 γε
1817 316 1941 367 ἀπό-

283 402 503 466 π-ληκτος
547 396 828 463 γενόμενος.
919 400 980 449 τὰ
1023 399 1121 466 ἐγὼ
1167 399 1495 465 ἐπιστάμενος
1537 397 1686 465 μέρος
1731 397 1942 469 ἑκατέρῳ

284 478 431 544 νέμω.
520 485 671 532 ταῦτα
714 484 808 546 μὲν
851 482 973 536 τοὺς.
1004 483 1182 549 φίλους
1223 484 1490 550 ἀμείψατο.
1578 481 1779 550 λέγεται
1819 485 1874 535 δὲ
1917 484 1944 534 ὁ

276 563 514 629 ”Αμασις,
562 565 640 616 καὶ
681 566 763 617 ὅτε
805 564 863 629 ἦν
907 567 1114 632 ἰδιώτης,
1150 567 1214 621 ὡς
1253 567 1531 635 φιλοπότης
1573 565 1632 630 ἦν
1674 567 1752 618 καὶ
1792 573 1942 634 φιλο·

285 649 536 713 σκώμμων
562 649 639 700 καὶ
670 649 892 714 οὐδαμῶς
918 651 1413 716 κατεσπουδασμένος
1438 649 1576 718 ἀνήρ·
1621 651 1747 704 ὅκως
1777 650 1832 702 δέ
1859 672 1944 716 μιν

284 734 508 784 ἐπιλίποι
542 732 747 784 πίνοντά
777 755 830 786 τε
864 737 943 786 καὶ
967 734 1271 787 εὐπαθέοντα
1299 737 1360 786 τὰ
1390 733 1636 799 ἐπιτήδεα,
1667 733 1944 787 κλέπτεσκε

285 815 345 868 ἂν
378 817 594 883 περιιών.
683 820 729 869 οἱ
761 817 803 869 δ’
835 817 904 892 ὀίνΙ
931 840 1016 883 μιν
1048 818 1261 886 φάμενοι
1298 819 1436 887 ἔχειν
1471 820 1531 869 τὰ
1563 817 1785 886 σφέτερα
1819 817 1942 887 χρή-

283 921 414 964 ματα
445 901 743 967 ἀρνεύμενον
772 900 991 969 ἄγεσκον
1024 904 1104 955 ἐπὶ
1133 901 1388 968 μαντήιον,
1413 904 1529 954 ὅκου
1561 901 1822 954 ἑκάστοισι
1852 903 1944 967 εἴη.

284 985 454 1036 πολλὰ
493 987 585 1049 μὲν
625 984 683 1048 δὴ
722 987 801 1038 καὶ
840 987 1077 1051 ἡλίσκετο
1115 987 1210 1040 ὑπὸ
1248 992 1346 1038 τῶν
1385 987 1650 1052 μαντηίων,
1684 987 1853 1039 πολλὰ
1892 988 1946 1038 δὲ

285 1068 366 1119 καὶ
397 1067 666 1135 ἀπέφευγε.
759 1072 922 1123 ἐπείτε
956 1074 1008 1122 δὲ
1047 1071 1125 1122 καὶ
1163 1073 1487 1137 ἐβασίλευσε,
1522 1072 1728 1135 ἐποίησε
1761 1069 1944 1122 τοιάδε·

285 1154 401 1204 ὅσοι
429 1156 520 1218 μὲν
551 1152 701 1205 αὐτὸν
731 1160 829 1206 τῶν
862 1158 986 1207 θεῶν
1017 1155 1276 1208 ἀπέλυσαν
1307 1155 1372 1221 μὴ
1403 1160 1548 1222 φῶρα
1585 1154 1726 1213 εἶναι,
1759 1154 1946 1206 τούτων

284 1239 375 1302 μὲν
400 1242 499 1288 τῶν
532 1240 648 1304 ἱρῶν
672 1239 784 1291 οὔτε
808 1239 1075 1304 ἐπεμέλετο
1099 1240 1210 1292 οὔτε
1233 1242 1284 1293 ἐς
1308 1238 1573 1303 ἐπισκευὴν
1604 1240 1762 1291 ἐδίδου
1785 1237 1943 1297 οὐδέν,

286 1321 398 1373 οὐδὲ
429 1327 617 1388 φοιτῶν
644 1321 758 1375 ἔθυέ
790 1323 855 1376 ὣς
890 1323 1087 1378 οὐδενὸς
1125 1325 1261 1375 ἐοῦσι
1303 1322 1490 1389 ἀξίοισι
1517 1321 1709 1390 ψευδέα
1738 1344 1794 1374 τε
1822 1343 1944 1388 μαν-

286 1404 398 1469 τήια
422 1405 753 1471 ἐκτημένοισι·
801 1409 913 1459 ὅσοι
937 1407 991 1459 δέ
1018 1430 1103 1474 μιν
1128 1407 1406 1474 κατέδησαν
1428 1412 1574 1475 φῶρα
1598 1407 1740 1467 εἶναι,
1759 1406 1947 1458 τούτων

287 1492 339 1541 δὲ
371 1490 436 1543 ὡς
467 1489 692 1554 ἀληθέως
728 1495 853 1543 θεῶν
891 1493 1073 1544 ἐόντων
1116 1493 1193 1544 καὶ
1230 1492 1453 1560 ἀψευδέα
1489 1489 1703 1558 μαντήια
1731 1511 1946 1559 παρεχο-

163 1586 252 1639 175
285 1573 448 1638 μένων
489 1576 550 1625 τὰ
593 1574 816 1640 μάλιστα
857 1576 1142 1641 ἐπεμέλετο.
1231 1577 1310 1628 καὶ
1349 1580 1491 1628 τοῦτο
1529 1577 1621 1642 μὲν
1661 1577 1717 1627 ἐν
1754 1573 1850 1626 Σάϊ
1887 1581 1947 1646 τῇ

216 1660 221 1665 Χ
284 1654 527 1730 Ἀθηναίῃ
558 1661 841 1725 προπύλαια
866 1659 1095 1726 θωμάσια
1125 1662 1205 1712 οἶα
1234 1657 1512 1725 ἐξεποίησε,
1540 1658 1735 1711 πολλὸν
1758 1657 1946 1710 πάντας

285 1743 695 1808 ὑπερβαλόμενος
744 1746 810 1814 τῷ
852 1765 905 1796 τε
951 1746 1073 1812 ὕψεϊ
1121 1745 1200 1796 καὶ
1236 1746 1301 1814 τῷ
1346 1742 1566 1811 μεγάθεϊ,
1613 1743 1749 1794 ὅσων
1791 1763 1846 1793 τε
1889 1740 1947 1792 τὸ

285 1824 505 1892 μέγαθος
534 1828 689 1879 λίθων
729 1829 838 1879 ἐστὶ
881 1830 959 1880 καὶ
996 1830 1171 1881 ὁκοίων
1207 1827 1348 1880 τέων·
1393 1832 1539 1878 τοῦτο
1575 1829 1628 1879 δὲ
1666 1824 1946 1879 κολοσσοὺς

285 1909 535 1977 μεγάλους
573 1912 652 1962 καὶ
689 1912 1066 1979 ἀνδρόσφιγγας
1101 1911 1397 1979 περιμήκεας
1438 1910 1659 1976 ἀνέθηκε,
1691 1911 1863 1962 λίθους
1893 1930 1947 1960 τε

227 2014 252 2045 2
287 1993 472 2047 ἄλλους
503 1997 554 2048 ἐς
586 1995 853 2060 ἐπισκευὴν
883 1996 1164 2064 ὑπερφυέας
1194 1996 1250 2048 τὸ
1279 1996 1495 2062 μέγαθος
1531 1995 1750 2060 ἐκόμισε.
1821 1991 1944 2059 ἠγά-

287 2098 404 2144 γετο
448 2082 501 2130 δὲ
547 2080 734 2131 τούτων
777 2080 890 2134 τοὺς
934 2083 1025 2145 μὲν
1069 2083 1123 2132 ἐκ
1168 2085 1266 2132 τῶν
1313 2082 1435 2131 κατὰ
1477 2078 1689 2145 Μέμφιν
1731 2075 1947 2129 ἐουσέων

287 2162 630 2227 λιθοτομιέων,
663 2163 776 2217 τοὺς
807 2167 857 2215 δὲ
889 2164 1257 2232 ὑπερμεγάθεας
1288 2162 1347 2228 ἐξ
1373 2163 1736 2229 Ἐλεφαντίνης
1771 2162 1947 2215 πόλιος

231 2266 256 2310 3
288 2246 451 2298 πλόον
477 2247 556 2298 καὶ
587 2249 746 2298 εἴκοσι
768 2247 988 2315 ἡμερέων
1014 2249 1299 2316 ἀπεχούσης
1329 2249 1424 2299 ἀπὸ
1450 2245 1614 2299 Σάϊος.
1689 2245 1746 2296 τὸ
1776 2247 1829 2296 δὲ
1861 2243 1946 2295 οὐκ

287 2329 470 2394 ἥκιστα
514 2331 672 2383 αὐτῶν
716 2333 850 2382 ἀλλὰ
895 2331 1118 2397 μάλιστα
1163 2330 1384 2397 θωμάζω,
1432 2331 1542 2382 ἐστὶ
1585 2331 1713 2381 τόδε·
1768 2330 1948 2393 οἴκημα

288 2415 587 2478 μουνόλιθον
617 2416 822 2480 ἐκόμισε
853 2413 913 2479 ἐξ
938 2415 1306 2484 Ἐλεφαντίνης
1335 2416 1526 2474 πόλιος,
1562 2415 1639 2466 καὶ
1661 2417 1804 2465 τοῦτο
1837 2412 1943 2464 ἐκό-

349 2566 365 2591 1
400 2554 510 2594 θέλοι
533 2554 593 2593 Ε;
624 2553 752 2596 ἐθέλει
774 2555 863 2596 rell.
978 2557 1036 2596 ἀεὶ
1061 2556 1099 2595 R
1115 2555 1151 2594 V
1288 2568 1313 2604 3
1344 2553 1534 2607 ἑκάτερον
1554 2553 1589 2591 Ε
1726 2563 1751 2602 5
1781 2551 1850 2590 alt·
1875 2550 1945 2602 ἦν]

291 2608 367 2647 ἐὼν
387 2607 425 2645 Α
439 2608 473 2646 Β
489 2608 522 2646 C
537 2609 570 2646 E
669 2612 938 2660 φιλοκώμμων
959 2610 996 2648 R
1011 2609 1066 2649 Vl
1178 2623 1199 2659 7
1232 2609 1430 2650 ἐπιλείποι
1445 2608 1485 2646 Α
1499 2608 1533 2646 Β
1549 2608 1582 2646 C
1597 2608 1630 2646 P
1741 2606 1948 2655 ἐπιτήδεια

289 2660 329 2699 Α
343 2662 378 2700 Β
394 2661 428 2700 Ε
440 2663 479 2700 R
494 2662 524 2701 S
536 2663 575 2702 V
711 2677 738 2713 9
768 2664 966 2705 ἑκάστοτε
988 2666 1026 2703 R
1042 2665 1071 2704 S
1085 2665 1121 2703 V
1279 2676 1330 2702 10
1358 2665 1422 2704 καὶ
1443 2663 1640 2712 ἡλίσκετο
1660 2660 1920 2699 Valckenaer
1937 2674 1946 2698 :

291 2717 568 2764 κατηλίσκετο
587 2717 627 2756 Α
641 2718 675 2755 Β
691 2718 724 2756 C
738 2718 772 2757 E
788 2718 821 2756 P
835 2733 843 2758 :
874 2719 1148 2760 καταλίσκετο
1175 2719 1214 2757 R
1228 2718 1258 2757 S
1270 2718 1310 2756 V
1424 2730 1440 2755 1
1451 2730 1468 2755 1
1502 2715 1780 2770 ὑποφεύγεσκε
1810 2715 1851 2752 R
1866 2714 1896 2753 S
1908 2713 1946 2751 V

291 2769 336 2810 δὲ
355 2784 437 2810 om.
463 2771 502 2809 R
644 2773 773 2813 ἐποίεε
794 2772 829 2811 Ε
1035 2787 1082 2822 13
1113 2772 1304 2823 ἐπεμέλλ.
1327 2771 1417 2810 RV
1439 2772 1500 2820 (it.
1528 2771 1597 2821 17)
1737 2772 1777 2810 ἐς
1796 2781 1879 2808 om.
1904 2767 1944 2806 R

296 2836 343 2873 14
374 2825 545 2877 φοιτέων
563 2825 603 2864 Α
618 2826 650 2865 C
665 2826 698 2864 P
858 2839 906 2877 15
936 2826 1218 2879 κεκτημένοισι
1240 2827 1274 2865 L
1433 2828 1483 2864 16
1513 2824 1693 2874 ἀληθέων
1713 2823 1751 2862 Α
1765 2823 1800 2861 Β
1814 2822 1847 2861 C
1861 2822 1896 2861 E
1912 2821 1946 2860 Ρ

291 2883 390 2919 θεῶν
409 2892 491 2919 om.
518 2879 550 2918 E
569 2881 602 2918 P
711 2898 910 2935 παραχομ.
935 2882 974 2920 V
1141 2883 1189 2921 18
1219 2886 1336 2932 θωυμ.
1363 2880 1397 2918 L
1508 2879 1572 2922 οἷα
1596 2878 1815 2918 Abresch:
1847 2879 1885 2917 οἶ
1910 2875 1943 2914 L

293 2945 343 2982 19
372 2935 596 2987 ὑπερβαλλ.
625 2935 660 2974 Β
676 2935 756 2974 SV
866 2938 963 2978 ὅσον
984 2936 1024 2974 R
1208 2949 1260 2974 22
1291 2939 1331 2977 ἐς
1350 2948 1432 2975 om.
1459 2934 1499 2972 R
1663 2934 1717 2972 26
1746 2937 1858 2983 θαυμ.
1882 2930 1943 2969 C:

292 3033 410 3081 θωυμ.
436 3030 524 3071 rell.
692 3043 742 3080 27
776 3032 937 3085 (τοῦτο)
956 3031 1112 3084 ἐκόμιζε
1134 3032 1164 3072 S
1182 3046 1191 3071 :
1224 2989 1335 3083 ἐκόμζι
1356 3031 1417 3071 V:
1449 3029 1630 3082 ἐκόμιζον
1651 3028 1742 3069 rell.

1968 586 1991 628 5

1973 1003 2022 1034 10

1973 1424 2022 1464 15

1973 1842 2023 1872 20
