2098 3320
59 162 99 216 Ι.
118 173 195 217 121

133 565 220 602 122

193 1248 218 1291 (a)

879 162 1312 216 HPOAOTOT

263 300 487 364 πομποὺς
517 300 570 350 δὲ
600 298 698 366 ἐγὼ
730 296 831 364 ἅμα
861 296 1060 364 πέμψω.
1145 297 1306 349 ἐλθὼν
1337 299 1390 350 δὲ
1421 297 1525 350 ἐκεῖ
1552 291 1739 364 πατέρα
1766 320 1819 351 τε
1851 294 1930 352 καὶ

260 381 448 450 μητέρα
472 380 697 448 εὑρήσεις
721 382 776 434 οὐ
804 383 926 434 κατὰ
947 380 1266 449 Μιτραδάτην
1286 403 1339 434 τε
1361 380 1447 434 τὸν
1467 383 1720 448 βουκόλον
1739 382 1818 435 καὶ
1840 381 1929 449 τὴν

259 456 469 534 γυναῖκα
499 468 662 520 αὐτοῦ.

341 556 510 603 Ταῦτα
541 553 681 606 εἴπας
712 553 737 602 6
768 550 1049 619 Ἀστυάγης
1081 551 1364 618 ἀποπέμπει
1393 551 1480 604 τὸν
1504 556 1680 619 Κῦρον.
1748 549 1926 616 νοστή-

260 657 419 688 σαντα
449 635 503 688 δέ
537 657 622 701 μιν
653 637 702 690 ἐς
732 642 818 688 τοῦ
851 636 1139 702 Καμβύσεω
1169 638 1232 688 τὰ
1262 637 1391 688 οἰκία
1422 635 1654 701 ἐδέξαντο
1684 639 1730 690 οἱ
1761 634 1926 703 γεινά-
1951 658 1975 699 5

257 742 413 785 μενοι,
455 720 533 772 καὶ
570 719 828 786 δεξάμενοι
869 721 934 775 ὡς
970 721 1227 780 ἐπύθοντο,
1259 720 1492 788 μεγάλως
1529 720 1813 785 ἀσπάζοντο
1848 722 1928 784 οἳα

251 804 314 868 ’δὴ
359 804 682 871 ἐπιστάμενοι
722 805 894 858 αὐτίκα
933 805 1045 857 τότε
1084 809 1397 870 τελευτῆσαι,
1442 805 1667 873 ἱστόρεόν
1707 827 1761 858 τε
1805 806 1926 876 ὅτεῳ

256 890 420 959 τρόπῳ
453 887 775 956 περιγένοιτο.
866 890 893 940 6
923 888 978 941 δέ
1015 896 1113 957 σφι
1148 890 1309 957 ἔλεγε,
1343 893 1443 957 φὰς
1474 889 1568 958 πρὸ
1596 894 1683 941 τοῦ
1717 892 1808 956 μὲν
1839 889 1926 942 οὐκ

259 972 441 1026 εἰδέναι
477 975 612 1037 ἀλλὰ
647 972 977 1040 ἡμαρτηκέναι
1016 979 1274 1033 πλεῖστον,
1311 974 1415 1025 κατ’
1448 973 1562 1026 ὁδὸν
1591 977 1644 1026 δὲ
1679 972 1926 1027 πυθέσθαι

257 1061 425 1111 πᾶσαν
448 1057 538 1123 τὴν
563 1061 745 1111 ἑωυτοῦ
768 1057 944 1123 πάθην.
1017 1059 1318 1110 ἐπίστασθαι
1347 1061 1438 1123 μὲν
1463 1061 1556 1125 γὰρ
1581 1058 1645 1112 ὡς
1673 1059 1924 1124 βουκόλου
1951 1061 2005 1108 ῐο’

255 1147 341 1194 τοῦ
371 1141 677 1210 Ἀστυάγεος
708 1144 780 1207 εἵη
813 1148 944 1201 παῖς,
979 1142 1076 1195 ἀπὸ
1108 1146 1161 1194 δὲ
1190 1146 1276 1207 τῆς
1308 1147 1468 1195 κεῖθεν
1500 1144 1616 1194 ὁδοῦ
1645 1142 1732 1195 τὸν
1762 1142 1924 1196 πάντα

254 1227 409 1294 λόγον
440 1232 539 1280 τῶν
569 1233 779 1293 πομπῶν
809 1226 1068 1280 πυθέσθαι.
1159 1224 1423 1294 τραφῆναι
1444 1230 1495 1279 δὲ
1531 1226 1677 1294 ἔλεγε
1711 1226 1805 1278 ὑπὸ
1835 1231 1922 1292 τῆς

254 1318 342 1364 τοῦ
372 1311 624 1377 βουκόλου
654 1312 900 1379 γυναικός,
929 1311 1006 1376 ἤιέ
1035 1333 1089 1363 τε
1120 1312 1300 1376 ταύτην
1325 1311 1503 1364 αἰνέων
1528 1313 1607 1363 διὰ
1639 1312 1834 1372 παντός,
1861 1310 1922 1376 ἦν

202 1419 205 1426 ·
254 1394 309 1448 τέ
338 1399 383 1449 οἱ
415 1399 467 1449 ἐν
498 1397 565 1466 τῷ
587 1397 725 1466 λόγῳ
756 1398 818 1447 τὰ
847 1395 1007 1448 πάντα
1037 1396 1066 1460 ἡ
1093 1395 1251 1447 Κυνώ.
1342 1399 1386 1448 οἱ
1418 1398 1470 1448 δὲ
1499 1395 1664 1450 τοκέες
1696 1403 1917 1462 παραλα-

121 1664 211 1712 123

189 2178 211 2208 Ι»)

186 2515 210 2557 <22

252 1481 433 1545 βόντες
463 1480 518 1532 τὸ
549 1481 734 1546 οὕνομα
763 1485 922 1540 τοῦτο,
957 1479 1326 1547 ἵναθειοτέρως
1357 1479 1501 1552 δοκέῃ
1525 1485 1661 1532 τοῖσι
1686 1479 1920 1553 Πέρσῃσι
1947 1499 1992 1540 15

245 1566 497 1632 περιεῖναί
524 1571 622 1632 σφι
651 1565 677 1615 6
707 1570 838 1624 παῖς,
874 1563 1156 1628 κατέβαλον
1181 1563 1333 1632 φάτιν
1358 1565 1421 1618 ὡς
1453 1566 1733 1630 ἐκκείμενον
1758 1568 1920 1631 Κῦρον

253 1649 380 1702 κύων
399 1648 655 1717 ἐξέθρεψε.
726 1651 948 1702 ἐνθεῦτεν
967 1651 1058 1715 μὲν
1081 1649 1110 1714 ἡ
1133 1648 1280 1717 φάτις
1303 1650 1422 1714 αὕτη
1446 1649 1709 1718 κεχώρηκε.
1775 1649 1918 1719 Κύρῳ

250 1736 302 1786 δὲ
333 1733 641 1804 ἀνδρευμένῳ
667 1734 746 1786 καὶ
776 1734 907 1785 ἐόντι
937 1738 1033 1785 τῶν
1066 1733 1252 1798 ἡλίκων
1283 1732 1616 1803 ἀνδρηιοτάτῳ
1650 1733 1728 1785 καὶ
1759 1754 1915 1800 προσ-

250 1817 539 1888 (Ιᾶλεστάτῳ
573 1817 869 1886 προσέκειτο
901 1819 927 1868 6
949 1817 1209 1885 ‘'Ap-trayos
1242 1822 1372 1884 δῶρα
1402 1817 1626 1883 πέμπων,
1652 1818 1918 1870 τείσασθαι
1964 1848 1965 1851 ¹

250 1902 532 1970 Ἀστυάγεα
561 1900 853 1968 ἐπιθυμέων.
942 1901 1026 1954 ἀπ’
1058 1905 1239 1955 ἑωυτοῦ
1267 1904 1361 1969 γὰρ
1394 1902 1562 1956 ἐόντος
1599 1902 1798 1954 ἰδιώτεω
1830 1902 1917 1954 οὐκ
1945 1922 1993 1950 20

249 1987 408 2054 ἐνώρα
451 1987 687 2054 τιμωρίην
734 1986 977 2052 ἐσομένην
1025 1989 1074 2040 ἐς
1114 1986 1412 2054 Ἀστυάγεα,
1459 1990 1621 2055 Κῦρον
1665 1989 1718 2039 δὲ
1764 1985 1916 2052 ὁρέων

249 2072 641 2139 ἐπιτρεφόμενον
665 2070 885 2124 ἐποιέετο
912 2071 1192 2139 σύμμαχον,
1218 2073 1305 2124 τὰς
1329 2069 1489 2124 πάθας
1512 2073 1599 2124 τὰς
1617 2071 1779 2137 Κύρου
1801 2071 1917 2142 τῇσι

249 2158 429 2208 ἑωυτοῦ
459 2156 792 2221 ὁμοιούμενος.
868 2155 962 2222 πρὸ
994 2155 1034 2206 δ’
1060 2156 1132 2207 ἔτι
1162 2155 1335 2207 τούτου
1364 2155 1479 2208 τάδε
1511 2157 1555 2207 οἱ
1589 2153 1912 2223 κατέργαστο·

247 2240 417 2294 ἐόντος
439 2245 525 2292 τοῦ
548 2239 854 2307 Ἀστυάγεος
877 2243 1050 2307 πικροῦ
1082 2241 1132 2293 ἐς
1155 2239 1267 2294 τοὺς
1294 2238 1495 2303 Μήδους
1522 2239 1817 2308 συμμίσγων
1841 2240 1914 2291 ἑνὶ

247 2323 441 2394 ἑκάστῳ
483 2325 509 2375 6
537 2322 796 2391 θἈρπαγος
835 2328 932 2375 τῶν
970 2324 1176 2390 πρώτων
1208 2322 1403 2388 ’Μήδων
1443 2323 1672 2376 ἀνέπειθε
1713 2323 1776 2378 ὡς
1817 2322 1911 2392 χρὴ
1940 2342 1987 2383 25

245 2411 407 2474 Κῦρον
452 2407 892 2475 προστησαμένους
936 2407 1218 2474 Ἀστυάγεα
1262 2412 1450 2460 παῦσαι
1491 2411 1576 2472 τῆς
1620 2409 1910 2473 βασιληίης.

248 2491 647 2559 κατεργασμένου
689 2491 743 2544 δέ
787 2494 832 2544 οἱ
874 2492 1047 2543 τούτου
1094 2492 1171 2543 καὶ
1216 2491 1382 2545 ἐόντος
1427 2493 1638 2558 ἑτοίμου,
1683 2492 1807 2543 οὕτω
1852 2491 1910 2555 δὴ

245 2581 312 2646 τῷ
356 2578 498 2647 Κύρῳ
542 2575 839 2646 διαιτωμένῳ
882 2577 934 2628 ἐν
976 2575 1212 2647 Πέρσῃσι
1254 2577 1561 2641 βουλόμενος
1599 2577 1625 2626 6
1655 2574 1912 2643 ‘'Asmayos'

247 2665 472 2726 δηλῶσαι
507 2660 597 2725 τὴν
637 2664 818 2713 ἑωυτοῦ
855 2661 1056 2728 γνώμην
1091 2659 1260 2713 ἄλλως
1298 2662 1388 2725 μὲν
1424 2660 1645 2726 οὐδαμῶς
1686 2660 1791 2728 εἶχε
1826 2658 1911 2712 ἅτε

300 2809 324 2848 5
357 2801 492 2850 ἐδεξαν
515 2798 596 2837 SV
753 2811 774 2849 7
807 2797 926 2845 τότεἹ
948 2814 996 2839 το
1020 2797 1055 2835 R
1075 2797 1156 2837 SV
1311 2798 1337 2836 8
1367 2796 1463 2850 φὰς]
1487 2805 1615 2849 σφεας
1638 2797 1677 2836 R
1694 2794 1739 2836 Ρ1
1760 2796 1809 2850 (²)
1828 2794 1880 2836 Vl
1900 2811 1908 2836 :

247 2862 355 2903 σφεα
377 2853 474 2891 SV⁰
610 2865 651 2891 ΙΙ
687 2853 767 2903 dn}
793 2855 881 2893 ἐστι
904 2852 943 2890 R
961 2852 1041 2891 SV
1174 2864 1220 2902 13
1250 2853 1290 2899 ἥι
1309 2850 1374 2890 V:
1406 2855 1467 2901 εἴη
1488 2852 1519 2892 S
1654 2863 1701 2902 15
1732 2851 1855 2901 ὄνομα
1877 2850 1910 2890 Ρ

250 2909 300 2945 16
328 2907 539 2960 περιέσφιν
560 2907 619 2947 V:
649 2909 738 2960 περὶ
760 2917 859 2959 σφιν
879 2906 910 2946 S
1005 2905 1237 2953 κατέλαβον
1258 2905 1298 2945 R
1314 2905 1395 2945 SV
1508 2907 1557 2945 18
1586 2905 1852 2960 ἀνδρειοτάτῳ
1875 2904 1908 2943 L

250 2974 299 3011 19
327 2962 516 3002 τίσασθαι
540 2962 573 3000 L
712 2975 766 3000 20
796 2963 872 3002 ἀπὸ
895 2961 1002 3000 SV:
1034 2962 1110 3002 ἀπὸ
1131 2959 1174 3001 δὲ
1199 2960 1237 2998 R
1367 2973 1414 2999 21
1450 2963 1596 3015 ἐνεώρα
1618 2962 1651 3000 L
1764 2963 1803 3002 ἐς
1823 2973 1905 3000 om.

248 3015 287 3053 R
304 3014 333 3054 S
347 3016 385 3054 V
548 3028 600 3054 22
629 3016 700 3055 alt.
723 3017 816 3068 τὰς]
838 3019 911 3056 τοῦ
934 3016 973 3053 R
989 3016 1071 3055 SV
1180 3014 1297 3069 τῇσι]
1318 3018 1369 3065 τῆ
1394 3015 1432 3053 R
1447 3015 1477 3054 S
1492 3016 1528 3054 V
1684 3027 1735 3064 27
1765 3031 1906 3068 κατερ-

244 3069 478 3122 γασαμένου
501 3069 540 3109 R
556 3070 586 3110 S
601 3071 637 3109 V
802 3070 855 3108 28
885 3073 905 3111 ὁ
926 3082 1006 3110 om.
1031 3068 1071 3107 A
1085 3068 1120 3108 B
1135 3069 1168 3109 C
1186 3069 1219 3108 P
