2098 3320
76 99 142 149 II.
165 111 254 160 133

909 93 1339 142 ΗΡΟΔΟΤΟὙ

232 249 253 295 5
293 226 518 278 δεότατα.
607 230 760 277 ταῦτα
798 226 851 276 δὲ
892 226 1175 292 ἐμηχανᾶτο
1214 222 1377 277 θέλων
1415 223 1471 276 τὸ
1498 223 1736 291 μαντήιον
1769 226 1954 294 ψευδό-

292 331 443 375 μενον
474 307 726 374 ἀποδέξαι,
760 310 841 361 ἵνα
865 311 911 361 οἱ
942 308 1158 360 δυώδεκα
1187 308 1300 361 ἔτεα
1330 310 1440 362 ἀντὶ
1471 309 1531 375 ἓξ
1557 308 1706 362 ἐτέων
1734 309 1953 378 γένηται,

168 406 257 454 134
294 397 344 447 αἱ
403 394 574 448 νύκτες
630 391 809 460 ἡμέραι
868 393 1171 458 ποιεύμεναι.
1260 395 1509 461 πυραμίδα
1559 397 1619 446 ’δὲ
1677 394 1756 446 καὶ
1813 394 1956 449 οὗτος

0 552 128 591 ιαμ»
142 560 162 590 5
171 540 238 586 ida

15 598 233 651 W«.

295 479 587 531 κατελίπετο
618 482 814 529 πολλὸν
844 475 1050 528 ἐλάσσω
1079 482 1164 528 τοῦ
1193 478 1394 545 πατρός,
1421 479 1581 530 εἴκοσι
1610 482 1774 531 ποδῶν
1805 499 1952 530 κατα-

293 563 506 614 δέουσαν
539 567 701 614 κῶλον
726 562 939 614 ἕκαστον
969 566 1117 628 τριῶν
1147 561 1393 628 πλέθρων,
1420 563 1600 627 ἐούσης
1629 563 1950 630 τετραγώνου,

292 649 436 699 λίθου
467 651 521 700 δὲ
553 649 603 701 ἐς
635 646 690 698 τὸ
720 646 875 711 ἥμισυ
907 647 1210 698 Αἰθιοπικοῦ·
1256 645 1347 710 τὴν
1384 645 1440 710 δὴ
1477 644 1788 714 μετεξέτεροί
1822 653 1953 715 φασι

291 729 556 796 Ἑλλήνων
605 730 871 784 Ῥοδώπιος
922 731 1117 797 ἑταίρης
1173 729 1404 797 γυναικὸς
1462 730 1603 790 εἶναι,
1656 732 1741 783 οὐκ
1798 732 1954 798 ὀρθῶς

293 815 545 883 λέγοντες·
591 815 704 867 οὐδὲ
736 813 805 866 ῶν
842 815 956 867 οὐδὲ
992 814 1175 867 εἰδότες
1205 835 1289 880 μοι
1325 815 1587 882 φαίνονται
1621 814 1792 882 λέγειν
1821 815 1954 868 οὗτοι

293 900 400 965 ἥτις
430 900 490 965 ἧν
518 899 548 965 ἡ
579 898 816 953 Ῥοδῶπις
844 897 919 964 (οὗ
949 899 1045 966 γὰρ
1075 897 1134 950 ἄν
1171 901 1218 951 οἱ
1254 900 1500 965 πυραμίδα
1536 897 1779 951 ἀνέθεσαν
1809 898 1952 965 ποιή-

295 987 487 1035 σασθαι
529 983 776 1048 τοιαύτην,
824 984 876 1036 ἐς
924 982 1016 1047 τὴν
1058 981 1315 1035 ταλάντων
1359 982 1583 1051 χιλιάδες
1636 983 1955 1050 ἀναρίθμητοι

295 1069 360 1122 ὡς
399 1069 537 1138 λόγῳ
580 1069 735 1120 εἰπεῖν
771 1064 1163 1132 ἀναισίμωνται),
1204 1066 1327 1133 πρὸς
1368 1070 1421 1119 δὲ
1462 1068 1540 1119 ὅτι
1578 1069 1699 1119 κατὰ
1730 1067 1956 1133 Ἀμασιν

295 1153 638 1217 βασιλεύοντα
674 1150 734 1215 ἧν
771 1150 1059 1216 ἀκμάζουσα
1088 1149 1340 1210 Ῥοδῶπις,
1376 1151 1490 1203 ἀλλ’
1522 1151 1579 1203 οὐ
1610 1154 1730 1203 κατὰ
1763 1157 1952 1205 τοῦτον·

295 1237 431 1289 ἔτεσι
473 1238 566 1304 γὰρ
609 1235 760 1303 κάρτα
794 1240 1038 1288 πολλοῖσι
1078 1235 1291 1303 ὕστερον
1328 1236 1517 1288 τούτων
1555 1241 1653 1288 τῶν
1692 1235 1955 1302 βασιλέων

294 1326 393 1373 τῶν
428 1323 516 1375 τὰς
551 1321 824 1387 πυραμίδας
859 1320 1041 1374 ταύτας
1075 1319 1362 1385 λιπομένων
1398 1319 1459 1385 ἣν
1494 1319 1746 1379 Ῥοδῶπις,
1778 1320 1956 1388 γενεὴν

293 1408 385 1471 μὲν
415 1405 514 1458 ἀπὸ
539 1406 774 1473 Θρηίκης,
797 1404 947 1470 δούλη
972 1406 1025 1456 δὲ
1049 1401 1111 1468 ἤν
1133 1403 1384 1469 Ἰάδμονος
1406 1409 1493 1456 τοῦ
1514 1404 1954 1472 <Ηφαιστοπόλιος

1976 585 2000 627 5

1981 1004 2031 1034 10

1981 1425 2028 1467 15

294 1491 472 1557 ἀνδρὸς
503 1490 706 1555 Σαμίου,
740 1488 1013 1542 σύνδουλος
1048 1490 1103 1540 δὲ
1141 1488 1377 1540 Αἰσώπου
1413 1493 1500 1540 τοῦ
1538 1494 1830 1556 λογοποιοῦ.
1875 1490 1989 1552 καὶ,

280 1576 389 1643 ἱγδιρ
429 1574 569 1627 οὗτος
609 1572 865 1638 Ἰάδμονος
904 1571 1120 1640 ἐγένετο,
1152 1572 1217 1625 ὣς
1257 1571 1443 1637 διέδεξε
1477 1576 1593 1646 τῇδε
1629 1573 1715 1624 οὐκ
1754 1569 1953 1638 ἥκιστα·

233 1681 260 1722 4
295 1660 461 1711 ἐπείτε
495 1660 591 1725 γὰρ
625 1656 870 1710 πολλάκις
909 1656 1261 1723 κηρυσσόντων
1305 1661 1527 1724 Δελφῶν
1563 1659 1617 1708 ἐκ
1657 1659 1954 1725 θεοπροπίου

0 1740 267 1821 mm&
292 1742 347 1797 ὃς
382 1743 622 1808 βούλοιτο
657 1740 835 1805 ποινὴν
870 1743 956 1809 τῇς
992 1740 1231 1792 Αἰσώπου
1269 1743 1440 1809 ψυχῇς
1481 1739 1766 1801 ἀνελέσθαι,
1799 1741 1956 1795 ἄλλος

0 1820 278 1875 ·⁶·⁴0·*‘·†‘'‘·
290 1830 383 1893 μὲν
419 1827 577 1881 οὐδεὶς
613 1825 788 1893 ἐφάνη,
823 1824 1077 1890 Ἰάδμονος
1113 1827 1167 1876 δὲ
1201 1824 1373 1878 παιδὸς
1410 1830 1526 1879 παῖς
1560 1825 1718 1880 ἄλλος
1747 1825 1955 1891 Ἰάδμων

165 1922 256 1973 135
292 1912 535 1970 ἀνείλετο,
569 1911 696 1962 οὕτω
737 1909 816 1961 καὶ
852 1911 1087 1962 Αἴσωπος
1123 1908 1377 1974 Ἰάδμονος
1418 1908 1632 1977 ἐγένετο.
1718 1909 1956 1964 Ῥοδῶπις

293 1998 346 2047 δὲ
394 1997 445 2049 ἐς
492 1996 744 2062 Αἴγυπτον
795 1995 996 2046 ἀπίκετο
1042 1991 1251 2047 Ξάνθεω
1294 1997 1382 2044 τοῦ
1425 1994 1613 2060 Σαμίου
1656 1995 1955 2060 κομίσαντος

292 2075 430 2146 [μιν],
459 2078 730 2144 ἀπικομένη
755 2080 809 2130 δὲ
839 2077 944 2129 κατ’
967 2077 1208 2145 ἐργασίην
1239 2077 1391 2142 ἐλύθη
1428 2076 1693 2146 χρημάτων
1721 2076 1954 2145 μεγάλων

293 2163 388 2215 ὑπὸ
440 2163 615 2230 ἀνδρὸς
667 2163 1007 2227 Μυτιληναίου
1065 2160 1300 2228 Χαράξου
1355 2167 1443 2213 τοῦ
1499 2162 1976 2229 Σκαμανδρωνύμου,

236 2269 262 2300 2
294 2248 483 2306 παιδός,
528 2248 790 2314 ἀδελφεοῦ,
818 2249 873 2298 δὲ
911 2250 1151 2313 Σαπφοῦς
1191 2248 1279 2310 τῆς
1316 2251 1637 2311 μουσοποιοῦ.
1726 2246 1853 2297 οὕτω
1894 2245 1952 2310 δὴ

0 2418 141 2489 ”Q

293 2332 324 2397 ἡ
364 2331 602 2385 Ῥοδῶπις
642 2330 947 2397 ἐλευθερώθη
990 2329 1069 2382 καὶ
1112 2328 1367 2395 κατέμεινέ
1405 2351 1460 2382 τε
1499 2332 1554 2381 ἐν
1597 2330 1831 2399 Αἰγύπτῳ
1874 2329 1954 2381 καὶ

296 2414 450 2483 κάρτα
500 2415 834 2483 ἐπαφρρδιτος
885 2413 1126 2481 γενομένη
1177 2411 1376 2481 μεγάλα
1428 2413 1672 2479 ἐκτήσατο
1722 2412 1954 2481 χρήματα

295 2500 361 2553 ὡς
390 2495 488 2568 [ἂν]
517 2500 642 2552 εἶναι
671 2498 925 2563 Ῥοδῶπιν,
952 2492 1078 2564 ἀτὰρ
1088 2494 1186 2549 Ἠοῦκ
1206 2497 1271 2551 ὥς
1295 2518 1354 2564 γε
1377 2499 1429 2551 ἐς
1453 2499 1701 2564 πυραμίδα
1723 2497 1954 2561 τοιαύτην

348 2650 374 2676 2
404 2638 604 2690 ἀποδεῖξαι
623 2636 664 2675 Α
678 2637 713 2675 Β
730 2636 769 2674 R
786 2636 816 2675 S
828 2636 867 2675 V
1045 2647 1070 2684 3
1101 2636 1165 2676 καὶ
1187 2648 1268 2674 Om.
1297 2634 1337 2673 A
1352 2634 1387 2673 Β
1403 2634 1436 2672 C
1454 2634 1488 2673 P
1650 2650 1676 2686 4
1705 2636 1952 2679 κατελίπετο

295 2691 466 2731 Bekker
483 2707 492 2732 :
525 2692 748 2733 ἀπελίπετο
769 2691 803 2730 L
953 2702 978 2740 5
1007 2689 1216 2743 τεσσέρων
1237 2689 1422 2728 Hultsch
1573 2692 1599 2729 8
1629 2707 1694 2739 μοι
1714 2704 1795 2731 om.
1815 2691 1855 2730 R
1870 2691 1954 2732 SV

292 2760 320 2795 9
360 2748 409 2788 ἄν
437 2759 520 2786 om.
550 2746 688 2785 ABC
912 2758 962 2793 14
995 2744 1222 2795 λιπομένων
1247 2743 1297 2792 ἧν
1324 2743 1555 2783 Schaefer:
1593 2744 1644 2793 ἣν
1668 2745 1892 2796 λιπομένων
1917 2746 1952 2786 C

296 2802 443 2854 (λειπ.)
466 2801 500 2840 Ρ
515 2802 553 2841 R
570 2801 601 2841 S
614 2801 652 2840 V
668 2819 676 2841 :
710 2800 760 2848 ἧν
782 2799 1000 2850 λειπομένη
1020 2798 1060 2837 Α
1074 2799 1109 2837 Β
1299 2798 1350 2838 18
1378 2798 1570 2838 lacunam
1591 2805 1688 2850 post
1705 2800 1784 2854 γὰρ
1803 2801 1952 2840 statuit

294 2855 417 2894 Stein
583 2855 812 2908 νεοτροπίου
833 2854 864 2894 S
878 2855 918 2894 V
1116 2866 1170 2892 22
1201 2852 1348 2896 Ξάνθου
1370 2853 1506 2892 Cobet
1696 2867 1749 2904 23
1777 2871 1846 2905 μιν
1863 2867 1945 2894 om.

292 2909 333 2947 A
347 2909 430 2948 BC
560 2909 605 2951 δὲ
646 2922 727 2949 orn.
766 2910 858 2949 RV
1039 2921 1090 2957 24
1135 2915 1282 2949 Μιτυλ.
1325 2907 1359 2945 L
1543 2908 1597 2946 26
1637 2909 1774 2957 ἠλευθ.
1814 2908 1854 2947 R
1869 2906 1952 2949 SV

293 2965 346 3004 28
375 2965 423 3007 ἂν
443 2963 524 3005 del.
549 2964 747 3018 Krueger
857 2964 1062 3005 Ῥοδώπιος
1081 2963 1351 3003 Valckenaer
1459 2962 1617 3014 τοιήνδε
1638 2963 1678 3002 R
1693 2963 1723 3005 S
1736 2964 1775 3003 V

1983 1845 2034 1873 20

1979 2264 2028 2307 ²5
