2098 3320
698 113 1082 163 ΙΣΤΟΡΙΩΝ
1145 118 1191 165 Δ
1702 97 1705 100 ’
1822 117 1910 167 lv,
1936 129 2029 178 130

0 243 508 352 ζάτῶν-προβάτων
538 249 636 297 τῶν
666 244 928 313 σφετέρων
965 246 1124 299 αὐτῶν
1164 248 1486 301 καταλίποιεν
1521 251 1646 314 μετὰ
1682 254 1780 300 τῶν

11 355 13 358 ·
110 328 316 396 νομέων,
354 329 494 382 αὐτοὶ
534 328 596 382 ἂν
630 329 973 395 ὑπεξήλαυνον
1014 333 1065 385 ἐς
1105 331 1268 385 ἄλλον
1307 338 1488 401 χῶρον·
1536 336 1582 385 οἱ
1624 335 1676 386 δὲ
1717 333 1778 386 ἂν

112 414 309 484 Πέρσαι
355 415 655 469 ἐπελθόντες
699 413 962 480 λάβεσκον
1009 418 1070 467 τὰ
1120 417 1354 483 πρόβατα
1404 418 1482 469 καὶ
1528 418 1779 483 λαβόντες

109 500 351 572 ἐπῄροντο
386 497 449 551 ἂν
483 504 551 570 τῷ
588 499 919 570 πεποιημένῳ.
1008 500 1256 554 πολλάκις
1292 503 1345 554 δὲ
1382 503 1604 555 τοιούτου
1640 523 1774 570 γινο-
1818 519 1896 568 131

62 605 84 646 5
108 582 263 651 μένου
290 582 436 638 τέλος
467 585 682 651 Δαρεῖός
711 598 766 636 τε
799 586 854 636 ἐν
885 585 1124 657 ἀπορίῃσι
1158 586 1324 654 εἴχετο
1357 586 1434 638 καὶ
1472 589 1518 638 οἱ
1551 586 1780 639 Σκυθέων

108 666 353 735 βασιλέες
401 669 644 734 μαθόντες
692 672 837 720 τοῦτο
889 669 1111 735 ἔπεμπον
1164 668 1345 737 κήρυκα
1397 674 1530 738 δῶρα
1580 673 1778 741 Δαρείῳ

110 752 332 821 φέροντα
362 751 535 821 ὄρνιθά
565 774 619 806 τε
650 753 729 805 καὶ
757 758 852 819 μῦν
884 755 962 805 καὶ
991 752 1254 822 βάτραχον
1279 756 1358 807 καὶ
1389 754 1587 809 ὀϊστοὺς
1610 754 1775 808 πέντε.

111 835 308 906 Πέρσαι
344 840 399 890 δὲ
433 837 519 890 τὸν
556 836 775 906 φέροντα
809 831 870 890 τᾶ
907 841 1038 905 δῶρα
1074 839 1369 905 ἐπειρώτεον
1404 839 1493 892 τὸν
1528 839 1645 892 νόον
1681 845 1779 892 τῶν
1816 858 1842 890 2

109 921 394 988 διδομένων·
442 924 469 973 ὁ
498 925 551 975 δὲ
582 923 725 975 οὐδὲν
749 922 846 990 ἔφη
879 925 924 975 οἱ
946 915 1269 975 ’ἐπεστάλθαι
1298 922 1428 975 ἄλλο
1459 919 1489 988 ἢ
1520 925 1667 976 δόντα
1689 924 1780 989 τὴν

39 1025 88 1056 10
108 1008 356 1076 ταχίστην
386 1005 833 1059 ἀπαλλάσσεσθαι·
880 1007 1055 1062 αὐτοὺς
1091 1010 1144 1060 δὲ
1173 1008 1287 1062 τοὺς
1319 1008 1525 1075 Πέρσας
1562 1007 1776 1068 ἐκέλευε,

110 1093 153 1144 εἰ
198 1092 358 1160 σοφοί
398 1093 514 1151 εἶσι,
561 1097 748 1159 γνῶναι
790 1091 847 1143 τὸ
894 1091 1031 1144 θέλει
1074 1094 1134 1143 τὰ
1179 1095 1310 1160 δῶρα
1352 1092 1538 1160 λέγειν.
1627 1097 1780 1145 ταῦτα

109 1175 413 1231 ἀκούσαντες
457 1179 504 1229 οἱ
545 1175 744 1245 Πέρσαι
787 1176 1139 1243 ἐβουλεύοντο.
1230 1179 1445 1245 Δαρείου
1487 1176 1580 1244 μέν
1625 1199 1712 1230 νυν
1747 1178 1776 1244 ἡ
1816 1191 1906 1242 132

109 1261 279 1330 γνώμη
317 1259 376 1326 ἦν
407 1261 599 1315 Σκύθας
637 1265 801 1332 ἑωυτῷ
839 1262 1029 1314 διδόναι
1067 1261 1233 1330 σφέας
1268 1284 1322 1314 τε
1360 1261 1534 1315 αὐτοὺς
1570 1263 1648 1315 καὶ
1683 1265 1778 1330 γῆν

108 1367 163 1398 τε
195 1345 275 1398 καὶ
303 1347 449 1413 ὕδωρ,
476 1345 682 1410 εἰκάζων
705 1347 838 1418 τῇδε,
867 1347 933 1400 ὡς
961 1350 1054 1412 μῦς
1083 1349 1175 1412 μὲν
1206 1349 1260 1399 ἐν
1284 1348 1346 1418 γῇ
1371 1349 1561 1414 γίνεται
1593 1346 1778 1413 καρπὸν

12 1447 85 1491 ’15
108 1429 197 1483 τὸν
225 1430 374 1483 αὐτὸν
399 1431 642 1501 ἀνθρώπῳ
676 1432 981 1497 σιτεόμενος,
1007 1430 1267 1500 βάτραχος
1298 1434 1351 1483 δὲ
1382 1433 1436 1483 ἐν
1465 1433 1620 1491 ὕδατι,
1646 1434 1780 1499 ὄρνις

109 1517 165 1569 δὲ
193 1515 416 1582 μάλιστα
439 1515 544 1569 οἶκε
567 1517 717 1587 ἵππῳ,
745 1515 860 1571 τοὺς
890 1519 945 1569 δὲ
974 1516 1175 1571 ὀϊστοὺς
1201 1517 1266 1570 ὡς
1287 1515 1378 1581 τὴν
1403 1519 1597 1569 ἑωυτῶν
1621 1516 1780 1581 ἀλκὴν

108 1603 451 1668 παραδιδοῦσι.
527 1602 646 1667 αὕτη
677 1603 769 1667 μὲν
795 1602 990 1671 Δαρείῳ
1024 1600 1321 1654 ἀπεδέδεκτο
1349 1602 1379 1666 ἡ
1411 1602 1598 1669 γνώμη,
1632 1587 1775 1653 σῦνε-
1815 1621 1839 1652 2

109 1683 291 1750 στήκεε
335 1688 389 1738 δὲ
425 1686 577 1758 ταύτῃ
617 1675 675 1758 τῇ
718 1686 889 1758 γνώμῃ
930 1686 959 1751 ἡ
1002 1685 1265 1753 Γωβρύεω,
1306 1690 1405 1738 τῶν
1451 1687 1642 1752 ἀνδρῶν
1682 1690 1781 1737 τῶν

109 1771 235 1822 ἑπτὰ
270 1768 381 1824 ἑνὸς
416 1775 515 1823 τῶν
551 1770 640 1823 τὸν
676 1770 838 1839 μάγον
875 1771 1205 1830 κατελόντων,
1240 1770 1518 1835 εἰκάζοντος
1552 1773 1614 1821 τὰ
1651 1773 1782 1837 δῶρα

36 1876 87 1906 20
108 1852 297 1922 λέγειν·
332 1853 441 1908 *Ην
463 1854 530 1921 μὴ
555 1857 748 1922 ὄρνιθες
770 1855 1032 1923 γενόμενοι
1055 1856 1347 1920 ἀναπτῆσθε
1370 1857 1420 1909 ἐς
1442 1855 1530 1907 τὸν
1553 1856 1778 1922 οὐρανόν,
1818 1880 1841 1923 3

109 1935 147 1990 ‹T›
189 1938 403 2006 Πέρσαι,
445 1935 476 2004 ἢ
518 1939 639 2006 μύες
681 1941 943 2008 γενόμενοι
988 1942 1112 1992 κατὰ
1155 1943 1243 2005 τῆς
1282 1943 1374 2008 γῆς
1420 1940 1707 2004 καταδύητε,
1751 1936 1780 2003 ἢ

109 2021 360 2093 βάτραχοι
391 2026 651 2092 γενόμενοι
690 2026 741 2079 ἐς
770 2026 859 2079 τὰς
896 2026 1078 2091 λίμνας
1109 2023 1446 2090 ἐσπηδήσητε,
1479 2025 1566 2076 οὐκ
1596 2026 1778 2076 ἀπονο-

109 2106 324 2172 στήσετε
376 2109 538 2162 ὀπίσω
586 2109 682 2162 ὑπὸ
734 2113 890 2162 τῶνδε
940 2114 1037 2162 τῶν
1084 2108 1399 2175 τοξευμάτων
1450 2109 1778 2175 βαλλόμενοι.

111 2191 309 2260 Πέρσαι
344 2196 437 2260 μὲν
473 2194 530 2259 δὴ
564 2190 736 2261 <οὕτω>
768 2196 829 2246 τὰ
867 2197 999 2261 δῶρα
1036 2195 1244 2258 ε’ίκαζον,
1278 2194 1308 2259 ἡ
1346 2196 1398 2245 δὲ
1436 2192 1664 2245 Σκυθέων
1693 2194 1780 2258 μία
1818 2206 1907 2254 133

35 2295 84 2337 25
107 2281 256 2343 μοῖρα
290 2278 320 2343 ἡ
356 2282 603 2347 ταχθεῖσα
638 2280 880 2347 πρότερον
915 2281 1007 2344 μὲν
1044 2281 1177 2345 παρὰ
1212 2278 1303 2343 τὴν
1341 2282 1559 2343 Μαιῆτιν
1595 2279 1780 2342 λίμνην

109 2361 388 2430 φρουρέειν,
420 2364 534 2416 τότε
569 2366 622 2416 δὲ
661 2363 742 2417 ἐπὶ
772 2362 859 2416 τὸν
882 2362 1088 2430 Ἴστρον
1111 2362 1258 2414 Ἴωσι
1295 2364 1346 2416 ἐς
1382 2363 1563 2430 λόγους
1595 2364 1777 2420 ἐλθεῖν,

167 2511 185 2538 1
231 2501 516 2543 καταλείποιεν
555 2501 590 2540 Β
607 2501 641 2540 Ρ
655 2500 694 2539 R
707 2500 746 2539 V
928 2512 955 2550 3
998 2499 1229 2547 ἐλάβεσκον
1271 2498 1304 2537 L
1492 2512 1517 2547 4
1562 2501 1778 2551 ἐπειρῶντο

110 2555 150 2595 R
164 2555 244 2596 SV
354 2555 573 2609 ποιευμένῳ
595 2556 629 2595 C
739 2554 961 2609 γενομένου
982 2554 1013 2594 S
1167 2565 1192 2602 5
1224 2556 1267 2594 ἐν
1288 2565 1371 2592 om.
1397 2551 1431 2590 E
1591 2566 1612 2602 7
1645 2552 1779 2606 ὄρνιθά

107 2610 240 2658 (οθάςῖ
262 2610 316 2661 C)
334 2641 344 2652 .
365 2641 375 2651 .
395 2639 406 2649 .
426 2610 602 2665 φέροντα
621 2624 706 2652 om.
726 2611 765 2650 R
906 2607 1121 2662 βάτραχόν
1144 2607 1366 2661 (βάθρακον
1387 2606 1533 2647 Schol.
1558 2606 1605 2646 ΙΙ.
1633 2615 1666 2648 Δ
1681 2619 1775 2656 243,

108 2664 226 2707 Eust.
250 2665 333 2707 Od.
363 2667 487 2718 1570)
507 2683 554 2707 τε
574 2668 638 2708 καὶ
661 2666 692 2707 S
706 2666 746 2705 V
885 2678 912 2715 9
941 2662 1165 2715 δεδομένων
1187 2663 1222 2700 Β
1379 2674 1423 2702 11
1460 2660 1590 2703 ἐθέλει
1610 2661 1698 2700 ΑΒ
1714 2661 1748 2699 C
1768 2677 1778 2701 ε

108 2719 240 2762 ἐθέλοι
261 2720 297 2760 Ε
522 2733 569 2771 15
600 2720 819 2775 βάτραχον.
835 2720 874 2759 R
1112 2719 1162 2757 16
1192 2716 1360 2770 ἔοικε(ν)
1385 2717 1419 2756 L
1584 2715 1656 2767 ὥς]
1682 2720 1722 2758 ἐς
1744 2716 1778 2755 Ε

111 2787 159 2846 {7
188 2776 375 2849 ἡΙγνῶμη
394 2777 506 2818 ἀπεδ.
535 2777 620 2815 PR
638 2776 719 2816 SV
885 2772 1114 2822 συνέστηκε
1138 2772 1181 2844 Ῑὶε
1403 2772 1453 2810 18
1483 2774 1534 2842 Τῇ
1561 2772 1702 2839 γνώμῃ
1730 2770 1776 2820 ἡ]

109 2829 1060 2936 w¹³2¹}{Ymffiff12222·1{³35<4w02>
1085 2840 1134 2878 ¹⁹
1164 2827 1567 2930 ενὸᾏῖῐῒῆἓεωῖνίἕ
1587 2839 1778 2922 ’Ἧι

107 2939 223 2981 δύετε
247 2940 285 2978 R
411 2954 464 2980 22
495 2942 755 2990 ἐσπηδήσατε
780 2940 870 2978 RV
995 2950 1047 2987 23
1078 2936 1348 2987 βουλλόμενοι
1374 2937 1410 2975 R
1541 2950 1591 2985 24
1624 2938 1729 2976 οὕτω
1751 2936 1776 2973 d

106 2993 221 3034 solus
331 2995 495 3046 ἥικαζον
515 2995 554 3034 Α
570 2996 604 3034 Β
