2098 3320
0 112 4 114 ,
36 70 127 120 111.
157 73 231 133 69

202 378 230 422 6

162 978 231 1031 70

178 1904 231 1955 71

887 70 1318 120 ΗΡΟΔΟΤΟὙ

272 199 684 268 κατεργάσεσθαι,
726 205 813 253 τοῦ
852 204 905 253 δὲ
949 201 1112 269 μάγου
1155 202 1329 254 τούτου
1364 205 1452 254 τοῦ
1496 200 1731 268 Σμέρδιος
1774 203 1933 268 Κῦρος

268 286 296 337 6
335 284 622 351 Καμβύσεω
661 284 830 354 ἄρχων
870 288 931 338 τὰ
973 284 1076 338 ὦτα
1115 285 1336 352 ἀπέταμε
1372 285 1448 338 ἐπ’
1478 286 1610 357 αἰτίῃ
1650 283 1708 350 δή
1744 306 1842 337 τινι
1876 284 1934 337 οὗ

269 369 469 440 σμικρῇ.
555 369 585 434 ἡ
631 366 700 421 ῶν
743 369 801 434 δὴ
847 371 1093 436 Φαιδυμίη
1139 371 1277 433 αὕτη,
1318 370 1347 435 ἡ
1391 374 1479 422 τοῦ
1519 367 1741 439 Ὀτάνεω
1780 368 1931 437 θυγά-

268 474 376 519 τηρ,
423 452 586 504 πάντα
631 453 960 506 ἐπιτελέουσα
1010 456 1072 506 τὰ
1115 453 1386 520 ὑπεδέξατο
1436 459 1504 524 τῷ
1557 455 1720 520 πατρί,
1769 454 1933 506 ἐπείτε

270 538 418 602 αὐτῆς
447 536 596 604 μέρος
628 539 820 605 ἐγίνετο
855 542 941 603 τῆς
977 537 1171 603 ἀπίξιος
1209 540 1342 606 παρὰ
1375 538 1461 590 τὸν
1496 538 1658 606 μάγον
1686 534 1760 602 (ἐν
1795 558 1930 604 περι-

270 629 428 694 τροπῇ
459 623 554 688 γὰρ
585 621 642 686 δὴ
675 624 725 674 αἱ
756 628 984 690 γυναῖκες
1010 628 1226 691 φοιτῶσι
1255 627 1389 675 τοῖσι
1422 618 1686 694 Πέρσῃσι),
1713 624 1934 673 ἐλθοῦσα

270 705 383 772 παρ’
414 704 564 758 αὐτὸν
595 706 727 770 ηὗδε,
760 706 1048 773 ὑπνωμένου
1081 709 1134 759 δὲ
1172 712 1415 774 καρτερῶς
1451 711 1538 758 τοῦ
1572 705 1733 773 μάγου
1761 704 1933 773 ἤφασε

269 792 331 841 τὰ
361 787 476 842 ὦτα.
550 794 778 856 μαθοῦσα
809 795 861 844 δὲ
886 791 942 843 οὐ
971 796 1206 860 χαλεπῶς
1236 791 1351 843 ἀλλ’
1377 790 1618 845 εὐπετέως
1641 790 1727 842 οὐκ
1751 789 1933 858 ἔχοντα

269 873 356 926 τὸν
407 873 560 941 ἄνδρα
610 871 727 934 ῶτα,
782 875 848 930 ὡς
897 874 1050 942 ἡμέρη
1110 875 1326 944 τάχιστα
1385 876 1629 943 ἐγεγόνεε,
1684 873 1934 941 πέμψασα

269 956 491 1024 ἐσήμηνε
521 963 587 1029 τῷ
620 960 766 1027 πατρὶ
797 961 858 1011 τὰ
889 961 1149 1027 γενόμενα.
1238 961 1264 1010 6
1294 963 1347 1012 δὲ
1379 958 1593 1024 Ὀτάνης
1623 959 1933 1027 παραλαβὼν

270 1042 583 1108 Ἀσπαθίνην
615 1043 694 1095 καὶ
725 1044 982 1111 Γωβρύην,
1018 1043 1260 1111 Περσέων
1297 1066 1351 1097 τε
1388 1043 1608 1111 πρώτους
1645 1044 1815 1096 ἐόντας
1853 1041 1934 1094 καὶ

270 1129 434 1198 ἑωυτῷ
466 1127 870 1192 ἐπιτηδεοτάτους
893 1130 944 1182 ἐς
974 1130 1162 1188 πίστιν,
1190 1127 1487 1196 ἀπηγήσατο
1510 1131 1609 1180 πᾶν
1632 1127 1689 1179 τὸ
1713 1130 1930 1194 πρῆγμα·

268 1213 316 1264 οἱ
339 1214 392 1264 δὲ
414 1212 493 1263 καὶ
512 1212 649 1264 αὐτοὶ
668 1211 763 1279 ἄρα
785 1213 1075 1266 ὑπώπτευον
1099 1214 1225 1265 οὕτω
1250 1217 1393 1264 τοῦτο
1417 1212 1569 1280 ἔχειν,
1592 1212 1932 1264 ἀνενείκαντος

269 1297 322 1348 δὲ
371 1301 456 1347 τοῦ
503 1295 726 1349 Ὀτάνεω
777 1297 892 1351 τοὺς
942 1298 1123 1365 λόγους
1176 1295 1423 1362 ἐδέξαντο.
1513 1296 1594 1348 καὶ
1646 1293 1785 1360 ἔδοξέ
1836 1301 1933 1363 σφι

270 1380 484 1432 ἕκαστον
535 1379 690 1448 ἄνδρα
749 1380 992 1449 Περσέων
1051 1383 1535 1448 προσεταιρίσασθαι
1586 1385 1762 1432 τοῦτον
1809 1380 1931 1449 ὅτεῳ

270 1465 495 1516 πιστεύει
524 1464 762 1530 μάλιστα.
852 1466 1065 1530 Ὀτάνης
1093 1465 1186 1531 μέν
1216 1487 1302 1518 νυν
1334 1465 1570 1533 ἐσάγεται
1594 1462 1930 1532 Ἰνταφρένεα,

270 1548 510 1616 Γωβρύης
552 1552 605 1602 δὲ
647 1549 967 1617 Μεγάβυζον,
1010 1549 1319 1615 Ἀσπαθίνης
1359 1553 1412 1602 δὲ
1453 1547 1711 1616 Ὑδάρνεα.
1785 1559 1929 1615 γεγοὲ

270 1633 428 1685 νότων
469 1636 522 1685 δὲ
564 1633 750 1687 τούτων
792 1632 851 1699 ἓξ
887 1636 1209 1702 παραγίνεται
1250 1636 1300 1688 ἐς
1340 1636 1400 1686 τὰ
1446 1638 1615 1685 Σοῦσα
1655 1636 1866 1699 Δαρεῖος
1905 1632 1933 1683 6

268 1715 589 1772 Ὑστάσπεος
620 1720 674 1770 ἐκ
699 1717 940 1786 Περσέων
963 1719 1113 1783 ἥκων·
1159 1718 1346 1771 τούτων
1369 1721 1463 1786 γὰρ
1487 1718 1545 1783 δὴ
1571 1717 1631 1783 ἣν
1654 1719 1699 1770 οἱ
1724 1718 1751 1768 6
1773 1714 1933 1782 πατὴρ

268 1802 505 1870 ὕπαρχος.
599 1802 707 1855 ἐπεὶ
743 1801 810 1855 ῶν
852 1803 993 1857 οὗτος
1032 1803 1251 1862 ἀπίκετο,
1285 1807 1418 1855 τοῖσι
1460 1801 1519 1868 ἓξ
1553 1807 1652 1854 τῶν
1693 1799 1934 1867 Περσέων

272 1882 413 1948 ἔδοξε
445 1887 524 1938 καὶ
558 1890 774 1954 Δαρεῖον
803 1887 1302 1954 προσεταιρίσασθαι.
1351 1887 1677 1939 συνελθόντες
1713 1888 1766 1938 δὲ
1799 1884 1934 1936 οὗτοι

272 1970 436 2023 ἐόντες
468 1972 594 2022 ἑπτὰ
626 1971 859 2023 ἐδίδοσαν
892 1972 1047 2038 σφίσι
1075 1972 1257 2038 λόγους
1294 1972 1374 2023 καὶ
1410 1973 1610 2025 πίστις.<
1682 1970 1844 2022 ἐπείτε
1880 1970 1933 2020 δὲ

270 2054 322 2106 ἐς
355 2058 569 2120 Δαρεῖον
601 2055 804 2107 ἀπίκετο
835 2056 1037 2122 γνώμην
1069 2055 1457 2122 ἀποφαίνεσθαι,
1492 2053 1638 2122 ἔλεγέ
1672 2060 1768 2121 σφι
1797 2051 1930 2104 τάδε·

271 2136 406 2204 Ἐγὼ
447 2143 600 2190 ταῦτα
641 2139 840 2191 ἐδόκεον
878 2142 971 2204 μὲν
1012 2139 1157 2192 αὐτὸς
1196 2144 1373 2204 μοῦνος
1414 2140 1731 2196 ἐπίστασθαι,
1764 2139 1839 2188 ὅτι
1879 2157 1930 2188 τε

274 2222 299 2271 6
328 2220 486 2287 μάγος
518 2224 590 2286 εἴη
624 2223 649 2273 ὁ
680 2223 974 2287 βασιλεύων
1006 2223 1085 2274 καὶ
1118 2222 1325 2290 Σμέρδις
1349 2224 1375 2274 6
1410 2223 1568 2289 Κύρου
1598 2220 1930 2284 τετελεύτηκε·

274 2306 352 2356 καὶ
384 2305 532 2357 αὐτοῦ
568 2306 741 2359 τούτου
774 2308 958 2359 εἵνεκεν
994 2307 1094 2372 ἥκω
1128 2311 1321 2380 σπουδῇ
1358 2307 1422 2360 ὡς
1456 2305 1724 2372 συστήσων
1755 2305 1835 2357 ἐπὶ
1865 2309 1932 2374 τῷ

332 2456 347 2481 1
384 2444 709 2499 κατεργάσασθαι
731 2445 768 2484 R
784 2446 814 2485 S
828 2446 865 2484 V
964 2446 1034 2485 alt.
1054 2430 1127 2486 τοί)
1149 2459 1227 2485 om.
1252 2446 1288 2485 R
1303 2446 1334 2486 S
1348 2446 1385 2483 V
1506 2458 1530 2484 2
1562 2419 1731 2496 ὑπέτεμε
1747 2445 1804 2484 C:
1841 2442 1932 2485 ἀπέ-

275 2515 371 2549 τεμε
394 2499 483 2539 rell.
626 2513 651 2549 3
680 2499 856 2551 Φαιδύμη
873 2501 906 2539 C
922 2500 955 2539 P
1092 2512 1117 2550 5
1150 2500 1313 2553 αὐτῆ(ι>
1337 2501 1370 2540 Ρ
1385 2500 1423 2538 R
1438 2500 1467 2540 S
1483 2500 1518 2539 V
1628 2500 1784 2553 ἆπάξιος
1802 2501 1839 2539 R
1854 2500 1884 2539 S
1898 2500 1935 2537 V

274 2555 300 2591 6
339 2552 547 2604 φοιτέουσι
582 2554 618 2592 Α
636 2555 669 2593 Β
686 2555 718 2593 Ρ
736 2569 743 2593 :
788 2554 900 2596 ·ε’ωσι
933 2556 966 2594 C
1154 2569 1175 2604 7
1220 2557 1271 2604 ἢν
1304 2554 1347 2596 δὲ
1383 2556 1416 2593 C
1536 2557 1700 2607 ἤφασσε
1738 2555 1769 2593 Ρ
1784 2556 1820 2594 R
1836 2557 1866 2595 S
1880 2554 1934 2592 Vc

264 2621 293 2645 .1
308 2620 323 2645 1
358 2609 617 2658 Ἀσπαθήνην
639 2610 677 2648 R
696 2623 704 2647 ε
736 2610 876 2658 -θόνην
900 2610 929 2648 S
944 2610 981 2648 V
1093 2616 1207 2663 Γοβρ.
1234 2610 1273 2649 Α
1287 2610 1320 2648 Β
1337 2611 1369 2648 C
1386 2610 1418 2649 P
1431 2609 1486 2648 V⁰
1601 2622 1648 2648 12
1669 2610 1934 2662 ἆπηγήσαντο

278 2662 314 2699 R
331 2663 361 2703 S
495 2676 544 2713 13
574 2663 717 2704 ὑπόπτ.
744 2664 774 2703 S
788 2664 826 2702 V
937 2664 1166 2707 ἀνείκαντος
1190 2666 1227 2704 R
1243 2665 1272 2704 S
1285 2665 1324 2704 V
1457 2677 1503 2713 14
1535 2663 1723 2706 Ὀτάνεος
1743 2665 1781 2703 Α
1796 2665 1830 2703 Β
1848 2665 1885 2702 R
1900 2663 1936 2701 V

282 2729 327 2767 15
359 2719 459 2769 ὅτεῳ
481 2717 636 2757 Struve
656 2734 664 2758 :
694 2720 788 2760 ὅτωι
812 2718 851 2757 Α
866 2719 899 2758 Β
915 2718 975 2758 P:
1003 2721 1107 2760 οὕτω
1130 2720 1187 2760 C:
1217 2723 1273 2759 τῶ
1296 2720 1334 2758 R
1349 2719 1430 2759 SV
1572 2721 1620 2757 16
1648 2718 1853 2760 πιστεύειν
1874 2719 1907 2757 C
1926 2731 1936 2757 ε

276 2772 458 2813 πιστεύοι
483 2773 753 2812 Herwerden
866 2773 1072 2826 εἰσάγεται
1097 2775 1129 2813 L
1241 2775 1405 2828 -φέρνεα
1424 2773 1461 2812 Α
1478 2774 1511 2812 Β
1528 2774 1561 2813 C
1575 2774 1608 2813 P
1735 2786 1781 2823 17
1814 2778 1930 2826 Γοβρ.

278 2826 311 2864 C
326 2827 359 2865 P
452 2828 590 2876 -θήνης
606 2828 641 2866 R
657 2827 714 2867 V:
745 2828 880 2877 -θόνης
894 2828 923 2867 S
1035 2842 1086 2867 22
1109 2829 1244 2870 πίστις
1260 2831 1322 2869 καὶ
1339 2828 1488 2881 λόγους
1503 2828 1542 2867 Α
1556 2828 1590 2867 Β
1606 2828 1639 2867 C
1655 2827 1687 2866 P
1778 2828 1935 2869 πίστεις

280 2881 368 2919 RV
546 2895 598 2931 23
628 2883 794 2923 ἀπίκετο
825 2886 864 2924 ἐς
896 2891 991 2936 Δαρ.
1026 2884 1064 2922 R
1080 2884 1161 2923 SV
1269 2884 1411 2935 γνώμη
1445 2883 1534 2921 RV
1647 2890 1764 2934 σφισι
1797 2883 1835 2921 R
1854 2882 1935 2922 SV

279 2947 331 2983 24
361 2934 434 2986 μὲν
457 2949 547 2976 om..
567 2937 600 2975 P
711 2940 764 2976 26
794 2938 934 2987 αὐτοῦ]
957 2938 1003 2978 αὖ
1027 2938 1066 2976 Α
1082 2938 1114 2975 Β
1131 2938 1164 2975 C

1957 558 1979 599 5

1959 976 2009 1005 10

1960 1401 2047 1442 15·

1959 1821 2010 1848 20

1961 2239 2007 2279 ²5
