2098 3320
7 96 43 144 I.
68 108 167 157 207

830 95 1265 143 HPOAOTOT
1785 84 1800 106 χ

211 229 433 280 κίνδυνος
454 227 542 279 ἔνι·
591 226 839 279 ἑσσωθεὶς
857 228 949 292 μὲν
975 222 1382 294 προσαπολλύεις
1402 229 1571 278 πᾶσαν
1593 225 1683 290 τὴν
1706 224 1882 294 ἀρχήν·

207 314 338 375 δῆλα
366 313 462 378 γὰρ
493 310 551 374 δὴ
584 311 659 361 ὅτι
685 315 916 364 νικῶντες
939 309 1279 378 Μασσαγέται
1309 309 1367 361 οὗ
1396 314 1453 361 τὸ
1483 311 1646 362 ὀπίσω
1671 309 1880 378 φεύξον-

207 416 290 447 ται
320 395 435 446 ἀλλ’
477 394 553 447 ἐπ’
595 396 755 462 ἀρχὰς
784 396 871 448 τὰς
903 396 998 449 σὰς
1031 397 1201 446 ἐλῶσι.
1291 399 1440 446 νικῶν
1471 397 1524 462 δε
1547 394 1604 445 οὐ
1633 401 1770 464 νικᾷς
1799 415 1879 446 το-

209 484 391 530 σοῦτον
427 480 552 530 ὅσον
597 480 639 530 εἰ
683 480 862 544 διαβὰς
899 481 949 532 ἐς
980 478 1070 543 τὴν
1112 479 1314 530 ἐκείνων
1346 482 1495 530 νικῶν
1537 478 1882 545 Μασσαγέτας

209 565 348 616 ἕποιο
396 564 658 630 φεύγουσι·
706 563 864 614 τώυτὸ
893 565 988 630 γὰρ
1037 561 1288 627 ἀντιθήσω
1339 562 1526 631 ἐκείνῳ,
1565 563 1649 623 ὅτι
1674 560 1882 626 νικήσας
1905 584 1928 624 5
1955 619 1972 630 ἢ,

207 648 320 700 τοὺς
351 646 698 712 ἀντιουμένους
723 649 842 717 ἐλᾷς
874 647 950 698 ἰθὺ
981 650 1067 711 τῆς
1099 648 1256 715 ἀρχῆς
1289 649 1375 710 τῆς
1397 646 1656 712 Τομύριος.
1730 647 1881 714 χωρίς

208 753 261 784 τε
308 737 394 782 τοῦ
443 729 766 798 ἀπηγημένου
809 730 1024 798 αἰσχρὸν
1063 731 1140 782 καὶ
1181 731 1266 781 οὐκ
1305 729 1590 799 ἀνασχετὸν
1624 731 1793 796 ,Κῦρόν
1823 752 1881 797 γε

207 816 293 868 τὸν
340 815 629 881 Καμβύσεω
681 816 877 881 γυναικὶ
931 813 1130 879 εἴξαντα
1181 817 1510 882 ὑποχωρῆσαι
1561 817 1649 878 τῆς
1698 815 1879 882 χώρης.

207 904 294 953 νῦν
339 897 406 951 ὧν
451 921 535 965 μοι
580 898 738 950 δοκέει
785 898 1057 965 διαβάντας
1104 902 1369 965 προελθεῖν
1423 899 1546 950 ὅσον
1596 896 1658 950 ἂν
1703 900 1880 950 ἐκεῖνοι

207 982 463 1048 ὑπεξίωσι,
513 986 739 1035 ἐνθεῦτεν
793 985 846 1035 δὲ
890 983 1007 1035 τάδε
1051 987 1309 1036 ποιεῦντας
1363 985 1629 1049 πειρᾶσθαι
1678 984 1880 1035 ἐκείνων
1909 1007 1958 1035 10

149 1080 176 1123 6
209 1070 569 1136 περιγίνεσθαι.
659 1068 724 1121 ὡς
761 1070 856 1135 γὰρ
894 1069 990 1135 ἐγὼ
1028 1066 1349 1133 πυνθάνομαι,
1394 1065 1734 1134 Μασσαγέται
1781 1068 1879 1119 εἶσὶ

72 1993 174 2040 208

0 2401 198 2491 ᾗ

208 1154 408 1220 ἀγαθῶν
459 1174 513 1204 τε
565 1156 830 1219 Περσικῶν
874 1151 1068 1219 ἄπειροι
1121 1152 1200 1203 καὶ
1253 1155 1419 1203 καλῶν
1470 1150 1706 1218 μεγάλων
1752 1152 1876 1204 ἀπα-
1944 1165 1952 1167 ’

209 1237 331 1290 θέες.
422 1237 644 1288 τούτοισι
680 1233 748 1288 ὧν
785 1241 920 1288 τοῖσι
950 1235 1163 1303 ἀνδράσι
1198 1241 1297 1287 τῶν
1335 1235 1602 1302 προβάτων
1638 1228 1880 1303 ἀφειδέως

209 1324 378 1374 πολλὰ
432 1322 812 1388 κατακόψαντας
871 1320 951 1372 καὶ
1005 1319 1347 1373 σκευάσαντας
1401 1323 1657 1387 προθεῖναι
1708 1321 1762 1372 ἐν
1811 1325 1879 1389 τῷ

211 1404 532 1474 στρατοπέδῳ
591 1410 658 1474 τῷ
717 1404 935 1475 ἡμετέρῳ
997 1408 1155 1463 δαῖτα,
1209 1404 1330 1471 πρὸς
1390 1406 1443 1456 δὲ
1504 1404 1583 1455 καὶ
1642 1406 1880 1471 κρητῆρας
1910 1427 1953 1472 ¹5

211 1489 456 1561 ἀφειδέως
508 1491 643 1541 οἴνου
690 1487 901 1556 ἀκρήτου
957 1490 1034 1541 καὶ
1091 1490 1226 1540 σιτία
1279 1492 1502 1540 παντοῖα·
1571 1487 1880 1553 ποιήσαντας

211 1578 264 1626 δὲ
311 1579 478 1632 ταῦτα,
534 1572 932 1639 ὑπολιπομένους
985 1576 1071 1638 τῆς
1126 1575 1361 1640 στρατιῆς
1406 1572 1463 1623 τὸ
1515 1568 1882 1639 φλαυρότατον,

193 1658 323 1712 ςτοὺς
373 1658 579 1711 λοιποὺς
630 1658 765 1711 αὖτις
817 1656 1179 1726 ἐξαναχωρέειν
1232 1657 1313 1709 ἐπὶ
1365 1655 1450 1708 τὸν
1495 1657 1732 1722 ποταμόν.
1819 1651 1880 1720 ἢν

211 1745 304 1811 γὰρ
343 1744 441 1810 ἐγὼ
483 1743 679 1809 γνώμης
714 1742 779 1808 μὴ
812 1740 1030 1809 ἁμάρτω,
1064 1747 1215 1794 κεῖνοι
1258 1742 1475 1806 ἰδόμενοι
1514 1741 1675 1805 ἀγαθὰ
1713 1742 1882 1792 πολλὰ

211 1826 486 1894 τρέψονταί
535 1848 588 1878 τε
642 1827 762 1893 πρὸς
810 1826 932 1877 αὐτὰ
981 1827 1060 1878 καὶ
1112 1826 1228 1892 ἡμῖν
1276 1825 1333 1876 τὸ
1386 1827 1613 1877 ἐνθεῦτεν
1656 1824 1881 1877 λείπεται
1901 1845 1958 1877 20

213 1911 441 1975 ἀπόδεξις
472 1910 631 1977 ἔργων
660 1909 910 1977 μεγάλων.

298 1995 498 2059 Γνῶμαι
557 1998 648 2060 μὲν
700 1995 843 2046 αὗται
889 1994 1228 2054 συνέστασαν,
1275 1998 1434 2059 Κῦρος
1489 1995 1542 2045 δὲ
1586 1993 1749 2059 μετεὶς
1791 1992 1881 2056 τὴν

213 2079 456 2145 προτέρην
514 2079 734 2146 γνώμην,
782 2078 871 2143 τὴν
924 2079 1142 2146 Κροίσου
1196 2081 1248 2130 δὲ
1295 2078 1533 2143 ἑλόμενος
1579 2077 1882 2144 προηγόρευε

211 2155 400 2229 Τομύρι
448 2162 807 2230 ἐξαναχωρέειν
849 2163 913 2217 ὡς
954 2162 1102 2214 αὐτοῦ
1143 2160 1514 2227 διαβησομένου
1555 2160 1632 2213 ἐπ’
1672 2157 1879 2226 ἐκείνη’ν.

213 2248 242 2311 ἡ
293 2249 385 2312 μὲν
433 2246 490 2311 δὴ
545 2245 848 2314 ἐξανεχώρεε
897 2249 1018 2298 κατὰ
1065 2245 1317 2314 ὑπέσχετο
1360 2251 1544 2312 πρῶτα.
1633 2249 1791 2312 Κῦρος
1829 2247 1882 2297 δὲ
1907 2262 1954 2304 25

216 2333 435 2397 Κροῖσον
465 2333 516 2384 ἐς
551 2332 638 2383 τὰς
675 2336 847 2398 χεῖρας
885 2331 1050 2384 ἐσθεῖς
1090 2335 1156 2400 τῷ
1203 2332 1383 2381 ἑωυτοῦ
1425 2329 1562 2382 παιδὶ
1608 2329 1877 2400 Καμβύσῃ,

214 2419 280 2484 τῷ
322 2436 414 2480 περ
455 2414 544 2478 τὴν
586 2415 864 2480 βασιληίην
906 2415 1082 2480 ἐδίδου,
1128 2414 1206 2465 καὶ
1247 2415 1416 2466 πολλὰ
1453 2412 1797 2478 ἐντειλάμενός
1834 2415 1880 2464 οἱ

272 2561 297 2599 5
335 2553 456 2591 τοῦτο
488 2550 660 2589 Dobree
926 2554 952 2589 6
991 2549 1313 2600 ἐναντιουμένους
1345 2548 1480 2588 RSV
1609 2550 1670 2590 ι’θὺ
1701 2549 1762 2587 C:
1799 2550 1880 2591 ἰθὺς

219 2604 307 2644 rell.
439 2605 511 2646 alt.
542 2608 616 2653 τῆς
645 2618 726 2645 om.
763 2604 843 2643 SV
887 2651 891 2655 y
943 2603 1154 2658 Τομύριδος
1187 2603 1320 2643 RSV
1485 2605 1511 2642 8
1549 2604 1807 2657 ἀποχωρῆσαι
1841 2603 1879 2641 R

217 2659 370 2713 χώρης]
401 2659 536 2711 μάχης
568 2659 704 2699 RSV
915 2673 941 2709 9
979 2659 1175 2706 διαβάντα
1207 2659 1342 2697 RSV
1457 2661 1695 2711 προσελθεῖν
1725 2657 1881 2697 C¹RV

221 2726 271 2752 10
300 2714 485 2766 ὑπεξίωσι
508 2714 654 2753 Stein:
686 2717 778 2764 διεξ.
808 2714 841 2751 L
1015 2727 1060 2753 11
1092 2712 1368 2766 περιγενέσθαι
1390 2712 1426 2750 Α
1444 2712 1572 2750 BCP
1739 2725 1786 2761 15
1815 2715 1878 2754 καὶ

218 2781 299 2807 om.
336 2768 472 2807 RSV
598 2785 709 2821 κρατ.
745 2768 836 2807 RV
1058 2780 1104 2818 17
1141 2770 1321 2808 ὑπολειπ.
1359 2766 1492 2805 RSV
1621 2766 1880 2819 φαυλότατον

218 2820 322 2860 A1C
490 2836 542 2861 20
580 2841 626 2863 τε
656 2836 737 2862 om.
771 2823 907 2862 Aldus
1062 2835 1110 2861 21
1153 2820 1346 2873 ἀπόδειξις
1378 2821 1513 2861 RSV
1660 2834 1711 2858 22
1741 2819 1876 2872 αὗται]

219 2877 357 2917 ἄλλων
379 2877 413 2914 Β
527 2877 775 2929 συνέσταξαν
798 2878 827 2916 S
841 2878 877 2917 V
1015 2890 1065 2930 24
1094 2884 1262 2932 Τομυριν
1284 2877 1323 2919 R
1338 2876 1418 2918 SV
1555 2889 1607 2929 25
1638 2877 1876 2933 ἐξαναχώρεε

221 2931 254 2970 C
270 2931 315 2994 P*
415 2934 512 2974 καθὰ
542 2931 581 2972 Α
595 2932 629 2970 Β
647 2932 685 2973 R.
703 2932 732 2971 S
749 2933 782 2969 V
