2098 3320
179 80 263 131 IV.
295 82 364 130 80

20 1778 212 1889 *3132

1028 80 1456 129 ΗΡΟΔΟΤΟΎ

401 208 640 270 ἐποιέετο,
675 207 994 278 ,καταφεύγει
1046 211 1097 265 ἐς
1147 210 1240 276 τὴν
1289 211 1528 278 Θρηίκην.
1616 212 1890 278 πυθόμενος
1935 216 1990 268 δὲ
2033 216 2062 267 ὁ

400 294 785 360 Ὀκταμασάδης
820 299 974 347 ταῦτα
1009 293 1334 362 ἐστρατεύετο
1370 295 1453 348 ἐπὶ
1487 295 1578 361 τὴν
1609 297 1850 363 Θρηίκην·
1897 299 2062 353 ἐπείτε

401 382 454 431 δὲ
491 380 573 432 ἐπὶ
608 383 675 449 τῷ
708 378 894 450 Ἴστρῳ
932 378 1145 447 ἐγένετο,
1191 378 1436 444 ἠντίασάν
1475 401 1561 445 μιν
1597 382 1644 432 οἱ
1676 379 1906 448 Θρήικες,
1937 389 2058 449 μελ-

348 508 352 510 ,
400 464 596 516 λόντων
645 466 698 515 δὲ
746 463 907 529 αὐτῶν
956 463 1204 531 συνάψειν
1256 464 1455 532 ἔπεμψε
1500 462 1747 530 Σιτάλκης
1790 468 1925 533 παρὰ
1950 466 2061 531 ,τὸν

302 1562 356 1610 81

291 1785 376 1814 Mt

331 1837 356 1867 2

402 545 788 614 Ὀκταμασάδην
818 546 983 616 λέγων
1014 546 1195 601 τοιάδε·
1242 549 1310 600 Τί
1337 552 1413 601 δεῖ
1439 545 1592 614 ἡμέας
1621 547 1861 614 ἀλλήλων
1890 571 2058 618 πειρη-
2083 576 2098 618 ξ

400 634 569 696 θῆναι,·
618 632 687 686 εἷς
716 630 810 698 μέν
838 655 930 699 μευ
959 635 1046 698 τῆς
1077 634 1330 700 ἀδελφεῆς
1360 636 1491 693 παῖς,
1525 633 1659 702 ἔχεις
1689 631 1744 686 δέ
1782 655 1875 701 μευ
1909 635 2057 688 ἀδελ-

400 717 543 783 φεόν.
632 714 694 769 σύ
741 716 783 768 τ’
829 718 939 783 ἐμοὶ
984 718 1171 772 ἀπόδος
1216 721 1391 770 τοῦτον
1435 717 1516 769 καὶ
1562 718 1660 785 ἐγὼ
1710 717 1793 770 σοὶ
1835 718 1922 772 τὸν
1966 719 2062 773 σὸν

400 798 594 866 Σκύλην
626 802 947 868 παραδίδωμι·
996 808 1204 875 στρατιῇ
1238 804 1292 853 δὲ
1314 799 1455 868 ,μήτε
1491 801 1556 854 σὺ
1592 799 1909 876 κινδυνεύσῃς
1945 801 2059 870 μήτ’

398 885 514 952 ἐγώ.
602 883 754 938 ταῦτά
783 889 829 938 οἱ
860 885 1065 954 πέμψας
1096 888 1123 937 ὁ
1155 883 1401 951 Σιτάλκης
1432 883 1828 954 ἐπεκηρυκεύετο·
1875 886 1936 952 ἦν
1964 889 2060 955 γὰρ

398 970 530 1036 παρὰ
553 973 619 1039 τῷ
645 968 1004 1042 Ὀκταμασάδῃ
1031 970 1276 1038 ἀδελφεὸς
1301 968 1555 1023 Σιτάλκεω
1581 971 1845 1039 πεφευγὼς
1866 975 2056 1025 τοῦτον.
2086 996 2098 1026 1

397 1054 423 1104 ὁ
455 1055 508 1105 δὲ
540 1052 927 1120 Ὀκταμασάδης
968 1053 1214 1107 καταινέει
1253 1060 1425 1116 ταῦτα,
1460 1054 1628 1109 ἐκδοὺς
1650 1058 1721 1108 δὲ
1755 1055 1842 1108 τὸν
1878 1058 2060 1108 ἑωυτοῦ

395 1136 599 1208 μήτρωα
618 1136 838 1211 Σιτάλκῃ
862 1139 1021 1205 ἔλαβε
1046 1140 1131 1191 τὸν
1150 1138 1400 1206 ἀδελφεὸν
1425 1137 1636 1204 Σκύλην.
1711 1140 1790 1192 καὶ
1814 1138 2059 1206 Σιτάλκης

395 1225 486 1287 μὲν
517 1225 831 1291 παραλαβὼν
866 1223 953 1275 τὸν
993 1223 1243 1291 ἀδελφεὸν
1282 1221 1519 1291 ἀπήγετο,
1554 1221 1753 1276 Σκύλεω
1791 1226 1845 1276 δὲ
1874 1223 2056 1277 Ὀκτα-

395 1304 622 1372 μασάδης
670 1309 819 1360 αὐτοῦ
865 1306 1016 1380 ταύτῃ
1062 1305 1283 1373 ἀπέταμε
1327 1307 1418 1372 τὴν
1463 1306 1706 1376 κεφαλήν.
1793 1308 1920 1360 οὕτω
1967 1311 2059 1374 μὲν

397 1390 790 1458 περιστέλλουσι
825 1394 886 1443 τὰ
924 1389 1149 1460 σφέτερα
1191 1393 1370 1457 νόμαια
1401 1389 1599 1451 Σκύθαι,
1634 1397 1765 1445 τοῖσι
1803 1394 1859 1444 δὲ
1898 1414 2055 1461 παρα·
2084 1417 2098 1446 1

399 1474 697 1541 κτωμένοισι
727 1475 965 1541 ξεινικοὺς
996 1477 1187 1549 νόμους
1205 1481 1406 1528 τοιαῦτα
1437 1477 1657 1555 ἐπιτίμια
1685 1480 1891 1529 διδοῦσι.

481 1563 687 1625 Πλῆθος
719 1564 771 1612 δε
801 1560 859 1613 τὸ
900 1560 1127 1614 Σκυθέων
1168 1561 1255 1632 οὐκ
1295 1562 1399 1614 οιός
1437 1581 1490 1613 τε
1532 1561 1774 1627 ἐγενόμην
1817 1552 2057 1628 ἀτρεκέως

395 1643 656 1705 πυθεσθαι,
689 1646 825 1696 ἀλλὰ
855 1646 1122 1712 διαφόρους
1152 1646 1336 1712 λόγους
1366 1645 1479 1712 περὶ
1509 1649 1596 1697 τοῦ
1625 1645 1832 1712 ἀριθμοῦ
1859 1644 2054 1710 ἤκουον·

397 1728 476 1780 καὶ
506 1731 604 1796 γὰρ
636 1728 790 1797 κάρτα
819 1729 1041 1783 πολλοὺς
1072 1730 1203 1782 εἶναί
1230 1736 1396 1797 σφεας
1432 1729 1512 1796 καὶ
1541 1730 1742 1796 ὀλίγους
1772 1729 1837 1783 ὦς
1867 1729 2059 1798 Σκύθας

396 1833 539 1865 ειναι.
613 1815 821 1867 τοσόνδε
850 1813 1022 1879 μέντοι
1054 1813 1335 1881 ἀπέφαινόν
1358 1834 1443 1878 μοι
1473 1815 1522 1867 ἐς
1546 1815 1684 1881 ὄψιν·
1730 1813 1842 1866 ἔστι
1871 1811 2056 1879 μεταξὺ
2081 1837 2098 1866 2

396 1897 735 1963 Βορυσθένεός
769 1920 823 1951 τε
859 1903 1081 1964 ποταμοῦ
1118 1899 1198 1950 καὶ
1227 1896 1463 1952 Ὑπάνιος
1496 1902 1673 1966 χῶρος,
1706 1898 1891 1964 οὕνομα
1919 1896 1975 1950 δέ
2008 1898 2061 1950 οἵ

397 1983 508 2034 ἐστι
538 1981 858 2049 Ἐξαμπαῖος,
892 1987 978 2035 τοῦ
1008 1983 1087 2034 καὶ
1118 1984 1272 2052 ὀλίγῳ
1303 2004 1350 2034 τι
1381 1983 1622 2050 πρότερον
1650 1982 1839 2035 τούτων
1859 1980 2056 2048 μνήμην

395 2065 551 2135 εἶχον,
598 2066 821 2134 φάμενος
867 2070 920 2120 ἐν
959 2068 1088 2138 αὐτῷ
1137 2066 1317 2134 κρήνην
1360 2067 1538 2120 ὕδατος
1581 2071 1756 2134 πικροῦ
1801 2065 1928 2119 εἶναι
1971 2065 2054 2119 ἀπ’

393 2150 450 2215 ῆς
479 2150 537 2202 τὸ
565 2153 693 2218 ὕδωρ
718 2150 961 2219 ἀπορρέον
984 2150 1071 2204 τὸν
1093 2150 1312 2204 ’Ὕπανιν
1334 2150 1521 2203 ἄποτον
1542 2150 1744 2204 ποιέειν.
1820 2152 1874 2204 ἐν
1896 2150 2053 2221 τούτῳ

393 2239 459 2304 τῷ
490 2235 635 2305 χώρῳ
667 2241 824 2288 κεῖται
859 2234 1118 2304 χαλκήιον,
1151 2235 1359 2303 μεγάθεϊ
1395 2235 1473 2287 καὶ
1509 2233 1817 2300 ἑξαπλήσιον
1850 2239 1937 2286 τοῦ
1973 2234 2054 2287 ἐπὶ
2078 2254 2098 2283 2

395 2320 606 2384 στόματι
649 2325 736 2372 τοῦ
781 2321 977 2373 Πόντου
1023 2323 1276 2388 κρητῆρος,
1323 2319 1410 2372 τὸν
1454 2321 1748 2384 Παυσανίης
1788 2320 1815 2371 ὁ
1857 2323 2050 2386 Κλεομ-

450 2470 467 2497 1
501 2461 556 2500 εἷς
579 2458 670 2497 RV
800 2459 975 2512 Θρηκίην
997 2458 1037 2497 R
1052 2458 1133 2498 SV
1155 2458 1220 2508 (it.
1242 2458 1288 2510 2)
1405 2456 1449 2499 δε
1469 2460 1490 2498 ὁ
1512 2469 1593 2496 om.
1619 2457 1654 2497 C
1693 2452 1697 2456 ’
1837 2469 1864 2508 3
1893 2457 2052 2510 ἐγίνετο

391 2514 431 2552 Α
447 2514 482 2552 Β
498 2513 531 2552 C
696 2513 869 2562 ἠντίασά
887 2531 955 2565 μιν
974 2514 1040 2553 V:
1070 2512 1325 2564 ἠντίασάμην
1346 2511 1386 2550 R
1573 2525 1598 2560 4
1628 2511 1846 2553 συνάπτειν
1867 2511 1901 2551 Ρ
1915 2511 1954 2550 R
1969 2511 2053 2552 SV

391 2572 474 2611 Σιδ.
499 2581 671 2618 semper
693 2568 731 2606 R
747 2568 777 2607 S
793 2569 830 2606 V
979 2570 1007 2607 6
1037 2570 1215 2620 ἀδελφῆς
1237 2568 1271 2606 C
1427 2579 1448 2616 7
1479 2566 1517 2607 τ’
1541 2568 1627 2618 ἐμοὶ
1655 2567 1880 2607 Schaefer:
1910 2565 1962 2607 τέ
1983 2583 2051 2617 μοι

393 2623 547 2663 PSV:
579 2623 624 2664 δέ
648 2640 715 2674 μοι
736 2622 826 2662 rell.
1056 2636 1106 2662 10
1134 2622 1224 2676 παρ’
1246 2625 1353 2674 αὐτῷ
1382 2621 1415 2660 C
1580 2621 1790 2665 Σιτάλκεω
1819 2621 2050 2661 cantabr*

392 2694 502 2718 -κεος
524 2678 558 2716 L
668 2681 815 2719 τοῦτον
835 2691 917 2716 om.
939 2676 978 2716 A
993 2677 1027 2716 B
1044 2678 1077 2716 C
1247 2690 1263 2715 1
1277 2691 1291 2715 1
1327 2676 1503 2717 ἐκδιδοὺς
1523 2674 1562 2713 Α
1577 2676 1612 2715 Β
1631 2676 1664 2714 C
1834 2688 1883 2714 12
1911 2676 2049 2728 μήτρω

393 2732 432 2769 R
450 2731 531 2770 SV
641 2732 828 2781 Σκύλην.
880 2733 1113 2784 ἀδελφεὸν
1142 2745 1223 2772 om.
1251 2732 1289 2769 R
1495 2742 1544 2779 13
1573 2733 1594 2770 ὖ
1619 2736 1719 2770 ante
1741 2729 1856 2771 ’.Οκτ
1877 2730 1972 2770 add.
1994 2727 2046 2768 C¹

395 2799 442 2833 14
473 2785 679 2837 ἆπέταμεν
699 2789 821 2827 αὐτοῦ
841 2786 970 2835 ταύτη
994 2787 1030 2825 R
1047 2786 1129 2826 SV
1284 2797 1330 2835 15
1363 2785 1476 2836 νόμαι
1500 2784 1569 2824 R:
1598 2785 1673 2836 νόμ
1677 2802 1722 2826 εα
1739 2784 1779 2823 V
1915 2797 1970 2823 20
1997 2786 2050 2826 ὣς

392 2841 482 2880 ἔστι
518 2840 558 2878 A
572 2841 607 2879 Β
623 2841 657 2880 C
879 2854 928 2879 21
972 2842 1062 2882 ἔστί
1095 2843 1133 2882 οἱ
1167 2840 1226 2879 P:
1259 2843 1372 2882 ἐστιν
1403 2840 1436 2878 C
1657 2852 1710 2878 22
1748 2839 1891 2891 ὀλίγον
1920 2838 1951 2877 S
1967 2837 2047 2890 [V]

390 2908 442 2943 24
463 2895 589 2937 ποιέει
613 2895 646 2934 Ρ
661 2896 700 2933 R
715 2896 745 2939 S
759 2895 796 2933 V
935 2908 986 2946 25
1009 2896 1163 2938 καίεται
1177 2895 1216 2933 V
1232 2913 1242 2937 :
1274 2895 1411 2936 κέεται
1431 2893 1521 2934 rell.
1617 2897 1816 2946 χαλκεῖον
1833 2892 1875 2931 Α
1888 2893 1924 2932 Β
1938 2893 1973 2932 C
1988 2893 2021 2932 P
2037 2906 2063 2932 ε-

341 2980 361 2987 »
389 2950 566 3001 χαλκίον
587 2950 627 2989 R
643 2950 673 2990 S
687 2950 726 2990 V
749 2950 811 3002 (it.
832 2950 959 3002 infra)
1071 2949 1267 3010 μεγάθεος
1286 2948 1376 2989 ΑΒ
1543 2948 1596 2988 26
1624 2950 1802 2997 πονητοῦ
1823 2946 1864 2986 R
1879 2946 1961 2987 SV
