2098 3320
35 109 99 159 ΙΙ.
119 123 176 171 14

0 1158 101 1214 ἑῶυ)

155 1697 177 1726 Ν

832 107 1263 157 ΗΡΟΔΟΤΟὙ

215 260 323 292 πων
367 238 567 292 πάντων
610 239 688 291 καὶ
731 244 828 292 τῶν
870 243 1060 292 λοιπῶν
1101 239 1400 307 Αἰγυπτίων,
1443 239 1492 292 οἳ
1536 240 1648 293 οὔτε
1693 241 1880 311 ἀρότρῳ

215 325 610 391 ἀναρρηγνύντες
640 324 860 378 αὔλακας
884 324 1061 392 ἔχουσι
1084 324 1264 378 πόνους
1293 325 1405 376 οὔτε
1430 323 1739 393 σκάλ-λοντες
1769 325 1881 378 οὔτε

215 408 712 475 ἄλλο-ἐργαζόμενοι
759 408 900 460 οὐδὲν
941 412 1039 460 τῶν
1083 409 1241 460 ὧλλοι
1286 407 1536 475 ἄνθρωποι
1580 410 1691 475 περὶ
1734 407 1881 473 λήιον

215 491 471 551 πονέουσι,
514 493 629 544 ἀλλ’
673 491 824 545 ἐπεάν
866 499 964 560 σφι
1009 493 1035 542 ὁ
1076 491 1295 557 ποταμὸς
1339 492 1614 557 αὐτόματος
1654 494 1880 545 ἐπελθὼν

217 577 347 649 ἄρσῃ
382 578 471 630 τὰς
507 577 731 643 ἀρούρας,
766 576 925 643 ἄρσας
961 579 1015 628 δὲ
1051 577 1274 648 ἀπολίπῃ
1310 576 1488 635 ὀπίσω,
1521 577 1635 628 τότε
1671 578 1880 643 σπείρας

217 662 427 715 ἕκαστος
450 661 541 725 τὴν
560 662 747 713 >ἑωυτοῦ
777 660 989 728 ἄρουραν
1020 659 1271 725 ἐσβάλλει
1302 662 1352 713 ἐς
1383 659 1534 724 αὐτὴν
1556 660 1626 719 ὗς,
1654 662 1805 712 ἐπεὰν
1828 663 1882 712 δὲ

217 745 544 818 καταπατήσῃ
587 748 714 817 τῇσι,
748 746 832 797 ὑσὶ
877 745 933 796 τὸ
979 745 1194 812 σπέρμα,
1236 744 1423 809 ἄμῃτον
1466 744 1523 796 τὸ
1567 744 1663 797 ἀπὸ
1706 745 1882 797 τούτου

215 829 369 895 μένει,
404 829 713 894 ἀποδινήσας
744 832 796 881 δὲ
826 837 943 902 τῇσι
972 829 1056 880 ὑσὶ
1087 828 1174 880 τὸν
1207 833 1350 880 σῖτον
1380 830 1504 880 οὕτω
1537 829 1799 893 κομίζεται.

302 916 362 966 Εἰ
394 911 463 966 ὧν
493 915 782 979 βουλόμεθα
813 915 1042 985 γνώμῃσι
1072 921 1188 986 τῇσι
1218 913 1407 965 Ἰώνων
1429 915 1650 981 χρᾶσθαι
1678 915 1740 964 τὰ
1771 913 1882 981 περὶ

219 1001 487 1066 Αἴγυπτον,
528 1001 578 1050 οἵ
616 1005 745 1065 φασι
788 997 845 1049 τὸ
881 998 1051 1050 Δέλτα
1090 1002 1270 1063 μοῦνον
1311 996 1437 1049 εἶναι
1473 999 1740 1064 Αἴγυπτον,
1784 997 1882 1050 ἀπὸ

217 1083 445 1150 Περσέος
483 1082 786 1149 καλεομένης
824 1085 1035 1147 σκοπιῆς
1076 1081 1311 1149 λέγοντες
1351 1085 1406 1132 τὸ
1442 1083 1573 1148 παρὰ
1614 1080 1883 1134 θάλασσαν

218 1168 343 1245 εἶναι
395 1168 547 1233 αὐτὴν
598 1167 747 1236 μέχρι
794 1168 1082 1235 Ταριχηίων
1129 1171 1228 1218 τῶν
1277 1170 1656 1231 Πηλουσιακῶν,
1710 1167 1770 1237 τῇ
1822 1166 1880 1230 δὴ

216 1251 586 1320 τεσσεράκοντά
624 1254 723 1303 εἰσι
761 1256 976 1321 σχοῖνοι,
1014 1251 1072 1302 τὸ
1108 1253 1161 1303 δὲ
1196 1250 1294 1303 ἀπὸ
1330 1249 1593 1315 θαλάσσης
1627 1251 1881 1317 λεγόντων

218 1339 268 1391 ἐς
302 1338 582 1404 μεσόγαιαν
613 1337 791 1388 τείνειν
824 1335 975 1400 αὐτὴν
1006 1335 1155 1404 μέχρι
1187 1335 1518 1401 Κερκασώρου
1549 1335 1741 1394 πόλιος,
1778 1335 1880 1386 κατ’

215 1420 278 1486 ἢν
302 1422 528 1489 σχίζεται
552 1423 578 1471 ὁ
603 1425 790 1475 Νεῖλος
814 1420 864 1474 ἔς
888 1442 941 1471 τε
968 1420 1258 1485 Πηλούσιον
1279 1418 1405 1486 ῥέων
1431 1420 1508 1471 καὶ
1538 1421 1589 1472 ἐς
1614 1417 1878 1484 Κάνωβον,

217 1508 277 1557 τὰ
314 1508 367 1558 δὲ
403 1505 537 1557 ἄλλα
571 1506 825 1572 λεγόντων
863 1508 950 1569 τῆς
989 1504 1238 1571 Αἰγύπτου
1274 1506 1335 1554 τὰ
1369 1506 1459 1569 μὲν
1491 1503 1700 1568 Λιβύης,
1732 1505 1793 1554 τὰ
1827 1506 1881 1555 δὲ

216 1590 458 1656 Ἀραβίης
492 1589 632 1648 εἶναι,
660 1589 1063 1654 ἀποδεικνύοιμεν
1085 1588 1147 1640 διν
1170 1588 1324 1658 τούτῳ
1348 1593 1413 1658 τῷ
1443 1588 1578 1658 λόγῳ
1610 1587 1881 1656 χρεώμενοι

218 1676 535 1742 Αἰγυπτίοισι
572 1674 658 1726 οὐκ
693 1675 872 1725 ἐοῦσαν
903 1674 1143 1741 πρότερον
1178 1673 1363 1741 χώρην.
1449 1671 1539 1737 ἤδη
1570 1671 1665 1739 γάρ
1696 1677 1793 1740 σφι
1823 1673 1882 1723 τό

216 1781 275 1826 γε
307 1758 588 1822 Δέλτα,·ὡς
619 1758 756 1810 αὐτοὶ
787 1757 997 1825 λέγουσι
1022 1758 1284 1824 Αἰγύπτιοι
1315 1757 1393 1808 καὶ
1425 1756 1534 1822 ἐμοὶ
1564 1755 1737 1825 δοκέει,
1770 1756 1880 1808 ἐστὶ

219 1842 516 1910 κατάρρυτόν
547 1864 602 1895 τε
639 1843 717 1894 καὶ
752 1842 934 1895 νεωστὶ
972 1842 1036 1895 ὡς
1071 1843 1205 1911 λόγῳ
1234 1843 1388 1894 εἰπεῖν
1424 1841 1755 1908 ἀναπεφηνός.
1837 1842 1880 1892 εἰ

216 1928 381 1980 τοίνυν
434 1935 530 1995 σφι
582 1929 717 1996 χώρη
767 1949 828 1994 γε
885 1927 1096 1993 μηδεμία
1145 1928 1352 1993 ὑπῆρχε,
1406 1927 1459 1976 τί
1504 1923 1880 1991 περιεργάζοντο

217 2011 471 2066 δοκέοντες
502 2017 685 2079 πρῶτοι
717 2012 988 2078 ἀνθρώπων
1019 2009 1303 2078 γεγονέναι;
1351 2009 1462 2060 οὐδὲ
1498 2008 1598 2061 ἔδει
1635 2007 1799 2075 σφέας
1829 2011 1880 2062 ἐς

218 2095 475 2164 διάπειραν
514 2102 612 2148 τῶν
653 2098 861 2148 παιδίων
903 2094 1043 2153 ἰέναι,
1084 2097 1194 2146 τίνα
1235 2099 1478 2161 γλῶσσαν
1514 2093 1710 2159 πρώτην
1750 2091 1876 2157 ἀπή-

219 2203 380 2232 σουσι.
450 2181 565 2232 ἀλλ’
597 2182 708 2232 οὔτε
742 2181 1040 2247 Αἰγυπτίους
1071 2178 1225 2230 δοκέω
1256 2177 1358 2244 ἅμα
1386 2182 1452 2247 τῷ
1487 2176 1658 2229 Δέλτα
1684 2181 1752 2246 τῷ
1783 2176 1880 2228 ὑπὸ

218 2265 399 2317 Ἰώνων
436 2264 720 2334 καλεομένῳ
758 2263 996 2331 γενέσθαι
1036 2265 1137 2315 αἰεί
1167 2284 1221 2314 τε
1262 2262 1388 2314 εἶναι
1428 2261 1487 2327 ἐξ
1518 2261 1573 2312 οὗ
1609 2261 1878 2328 ἀνθρώπων

216 2349 361 2417 γένος
400 2349 615 2416 ἐγένετο,
656 2348 925 2416 προϊούσης
968 2351 1020 2399 δὲ
1057 2350 1143 2412 τῆς
1184 2347 1348 2415 χώρης
1383 2345 1604 2398 πολλοὺς
1641 2347 1731 2411 μὲν
1765 2345 1878 2398 τοὺς

216 2422 644 2499 ὑπολειπομένους
671 2433 829 2484 αὐτῶν
862 2433 1108 2499 γίνεσθαι,
1142 2431 1362 2484 πολλοὺς
1398 2432 1450 2481 δὲ
1481 2430 1593 2482 τοὺς
1629 2430 1873 2481 ὑποκατα-

218 2519 502 2583 βαίνοντας.
591 2518 646 2568 τὸ
682 2517 724 2568 δ’
756 2514 822 2567 ὧν
859 2516 1015 2568 πάλαι
1051 2518 1100 2568 αἱ
1133 2518 1309 2581 Θῆβαι
1347 2516 1593 2581 Αἴγυπτος
1628 2512 1874 2572 ἐκαλέετο,

224 2985 263 3023 R
279 2985 308 3024 S
321 2984 358 3023 V
375 2999 383 3023 :
413 2984 723 3039 περιηργάζοντο
745 2983 781 3022 Α
797 2984 831 3022 Β
852 2998 860 3022 :
889 2981 1207 3037 περιειργάζοντο
1235 2981 1267 3019 C
1283 2980 1317 3020 P
1480 2991 1530 3030 25
1562 2980 1622 3021 ἀεί
1642 2978 1681 3018 Α
1694 2978 1729 3017 Β
1743 2978 1773 3017 S
1786 2978 1823 3017 V

1912 1020 1958 1049 10

1911 1443 1955 1484 ¹5

1907 1864 1957 1892 20

277 2672 292 2696 1
327 2657 511 2698 ἁπάντων
543 2655 677 2695 RSV
897 2669 921 2693 2
951 2658 1044 2696 οὔτε
1074 2653 1221 2695 σκάλλ.
1249 2667 1329 2693 orn.
1351 2653 1432 2692 SV
1646 2665 1671 2701 3
1700 2654 1736 2692 οἱ
1757 2653 1877 2693 ἄλλοι

217 2711 403 2751 ABCP
625 2723 648 2760 7
689 2713 786 2765 τῇσι
825 2724 906 2749 om.
947 2709 1028 2748 SV
1175 2707 1348 2760 ἄμητον]
1379 2709 1428 2748 τὸ
1459 2709 1495 2749 ἅ.
1530 2707 1597 2746 R:
1636 2709 1707 2747 τὸν
1737 2707 1773 2748 ἅ.
1797 2705 1878 2745 SV

217 2770 243 2805 8
271 2770 402 2808 τοῖσιν
425 2766 454 2805 S
468 2766 505 2805 V
668 2779 695 2816 9
723 2768 896 2818 χρᾶσθαι
917 2766 1002 2818 περὶ
1024 2763 1228 2817 Αἰγύπτου
1250 2763 1290 2801 R
1305 2762 1334 2801 S
1347 2763 1386 2801 V
1553 2774 1597 2800 11
1629 2759 1878 2812 καλεομένην

220 2822 261 2860 R
275 2822 305 2860 S
317 2821 355 2859 V
501 2833 549 2859 12
579 2823 703 2869 αὐτῆς
726 2820 764 2859 Α
780 2820 814 2858 Β
828 2820 862 2859 C
878 2819 911 2857 P
1021 2818 1233 2873 ταριχείων
1252 2817 1291 2855 V
1308 2831 1316 2855 :
1346 2817 1570 2870 ταραχείων
1591 2816 1630 2854 R
1649 2830 1658 2854 ε
1685 2815 1878 2869 ταριχίων

220 2876 260 2914 Α
274 2875 309 2914 Β
324 2876 357 2914 C
372 2876 405 2914 P
516 2875 584 2927 δὴ]
608 2879 651 2916 δε
673 2875 712 2913 R
727 2875 757 2914 S
770 2874 807 2912 V
975 2887 1023 2923 13
1053 2888 1220 2926 τεσσαρ.
1245 2872 1279 2910 C
1295 2871 1334 2909 R
1349 2872 1379 2911 S
1391 2872 1430 2910 V
1598 2883 1646 2920 14
1674 2869 1877 2922 μεσόγεαν
1932 2907 1948 2919 s

203 2940 206 2945 ’
222 2931 262 2969 R
278 2930 307 2969 S
319 2930 358 2968 V
482 2933 611 2971 αὐτῶν
648 2930 687 2968 Α
701 2930 735 2968 Β
748 2929 781 2968 C
798 2929 831 2967 P
1012 2941 1061 2966 21
1105 2925 1410 2980 περιεργάζοντο
1454 2926 1479 2964 d
1498 2940 1506 2963 τ
1554 2923 1876 2979 περιεργάζονται
