2098 3320
762 116 1136 174 ῐΣΤοΡῐΩΝ
1215 127 1260 173 Δ
1612 131 1615 134 ·
1886 124 1970 173 IV.
1999 95 2096 186 109

19 251 47 323 ⁵,
176 254 255 309 καὶ
298 255 345 308 οἱ
390 255 556 323 ὄρχιες
600 253 802 306 αὐτοῖσί
839 257 938 307 εἰσι
984 255 1224 324 χρήσιμοι
1269 257 1320 310 ἐς
1359 254 1611 326 ὖσζςρέων
1653 255 1841 310 ἄκεσιν.
1873 262 2058 301 ’ΜΒ-

0 299 32 409 ,ἓ
173 339 532 408 Σαυροματέων
562 341 616 392 δὲ
647 338 760 406 πέρι
789 341 885 391 ὧδε
914 340 1133 407 λέγεται.
1207 342 1288 394 ὅτε
1310 339 1567 406 “Ελληνες
1597 341 1842 407 Ἀμαζόσι
1882 355 1965 391 110

0 399 37 497 ἓ
173 423 487 493 ἐμαχέσαντο
509 422 616 489 (τὰς
639 426 692 476 δὲ
716 423 991 490 Ἀμαζόνας
1022 424 1258 478 καλέουσι
1284 428 1330 478 οἱ
1355 426 1539 478 Σκύθαι
1561 427 1836 492 Οἰόρπατα,

0 496 41 606 ξ
173 509 378 562 δύναται
407 512 548 563 δὲτὸ
579 509 765 574 οὕνομα
794 513 941 562 τοῦτο
979 511 1102 561 κατὰ
1131 509 1359 562 Ἑλλάδα
1388 515 1635 577 γλῶσσαν
1666 512 1840 578 ἀνδρο-

123 618 146 660 5
174 595 352 647 κτόνοι·
397 593 502 661 οἰὸρ
523 595 619 661 γὰρ
645 591 883 645 καλέουσι
911 592 1083 660 ἄνδρα,
1116 594 1173 646 τὸ
1205 597 1258 647 δὲ
1291 596 1421 647 πατὰ
1454 593 1695 660 κτείνειν),
1728 596 1842 649 τότε

174 679 327 747 λόγος
361 678 476 732 τοὺς
495 675 758 743 ’Έλληνας
793 676 1094 743 νικήσαντας
1130 680 1188 751 τῇ
1223 679 1303 731 ἐπὶ
1342 679 1665 746 Θερμώδοντι
1701 679 1840 752 μάχῃ

6 766 25 838 ζΙ
171 762 444 817 ἀποπλέειν
493 762 709 830 ἄγοντας
734 758 896 829 ’τρισὶ
947 765 1173 816 πλοίοισι
1223 768 1322 815 τῶν
1374 764 1663 829 Ἀμαζόνων
1714 766 1840 818 ὅσας

171 846 402 900 ἐδυνέατο
427 848 694 915 ζωγρῆσαι,
716 849 804 901 τὰς
826 851 881 900 δὲ
903 849 957 900 ἐν
981 852 1047 917 τῷ
1073 846 1284 916 πελάγεϊ
1308 847 1601 913 ἐπιθεμένας
1626 850 1840 918 ἐκκ-όψαι
1869 847 2098 893 ΨΜ

0 895 22 1050 ἑὲ
109 980 115 1003 ·.
168 932 282 987 τοὺς
311 931 506 995 ἄνδρας.
574 937 727 984 πλοῖα
758 933 811 984 δὲ
842 932 899 983 οὐ
922 932 1190 1000 γινώσκειν
1221 933 1372 986 αὐτᾶς
1402 932 1515 984 οὐδὲ
1546 935 1839 997 πηδαλίοισι
1873 956 1898 988 2

0 1064 27 1086 ι.
98 1039 147 1068 10
169 1020 388 1087 χρᾶσθαι
411 1017 524 1069 οὐδὲ
549 1018 759 1069 ἱστίοισι
783 1016 894 1069 οὐδὲ
927 1018 1133 1089 εἰρεσίῃ·
1181 1017 1297 1070 ἀλλ’
1323 1017 1429 1070 ἐπεὶ
1455 1015 1703 1085 ἐξέκοψαν
1727 1018 1840 1072 τοὺς

0 1087 10 1139 'f
167 1101 365 1170 ἄνδρας,
391 1100 632 1170 ἐφέροντο
657 1102 780 1153 κατὰ
806 1105 931 1167 κῦμα
957 1103 1034 1154 καὶ
1057 1101 1257 1167 ἄνεμον·
1305 1101 1385 1153 καὶ
1409 1100 1728 1154 ἀπικνέονται
1751 1105 1839 1167 τῆς

166 1188 347 1252 λίμνης
382 1189 471 1251 τῆς
507 1184 784 1251 Μαιήτιδος
825 1187 907 1238 ἐπὶ
946 1186 1221 1253 Κρημνούς.
1310 1188 1355 1238 οἱ
1393 1188 1445 1238 δὲ
1478 1181 1705 1253 Κρημνοί
1737 1189 1837 1239 εἰσι

166 1273 259 1339 γῆς
293 1273 380 1336 τῆς
416 1269 646 1339 Σκυθέων
675 1275 776 1323 τῶν
811 1270 1102 1338 ἐλευθέρων.
1194 1272 1404 1323 ἐνθαῦτα
1442 1272 1704 1336 ἀποβᾶσαι
1739 1272 1837 1324 ἀπὸ

140 1360 265 1408 ’τῶν
308 1357 499 1408 πλοίων
546 1358 597 1425 αἱ
641 1355 914 1421 Ἀμαζόνες
962 1356 1250 1422 ὁδοιπόρεον
1302 1357 1354 1409 ἐς
1397 1354 1486 1419 τὴν
1531 1355 1833 1420 οἰκεομένην.

94 1461 141 1504 15
167 1441 465 1510 ἐντυχοῦσαι
496 1443 550 1494 δὲ
578 1441 753 1511 πρώτῳ
793 1442 1120 1510 ἱπποφορβίῳ
1152 1444 1296 1492 τοῦτο
1333 1438 1612 1506 διήρπασαν
1645 1440 1724 1491 καὶ
1756 1441 1835 1493 ἐπὶ

165 1525 353 1578 τούτων
401 1525 731 1591 ἱππαζόμεναι
781 1526 1038 1590 ἐληίζοντο
1091 1527 1152 1577 τὰ
1202 1530 1300 1576 τῶν
1349 1524 1592 1577 Σκυθέων.
1683 1527 1729 1577 οἱ
1783 1529 1834 1577 δὲ
1874 1538 1944 1572 111

165 1609 350 1662 Σκύθαι
379 1608 466 1662 οὐκ
497 1609 638 1679 εἶχον
662 1609 1023 1677 συμβαλέσθαι
1052 1613 1108 1662 τὸ
1138 1613 1358 1677 πρῆγμα·
1405 1610 1517 1660 οὔτε
1540 1611 1635 1675 γὰρ
1660 1609 1835 1676 φωνὴν

164 1694 279 1747 οὔτε
309 1697 498 1759 ἐσθῆτα
528 1695 642 1747 οὔτε
670 1694 729 1747 τὸ
760 1695 902 1748 ἔθνος
933 1696 1224 1761 ἐγίνωσκον,
1258 1693 1374 1767 ἀλλ’
1399 1695 1452 1745 ἐν
1483 1694 1672 1758 θώματι
1703 1692 1834 1757 ἦσαν

163 1779 340 1832 ὁκόθεν
377 1779 588 1838 ἔλθοιεν,
628 1780 829 1833 ἐδόκεον
867 1779 907 1831 δ’
939 1779 1088 1833 αὐτᾶς
1127 1779 1252 1831 εἶναι
1290 1777 1470 1845 ἄνδρας
1506 1777 1595 1842 τὴν
1635 1778 1834 1844 πρώτην

90 1883 141 1913 20
161 1863 360 1929 ἡλικίην
390 1863 617 1932 ἔχοντας,
649 1863 819 1932 μάχην
843 1886 897 1916 τε
928 1863 987 1928 δὴ
1018 1867 1140 1930 πρὸς
1169 1863 1319 1916 αὐτὰς
1349 1865 1618 1914 ἐποιεῦντο.
1695 1864 1749 1914 ἐκ
1780 1865 1833 1914 δὲ

161 1950 248 2013 τῆς
295 1946 461 2017 μάχης
505 1953 605 2001 τῶν
651 1953 838 2016 νεκρῶν
888 1947 1167 2016 ἐκράτησαν
1214 1950 1260 2000 οἱ
1310 1948 1494 1999 Σκύθαι
1543 1948 1622 1998 καὶ
1678 1948 1833 2001 οὕτως

162 2032 393 2100 ἔγνωσαν
418 2033 599 2087 ἐούσας
621 2038 872 2101 γυναῖκας.
936 2031 1355 2099 βουλευομένοισι
1379 2030 1447 2084 ὧν
1472 2033 1668 2083 αὐτοῖσι
1691 2030 1831 2096 ἔδοξε
1866 2051 1892 2082 2

162 2117 370 2170 κτείνειν
398 2120 490 2184 μὲν
515 2119 676 2171 οὐδενὶ
706 2119 873 2188 τρόπω
899 2117 972 2169 ἔτι
1002 2111 1391 2177 αὐτάς,.ἑωυτῶν
1423 2118 1475 2168 δὲ
1504 2115 1617 2169 τοὺς
1648 2116 1828 2168 νεωτά-

159 2222 270 2255 τους
289 2201 586 2270 ἇποπέμψαι
606 2205 656 2257 ἐς
677 2201 842 2267 αὐτάς,
866 2205 1059 2267 πλῆθος
1081 2200 1380 2254 εἰκάσαντας
1399 2201 1517 2252 ὅσαι
1536 2222 1628 2267 περ
1649 2202 1831 2252 ἐκεῖναι

85 2307 134 2348 ²5
159 2284 307 2351 ἦσαν·
358 2287 561 2342 τούτους
600 2290 654 2340 δὲ
695 2287 1182 2355 στρατοπεδεύεσθαι
1222 2288 1441 2351 πλησίον
1480 2284 1709 2337 ἐκεινέων
1752 2286 1829 2336 καὶ

156 2369 346 2423 ποιέειν
371 2371 433 2424 τά
455 2394 547 2439 περ
567 2371 629 2425 ἂν
650 2372 729 2425 καὶ
753 2375 937 2425 ἐκεῖναι
962 2370 1189 2423 ποιέωσι·
1232 2366 1294 2435 ἢν
1317 2373 1371 2423 δὲ
1393 2369 1570 2423 αὐτοὺς
1594 2370 1825 2427 διώκωσι,

153 2453 410 2525 μάχεσθαι
460 2459 551 2522 μὲν
601 2455 684 2523 μή,
731 2457 1039 2524 ὑποφεύγειν
1090 2454 1160 2508 δέ·
1223 2457 1373 2507 ἐπεὰν
1419 2456 1473 2506 δὲ
1519 2454 1824 2511 παύσωνται,

212 2607 230 2634 1
263 2597 385 2637 αὐτοῦ
407 2596 442 2635 R
461 2595 543 2635 SV
653 2609 678 2634 2
702 2594 941 2647 Ἀμᾶζουσιν
962 2595 1002 2634 R
1115 2607 1140 2644 3
1169 2596 1206 2635 οἱ
1226 2606 1308 2634 om.
1330 2591 1369 2630 A
1384 2592 1417 2631 B
1434 2593 1468 2632 C
1485 2591 1518 2630 P
1622 2593 1828 2645 Αἷορπατά

155 2648 341 2690 PRSV
370 2651 465 2703 (αἴ-)
660 2665 686 2701 4
721 2653 824 2693 κατὰ
852 2652 906 2692 τὰ
929 2651 989 2691 V:
1021 2650 1124 2692 κατὰ
1151 2649 1284 2699 7·va
1482 2659 1506 2696 5
1537 2646 1825 2700 atprRSV

151 2705 231 2759 ’γὰρ
250 2717 331 2745 om.
354 2705 394 2745 R
554 2719 575 2756 7
608 2706 685 2747 ὅσα
704 2706 738 2745 C
878 2707 904 2743 8
934 2708 1043 2754 ἠδυν.
1072 2705 1104 2743 L
1127 2705 1282 2757 <-αίατο
1304 2703 1357 2749 Ο)
1513 2715 1562 2740 10
1591 2704 1767 2753 χρῆσθαι
1790 2701 1822 2740 L

157 2771 204 2809 13
224 2763 299 2809 τῆς
316 2764 395 2813 γῆς
413 2763 489 2810 τῆς
511 2761 545 2800 Ρ
558 2761 597 2800 R
613 2760 643 2799 S
655 2762 695 2800 V
838 2773 884 2809 14
907 2759 1147 2812 ὧδοιπόρεον
1168 2759 1201 2797 C
1217 2759 1250 2797 P
1268 2759 1305 2797 R
1322 2759 1351 2798 S
1364 2758 1403 2796 V
1515 2759 1666 2805 οἷκουμ.
1685 2755 1725 2793 Α
1738 2755 1772 2793 Β
1787 2756 1820 2794 C

155 2816 288 2865 17-18
316 2814 409 2857 οὐδὲ
427 2821 494 2855 ter
512 2815 601 2856 AB
618 2816 653 2856 C
879 2828 928 2864 19
958 2819 1102 2855 οποθεν
1123 2813 1213 2852 ΑΒ
1228 2815 1262 2854 C
1431 2813 1593 2865 πρώτην
1615 2810 1789 2850 Dietsch
1810 2825 1819 2849 τ

152 2871 278 2920 αὐτὴν
310 2870 344 2909 L
439 2872 464 2887 “
563 2884 619 2910 20
648 2872 698 2920 δὴ
729 2883 813 2911 om.
837 2870 919 2910 SV
1139 2882 1187 2908 21
1221 2867 1365 2919 οὕτως]
1394 2870 1487 2908 οὔτε
1515 2866 1633 2905 RV:
1662 2865 1759 2906 τότε
1787 2865 1818 2904 S

152 2937 204 2963 22
234 2924 542 2975 βουλομένοισιν
563 2927 603 2965 R
618 2926 648 2966 S
662 2925 700 2963 V
887 2938 937 2971 24
970 2924 1230 2965 εἷκεύσαντας
1250 2924 1288 2961 V
1303 2922 1377 2974 [C]
1574 2934 1625 2970 25
1657 2921 1819 2961 ἐκείνων

154 2979 289 3019 RSV
455 2994 506 3031 27
538 2980 838 3033 uffixalRV:
872 2981 970 3020 οὐδ
1714 3020 1722 3029 ἱ

1580 3059 1656 3099 24*
