2098 3320
60 104 123 152 ΙΙ.
149 117 209 166 72

148 497 208 547 73

184 762 209 793 2

0 990 210 1060 *RQ-*3

147 2022 212 2073 74

154 2439 217 2490 75

883 105 924 151 H
945 103 1303 153 POAOTOT

249 235 389 288 εἶναι.
476 234 731 300 νομίζουσι
764 236 817 287 δὲ
849 235 927 287 καὶ
963 239 1062 287 τῷν
1094 234 1280 303 ἰχθύων
1310 235 1397 288 τὸν
1434 236 1739 302 καλεύμενον
1767 244 1910 306 Rem:
1936 241 2066 315 εωῲ
2086 265 2098 287 ι

249 319 404 371 ὃωτὸν
446 319 552 386 ἱρὸν
593 318 719 372 εἶναι
758 319 836 371 καὶ
876 319 967 384 τὴν
1007 319 1239 388 ἔγχελυν.
1324 320 1455 388 ἱροὺς
1495 324 1548 373 δὲ
1588 321 1789 375 τούτους
1829 299 2098 375 τοι’3”ι”3(““”(1

252 405 442 456 Νείλου
472 404 603 471 φασὶ
636 402 763 456 εἶναι
793 396 874 455 καὶ
905 408 1001 456 τῷν
1033 405 1244 470 ὀρνίθων
1273 404 1387 459 τοὺς
1418 406 1798 473 χηναλώπεκας.

325 486 481 539 Ἔστι
510 490 563 540 δὲ
597 487 674 539 καὶ
706 487 862 542 ἄλλος
897 490 1031 555 ὅρνις
1067 489 1186 555 ἱρός,
1218 493 1287 558 τῷ
1323 489 1511 554 οὕνομα
1548 488 1731 556 φοῖνιξ.
1813 491 1912 558 ἐγὼ

246 571 339 638 μέν
370 593 454 637 μιν
477 572 564 624 οὐκ
589 571 722 624 εἶδον
747 573 790 624 εἰ
812 572 878 637 μὴ
903 574 1028 625 ὅσον
1053 579 1242 645 γραφῇ·
1290 573 1366 624 καὶ
1394 575 1488 640 γὰρ
1513 573 1570 638 δὴ
1599 573 1676 626 καὶ
1702 574 1912 628 σπάνιος
1935 599 1957 640 5

248 658 486 727 ἐπιφοιτᾷ
527 663 625 724 σφι
660 656 722 708 δι’
762 655 930 716 ἐτέων,
972 657 1036 710 ὡς
1071 656 1429 709 εΗλιοπολῖται
1465 657 1691 725 λέγουσι,
1728 679 1906 712 πεντα-

249 742 448 793 κοσίων.
533 744 715 808 φοιτᾶν
751 744 805 793 δὲ
840 741 952 793 τότε
991 741 1122 808 φασὶ
1160 740 1312 794 ἐπεάν
1343 744 1388 793 οἱ
1420 742 1644 814 ἀποθάνῃ
1675 743 1702 793 ὁ
1733 742 1910 810 πατήρ.

246 825 359 879 ἔστι
393 823 464 884 δέ,
501 827 547 878 εἰ
581 833 642 899 τῇ
677 831 848 898 γραφῇ
885 826 1174 893 παρόμοιος,
1202 826 1433 879 ’τοσόσδε
1474 827 1553 878 καὶ
1588 827 1803 879 τοιόσδε·
1850 830 1912 880 τὰ

245 912 339 976 μὲν
379 909 529 963 αὑτοῦ
568 911 858 978 χρυσόκομα
898 914 997 962 τῷν
1037 914 1246 977 πτερῶν,
1288 912 1349 962 τὰ
1387 913 1441 963 δὲ
1481 910 1676 978 ἐρυθρά.
1759 913 1810 966 ἐς
1850 914 1912 964 τὰ

245 993 472 1060 μάλιστα
493 996 637 1065 αἰετῷ
658 993 954 1062 περιήγησιν
975 995 1264 1060 ὁμοιότατος
1285 995 1363 1047 καὶ
1387 994 1443 1047 τὸ
1460 995 1691 1063 μέγαθος.
1737 1001 1912 1049 τοῦτον
1940 1019 1987 1050 10

248 1081 302 1131 δὲ
331 1078 541 1146 λέγουσι
576 1082 899 1148 μηχανᾶσθαι
934 1078 1066 1139 τάδε,
1100 1079 1207 1145 ἐμοὶ
1243 1082 1335 1144 μὲν
1371 1079 1427 1131 οὗ
1464 1081 1622 1133 πιστὰ
1657 1079 1907 1148 λέγοντες,

250 1161 309 1228 ἐξ
334 1162 578 1231 Ἀραβίης
608 1164 894 1230 ὁρμώμενον
926 1165 976 1217 ἐς
1013 1163 1070 1215 τὸ
1102 1166 1207 1230 ἱρὸν
1236 1168 1323 1215 τοῦ
1353 1163 1536 1217 Ἡλίου
1573 1165 1789 1230 κομίζειν
1823 1164 1911 1217 τὸν

248 1246 439 1315 πατέρα
470 1250 524 1300 ἐν
554 1248 747 1320 σμύρνῃ
778 1247 1143 1313 ἐμπλάσσοντα
1174 1248 1252 1300 καὶ
1290 1247 1494 1301 θάπτειν
1525 1250 1579 1301 ἐν
1613 1252 1700 1301 τοῦ
1728 1247 1912 1302 Ἡλίου

247 1337 315 1402 τῷ
348 1334 453 1403 ἱρῷ·
501 1333 716 1398 κομίζειν
746 1335 799 1384 δὲ
829 1333 971 1384 οὕτω·
1017 1337 1213 1399 πρῶτον
1242 1335 1329 1397 τῆς
1362 1334 1582 1400 σμύρνης
1618 1332 1713 1403 ᾠὸν
1742 1332 1908 1386 πλάσ-

249 1438 360 1468 σειν
389 1417 514 1469 ὅσον
544 1412 634 1484 [τε]
663 1417 870 1471 δυνατός
900 1419 1009 1469 ἐστι
1033 1416 1222 1484 φέρειν,
1255 1419 1381 1482 μετὰ
1412 1420 1464 1469 δὲ
1494 1420 1761 1485 πειρᾶσθαι
1790 1416 1909 1469 αὐτὸ
1935 1439 1982 1480 15

241 1500 515 1568 φορέοντα,
548 1503 699 1554 ἐπεὰν
728 1504 782 1553 δὲ
812 1502 1134 1574 ἀποπειρηθῇ,
1167 1502 1293 1553 οὕτω
1325 1501 1383 1566 δὴ
1417 1500 1717 1567 κοιλήναντα
1737 1501 1795 1553 τὸ
1816 1501 1910 1572 ᾠὸν

248 1585 337 1638 τὸν
368 1585 558 1653 πατέρα
589 1587 638 1639 ἐς
674 1585 792 1638 αὐτὸ
829 1584 1087 1644 ἐντιθέναι,
1122 1582 1315 1657 σμύρνῃ
1345 1589 1399 1639 δὲ
1428 1585 1560 1658 ἄλλῃ
1594 1585 1909 1652 ἐμπλάσσειν

249 1674 395 1722 τοῦτο
441 1669 546 1722 κατ’
586 1671 615 1721 ὅ
653 1691 699 1722 τι
739 1674 825 1721 τοῦ
865 1669 959 1740 ᾠοῦ
999 1669 1291 1735 ἐκκοιλήνας
1336 1669 1537 1735 ἐνέθηκε
1577 1670 1664 1722 τὸν
1704 1669 1908 1738 πατέρα,

251 1754 538 1822 ἐγκειμένου
558 1758 611 1807 δὲ
634 1759 721 1806 τοῦ
744 1758 927 1821 πατρὸς
951 1755 1182 1821 γίνεσθαι
1204 1754 1360 1806 τώυτὸ
1383 1754 1556 1821 βάρος,
1580 1753 1910 1820 ἐμπλάσαντα

250 1841 302 1891 δὲ
336 1839 550 1905 κομίζειν
580 1860 664 1904 μιν
696 1838 773 1891 ἐπ’
801 1838 1052 1906 Αἰγύπτου
1077 1840 1127 1892 ἐς
1155 1843 1242 1890 τοῦ
1263 1838 1446 1891 Ἱ-Ιλίου
1468 1838 1525 1890 τὸ
1550 1839 1669 1905 ἱρόν.
1758 1842 1910 1890 ταῦτα
1934 1857 1986 1887 20

249 1925 341 1989 μὲν
371 1928 548 1975 τοῦτον
577 1922 662 1975 τὸν
694 1925 832 1991 ὄρνιν
861 1922 1070 1990 λέγουσι
1101 1922 1302 1975 ποιέειν.

339 2007 456 2059 Εἰσὶ
513 2010 565 2059 δὲ
617 2008 729 2075 περὶ
782 2005 966 2073 Θήβας
1013 2007 1108 2075 ἱροὶ
1153 2009 1312 2075 ὄφιες,
1368 2007 1638 2075 ἀνθρώπων
1687 2005 1909 2073 οὐδαμῶς

253 2090 544 2158 δηλήμονες,
581 2092 627 2144 οἳ
666 2090 872 2159 μεγάθεϊ
913 2091 1079 2145 ἐόντες
1120 2091 1319 2158 σμικροὶ
1359 2091 1445 2143 δύο
1486 2091 1628 2158 κέρεα
1667 2088 1910 2159 φορέουσι

253 2177 509 2243 πεφυκότα
533 2175 593 2241 ἐξ
611 2176 760 2244 ἄκρης
783 2178 869 2241 τῆς
899 2179 1138 2242 κεφαλῆς,
1164 2176 1279 2230 τοὺς
1303 2175 1548 2229 θάπτουσι
1570 2176 1912 2229 ἀποθανόντας

254 2261 308 2311 ἐν
337 2265 404 2330 τῷ
438 2263 522 2330 ἱρῷ
554 2265 640 2312 τοῦ
675 2261 814 2314 Διός·
859 2259 1034 2312 τούτου
1062 2259 1157 2327 γάρ
1190 2267 1354 2327 σφεας
1383 2264 1470 2311 τοῦ
1493 2263 1607 2313 θεοῦ
1631 2266 1760 2327 φασι
1785 2257 1910 2312 εἶναι
1935 2277 1982 2317 25

255 2344 401 2411 ἱρούς.
1604 2348 1606 2350 ’

329 2427 482 2480 Ἔστι
506 2430 558 2480 δὲ
578 2433 738 2497 χῶρος
760 2431 846 2493 τῆς
866 2427 1107 2495 Ἀραβίης
1132 2430 1254 2497 κατὰ
1280 2432 1494 2480 Βουτοῦν
1518 2428 1667 2480 πόλιν
1688 2426 1910 2494 μάλιστά
1922 2435 2098 2490 amnui

309 2580 327 2606 1
359 2569 440 2607 τῶν
462 2565 496 2605 Ρ
510 2565 548 2605 R
565 2565 647 2606 SV
665 2581 675 2607 z
701 2565 864 2608 πάντων
884 2566 923 2604 Α
937 2566 971 2605 Β
989 2566 1021 2605 C
1133 2567 1182 2606 τὸ
1203 2565 1236 2604 C
1358 2578 1383 2604 2
1414 2565 1564 2615 ἔχελυν
1585 2564 1623 2603 R
1770 2577 1796 2615 5
1827 2565 1910 2607 ι’δον

250 2620 357 2660 ΑΒι
417 2676 427 2694 a
582 2635 603 2671 7
649 2631 796 2672 φοιτην
831 2621 966 2691 RSY
1019 2678 1039 2689 Α
1185 2621 1212 2659 8
1253 2621 1289 2660 εἴ
1323 2619 1488 2658 PRV:
1532 2618 1772 2668 dv.ABC:
1812 2619 1908 2661 oc‘S

249 2676 1067 2780 3111⁷12⁹a⁷3<ss{Vschweigssazffggv
1090 2675 1128 2714 ¹³
1145 2674 1288 2779 δέξῃ]
1312 2672 1613 2769 εξιῑόῑεὲΰ
1699 2687 1908 2770 ,ιτςὲᾱῖ

251 2798 335 2827 om.
360 2786 391 2826 S
589 2798 634 2836 17
665 2785 711 2827 δὲ
731 2798 813 2826 om.
841 2785 879 2824 R
894 2784 975 2825 SV
1163 2786 1212 2823 18
1241 2782 1381 2825 καθότι
1404 2783 1442 2821 R
1459 2783 1488 2821 S
1503 2783 1540 2822 V
1669 2783 1909 2836 ἐγκοιλήνας

253 2839 287 2879 Ρ
301 2840 340 2878 R
356 2840 385 2879 S
399 2839 438 2879 V
552 2853 601 2890 19
631 2839 863 2891 ἐσκειμένου
882 2839 922 2878 Α
936 2839 970 2877 Β
987 2839 1022 2878 C
1106 2838 1405 2890 ἐμπλάσσαντα
1417 2836 1456 2875 Α
1471 2837 1505 2876 Β
1522 2838 1555 2876 C
1666 2851 1720 2877 20
1743 2854 1811 2889 μιν
1823 2849 1907 2877 om.

253 2892 306 2933 Βι
323 2894 356 2932 P
370 2895 407 2933 R
425 2895 454 2932 S
470 2895 506 2933 V
697 2907 749 2944 23
777 2896 908 2948 μικροὶ
932 2894 965 2932 L
1091 2893 1280 2947 φέροντες
1301 2892 1335 2930 C
1518 2905 1569 2942 24
1601 2893 1764 2934 ἂποθιιν.
1788 2891 1905 2935 edm.

253 2947 292 2986 R
309 2948 338 2993 S
351 2949 389 2988 V
554 2962 605 2999 27
636 2949 864 2996 Βούβαστιν
885 2947 1135 2988 Gutschmid
