2098 3320
695 125 1076 202 ΙΣΤΟΡΙΩΝ
1154 157 1201 203 Δ
1832 162 1972 225 1V.7

118 285 230 338 ἔτεα
270 287 323 336 δὲ
355 285 511 352 σφίσι
548 286 714 336 ἐπείτε
754 286 994 352 γεγόνασι
1019 288 1079 337 τὰ
1119 287 1386 352 σύμπαντα
1423 288 1634 356 λέγουσι
1666 290 1792 343 εἶναι
1829 297 1858 346 7

120 371 216 421 ἀπὸ
251 373 338 420 τοῦ
374 369 569 436 πρώτου
603 368 852 435 βασιλέος
882 369 1169 437 Ταργιτάου
1211 373 1262 426 ἐς
1303 372 1394 437 τὴν
1427 375 1643 441 Δαρείου
1685 375 1789 427 διά-

118 459 276 519 βασιν
306 451 396 517 τὴν
427 452 508 505 ἐπὶ
540 452 705 520 σφέας
734 454 917 523 χιλίων
949 454 1007 505 οὐ
1038 453 1176 506 πλέω
1211 457 1344 507 ἀλλὰ
1382 462 1615 511 τοσαῦτα.
1704 459 1793 512 τὸν

117 541 172 591 δὲ
200 536 390 606 χρυσὸν
420 541 594 589 τοῦτον
631 537 719 590 τὸν
757 537 862 605 ἱρὸν
895 537 1229 606 φυλάσσουσι
1272 543 1317 592 οἱ
1359 542 1605 607 βασιλέες
1641 545 1692 597 ἐς
1730 546 1784 598 τὰ

71 642 94 683 5
117 621 342 689 μάλιστα
394 621 476 674 καὶ
525 622 734 694 θυσίῃσι
782 621 1039 695 μεγάλῃσι
1089 626 1414 690 ἱλασκόμενοι
1464 627 1792 696 μετέρχονται
1815 635 2042 683 flamm.

119 709 213 760 ἀνὰ
241 709 341 760 πᾶν
371 706 494 760 ἔτος.
584 705 639 761 ὃς
680 706 722 758 δ’
755 706 816 758 ἂν
857 708 989 775 ἔχων
1025 707 1113 760 τὸν
1155 708 1348 776 χρυσὸν
1383 710 1471 762 τὸν
1509 713 1613 778 ἱρὸν
1646 714 1701 764 ἐν
1732 720 1793 786 τῇ
1828 734 1854 765 2

118 791 237 864 ὁρτῇ
265 791 522 858 ὑπαίθριος
553 793 904 863 κατακοιμηθῇ,
938 792 1081 847 οὗτος
1112 791 1319 860 λέγεται
1350 794 1445 847 ὑπὸ
1477 796 1705 849 Σκυθέων
1734 797 1792 849 οὗ

119 877 472 947 διενιαυτίζειν·
515 877 745 928 δίδοσθαι
767 875 822 927 δέ
845 878 891 928 οἱ
915 878 995 928 διὰ
1019 882 1163 929 τοῦτο
1189 879 1288 930 ὅσα
1312 877 1374 930 ἂν
1398 880 1531 949 ἵππῳ
1558 882 1610 932 ἐν
1633 880 1789 954 ἡμέρῃ
1801 882 1895 937 θὼν.
1914 894 2098 935 mart-1²«

117 962 204 1034 μιῇ
229 959 507 1033 περιελάσῃ
537 960 701 1015 αὐτός.
790 963 878 1026 τῆς
916 964 969 1013 δὲ
1009 962 1176 1029 χώρης
1209 963 1389 1028 εὀύσης
1426 963 1650 1031 μεγάλης
1684 986 1787 1034 τρι-
1995 955 2098 1002 Ὁ““

48 1072 97 1101 10
119 1046 310 1114 φασίας
345 1047 435 1100 τὰς
469 1046 749 1112 βασιληίας
781 1050 919 1098 τοῖσι
952 1046 1100 1099 παισὶ
1136 1051 1274 1099 τοῖσι
1315 1050 1500 1100 ἑωυτοῦ
1540 1049 1786 1115 καταστή-

119 1133 311 1184 σασθαι
352 1128 607 1195 Κολάξαϊν
650 1131 729 1183 καὶ
768 1129 981 1183 τουτέων
1024 1132 1143 1197 μίαν
1183 1134 1392 1197 ποιῆσαι
1431 1135 1691 1201 μεγίστην,
1737 1136 1791 1187 ἐν

118 1215 181 1288 τῇ
201 1213 288 1267 τὸν
318 1214 511 1284 χρυσὸν
535 1214 915 1283 φυλάσσεσθαι.
989 1217 1051 1267 τὰ
1074 1219 1128 1268 δὲ
1153 1216 1426 1284 κατύπερθε
1450 1217 1568 1284 πρὸς
1603 1218 1790 1286 βορέην
1831 1239 1855 1283 3

119 1298 363 1368 [λέγουσι]
394 1299 578 1365 ἄνεμον
607 1305 707 1352 τῶν
730 1301 1005 1367 ὑπεροίκων
1034 1302 1122 1365 τῆς
1151 1300 1319 1368 χώρης
1350 1301 1438 1353 οὐκ
1467 1301 1547 1353 οἷά
1578 1324 1633 1355 τε
1664 1304 1792 1356 εἶναι
1812 1307 2098 1360 &aem-⁸⁸⁸⁰*

120 1384 194 1437 ἔτι
223 1383 523 1452 προσωτέρω
557 1385 671 1437 οὔτε
706 1386 826 1452 ὁρᾶν
864 1385 977 1438 οὔτε
1014 1383 1247 1449 διεξιέναι
1283 1384 1380 1437 ὑπὸ
1416 1391 1610 1453 πτερῶν
1643 1409 1786 1455 κεχυ-
2052 1374 2098 1401 ⁰*

48 1495 94 1536 15
118 1468 299 1536 μένων·
345 1474 539 1536 πτερῶν
570 1471 664 1537 γὰρ
697 1470 775 1521 καὶ
812 1469 903 1534 τὴν
939 1473 1035 1536 γῆν
1066 1470 1146 1522 καὶ
1177 1474 1264 1523 τὸν
1294 1469 1417 1537 ἠέρα
1453 1470 1579 1525 εἶναι
1614 1471 1799 1531 πλέον,

121 1555 201 1606 καὶ
229 1558 383 1606 ταῦτα
411 1554 536 1606 εἶναι
567 1556 629 1606 τὰ
658 1555 996 1619 ἀποκληίοντα
1024 1553 1114 1618 τὴν
1145 1556 1284 1621 ὄψιν.

203 1638 389 1690 Σκύθαι
419 1641 510 1704 μὲν
541 1640 638 1690 ὦδε
664 1639 789 1705 ὑπὲρ
814 1638 991 1706 σφέων
1021 1659 1076 1691 τε
1107 1639 1266 1691 αὐτῶν
1300 1639 1378 1691 καὶ
1398 1642 1486 1705 τῆς
1512 1641 1680 1709 χώρης
1703 1644 1790 1706 τῆς
1829 1645 1860 1692 8

123 1723 396 1790 κατύπερθε
431 1721 661 1790 λέγουσι,
695 1722 962 1788 Ἑλλήνων
1003 1726 1057 1775 δὲ
1099 1725 1146 1775 οἱ
1185 1722 1273 1775 τὸν
1305 1725 1504 1777 Πόντον
1544 1724 1791 1778 οἰκέοντες

120 1809 230 1860 ὦδε.
318 1805 577 1874 Ἡρακλέα
617 1807 894 1860 ἐλαύνοντα
932 1809 1020 1861 τὰς
1060 1808 1318 1874 Γηρυόνεω
1359 1813 1483 1874 βοῦς
1524 1808 1792 1861 ἀπικέσθαι

49 1917 99 1948 20
122 1893 174 1946 ἐς
201 1894 298 1960 γῆν
327 1891 509 1957 ταύτην
540 1893 725 1944 ἐοῦσαν
758 1890 960 1959 ἐρήμην,
995 1892 1168 1957 ἥντινα
1205 1896 1290 1944 νῦν
1322 1892 1509 1945 Σκύθαι
1539 1892 1789 1959 νέμονται.

123 1976 373 2045 Γηρυόνεα
421 1979 477 2029 δὲ
521 1975 703 2029 οἰκέειν
750 1974 845 2041 ἔξω
892 1981 980 2028 τοῦ
1030 1977 1246 2036 Πόντου,
1299 1977 1650 2044 κατοικημένον
1700 1977 1793 2042 τὴν
1833 1999 1859 2030 2

113 2058 367 2126 οΈλληνες
409 2060 619 2129 λέγουσι
667 2060 932 2128 Ἐρύθειαν
979 2064 1155 2126 νῆσον,
1203 2059 1295 2125 τὴν
1341 2061 1463 2127 πρὸς
1510 2061 1793 2127 Γηδείροισι

121 2150 256 2198 τοῖσι
295 2142 390 2209 ἔξω
429 2144 726 2212 “Ηρακλέων
770 2144 1001 2211 στηλέων
1046 2145 1128 2198 ἐπὶ
1167 2150 1235 2215 τῷ
1276 2144 1519 2216 Ὠκεανῷ.
1608 2145 1694 2198 τὸν
1738 2148 1793 2198 δὲ

122 2228 370 2282 Ὠκεανὸν
398 2230 534 2300 λόγῳ
565 2233 657 2295 μὲν
679 2229 891 2297 λέγουσι
914 2230 1013 2282 ἀπὸ
1036 2230 1180 2295 ἡλίου
1205 2229 1491 2282 ἀνατολέων
1515 2228 1793 2298 ἀρξάμενον

50 2340 98 2381 25
123 2316 218 2381 γῆν
247 2314 359 2382 περὶ
388 2317 560 2367 πᾶσαν
593 2314 740 2382 ῥέειν,
775 2315 901 2384 ἔργῳ
941 2317 993 2366 δὲ
1032 2314 1119 2365 οὐκ
1155 2315 1490 2366 ἀποδεικνῦσι.
1565 2316 1792 2367 ἐνθεῦτεν
1833 2336 1857 2379 3

122 2397 210 2450 τὸν
251 2397 509 2465 Ἱ-Ιρακλέα
553 2399 618 2453 ὡς
661 2397 929 2451 ἀπικέσθαι
975 2401 1027 2452 ἐς
1071 2397 1161 2463 τὴν
1205 2402 1293 2450 νῦν
1338 2398 1581 2462 Σκυθικὴν
1623 2399 1793 2466 χώρην

125 2482 429 2549 καλεομένην
458 2483 786 2550 (καταλαβεῖν
815 2486 911 2551 γὰρ
942 2482 1091 2535 αὐτὸν
1121 2481 1343 2552 χειμῶνά
1379 2505 1434 2535 τε
1466 2484 1544 2535 καὶ
1576 2480 1942 2552 κρυμόν),βνηθ

181 2627 200 2654 1
233 2615 352 2669 σφίσι
374 2614 494 2655 stein
514 2629 523 2654 τ
554 2614 690 2668 σψκν)
716 2616 750 2654 L
901 2627 926 2664 4
947 2613 1096 2666 χρόνον
1111 2612 1151 2652 Α
1167 2613 1201 2652 Β
1218 2613 1253 2653 C
1353 2615 1428 2655 τὸν
1449 2615 1532 2669 ἱρὸν
1551 2628 1633 2656 om.
1651 2613 1690 2654 A
1705 2614 1740 2654 Β
1757 2615 1791 2654 C

124 2672 165 2712 ἐς
194 2682 278 2710 om.
314 2670 451 2710 RSV
669 2671 695 2708 8
723 2674 896 2711 διεναυτ.
922 2669 1060 2708 RSV
1225 2671 1276 2710 ὡς
1306 2669 1355 2710 ἂν
1385 2669 1420 2708 C
1589 2671 1721 2711 ἵππων
1750 2670 1791 2709 R

126 2737 171 2763 11
211 2725 415 2777 μεγίστην
451 2728 616 2773 ποιῆσαι
648 2724 786 2764 RSV
974 2736 1021 2762 12
1066 2726 1194 2778 βορῆν
1225 2723 1364 2763 RSV
1533 2736 1582 2773 13
1621 2725 1792 2775 λέγουσι

125 2778 227 2828 (del.
253 2779 468 2829 Krueger)
492 2786 590 2831 post
611 2780 758 2830 ἄνεμον
780 2780 817 2818 R
834 2777 917 2818 SV
1049 2790 1095 2826 17
1128 2777 1281 2819 αὐτέων
1304 2778 1343 2817 R
1361 2778 1443 2818 SV
1564 2779 1613 2817 18
1643 2779 1681 2820 οἳ
1701 2778 1740 2817 R
1754 2778 1793 2816 V

124 2833 324 2876 οἰκέουσιν
347 2834 386 2873 R
401 2834 432 2874 S
445 2833 484 2873 V
653 2846 703 2884 19
733 2833 932 2886 Γηρυόναο
952 2832 1053 2881 βόας
1076 2833 1115 2872 R
1131 2832 1162 2872 S
1175 2833 1214 2871 V
1237 2833 1367 2886 (Pop.)
1482 2833 1687 2875 ἐπικέσθαι
1709 2832 1793 2872 SV

124 2886 231 2938 (non
254 2888 313 2934 R)
494 2900 544 2927 21
577 2888 779 2942 Γηρυόνην
802 2888 839 2926 R
856 2887 939 2927 SV
1101 2900 1153 2926 22
1183 2889 1221 2928 οἱ
1231 2886 1354 2929 ἽΞᾹᾸ.
1382 2886 1421 2925 R
1441 2887 1470 2926 S
1488 2887 1527 2927 V
1638 2887 1755 2929 Γαδεί
1782 2890 1805 2928 .’

124 2941 215 2982 ΑΒ
231 2943 265 2983 C
280 2943 314 2982 P
478 2956 531 2994 23
561 2943 634 2995 ἔξω
656 2944 720 2984 ἐπὶ
741 2945 801 2984 Ἥ.
828 2942 868 2981 Α
886 2941 920 2980 Β
936 2942 970 2981 C
1138 2953 1191 2991 25
1222 2944 1383 2983 ἐνθεῦτε
1409 2941 1450 2981 R
1468 2955 1478 2980 t
1511 2941 1623 2984 ἔνθέν
1639 2958 1689 2984 τε
1709 2941 1741 2982 S

125 2998 181 3036 26
209 3000 261 3040 ὥς
279 3011 361 3038 om.
386 2998 426 3037 A
439 2997 474 3037 B
490 2998 524 3037 C
539 2997 573 3037 P
703 2996 935 3039 ἀπικέεσθαι
957 2997 990 3035 C
1122 2996 1294 3046 Σκυθίην
1309 2995 1350 3035 Α
1365 2996 1398 3036 Β
1412 2996 1446 3037 C
1461 2995 1495 3035 P
1662 3008 1712 3047 27
1743 3013 1792 3038 τε

126 3064 210 3092 om.
234 3053 273 3105 R
288 3053 318 3093 S
330 3052 370 3091 V
478 3051 657 3107 κρυμμόν
678 3052 718 3093 R
733 3052 764 3092 S
776 3052 814 3091 V

181 3121 284 3148 Hor.
307 3120 335 3148 1.
1576 3109 1627 3147 21
