2098 3320
90 93 268 142 1V28

1 240 266 288 wamma

9 315 208 351 seuu-
242 331 267 374 3

240 665 268 707 4

0 870 265 965 ,γῂωὲ9

195 1514 263 1562 30

0 1574 249 1639 φφῂω.

209 2262 266 2310 m

923 91 1348 140 HPOAOTOT

306 222 728 294 Thy—Qsspalnv
761 221 846 274 οὐκ
877 222 951 273 ὕει
984 222 1139 289 λόγου
1171 219 1310 286 ἄξιον
1339 221 1497 282 οὐδέν,
1529 221 1588 274 τὸ
1618 225 1670 276 δὲ
1702 222 1842 291 θέρος
1870 225 1970 277 ὕων

304 308 392 359 οὐκ
424 309 564 359 ἀνίει.
652 308 869 374 βρονταί
903 329 957 359 τε
999 305 1122 372 ἦμος
1163 314 1223 379 τῇ
1263 305 1395 379 ἄλλῃ
1436 308 1673 374 γίνονται,
1706 313 1971 373 τηνικαῦτα

302 395 395 456 μὲν
439 391 495 442 οὐ
540 392 777 458 γίνονται,
823 389 991 457 θέρεος
1038 393 1091 442 δὲ
1137 390 1474 458 ἀμφιλαφέες·
1523 387 1585 455 ἢν
1630 394 1684 444 δὲ
1726 397 1970 461 χειμῶνος

302 475 491 543 βροντὴ
537 474 756 542 γένηται,
803 475 868 528 ὡς
911 474 1056 542 τέρας
1105 471 1432 542 [νενόμισται]
1473 475 1762 542 θωμάζεται·
1809 476 1875 530 ὣς
1916 479 1970 529 δὲ

306 562 383 612 καὶ
419 556 480 624 ἢν
519 559 727 625 σεισμὸς
767 558 985 626 γένηται,
1018 558 1078 624 ἥν
1124 581 1178 611 τε
1222 559 1389 627 θέρεος
1429 559 1490 624 ἤν
1529 581 1584 612 τε
1623 565 1883 629 χειμῶνος,
1915 563 1970 614 ἐν
1994 580 2017 622 5

302 652 363 717 τῇ
393 645 604 715 Σκυθικῇ
635 643 779 711 τέρας
803 645 1105 709 νενόμισται.
1185 645 1329 697 ἵπποι
1358 647 1411 696 δὲ
1442 645 1736 713 ἀνεχόμενοι
1759 644 1972 712 φέρουσι

302 729 388 781 τὸν
432 734 655 797 χειμῶνα
696 733 886 787 τοῦτον,
933 729 1127 793 ἡμίονοι
1170 731 1224 780 δὲ
1269 729 1381 780 οὐδὲ
1427 730 1532 780 ὄνοι
1576 729 1662 781 οὐκ
1706 728 1970 798 ἀνέχονται

303 812 479 882 ἀρχήν·
526 814 585 886 τῇ
617 815 670 865 δὲ
705 812 839 885 ἄλλῃ
871 814 1012 865 ἵπποι
1042 815 1133 877 μὲν
1165 814 1218 865 ἐν
1260 814 1419 883 κρυμῷ
1455 815 1694 867 ἑστεῶτες
1729 814 1964 882 ἆποσφα-
2027 846 2029 849 -

305 899 570 966 κ-ελίζουσι,
614 899 720 949 ὄνοι
764 900 817 949 δὲ
863 898 941 949 καὶ
981 897 1176 963 ἡμίονοι
1218 896 1498 965 ἀνέχονται.
1587 896 1749 950 δοκέει
1788 896 1844 950 δέ
1884 919 1971 964 μοι

305 982 384 1034 καὶ
414 982 472 1034 τὸ
502 980 647 1049 γένος
683 987 781 1033 τῶν
821 986 960 1047 βοῶν
990 980 1047 1032 τὸ
1081 982 1229 1033 κόλον
1268 984 1348 1033 διὰ
1379 986 1531 1034 ταῦτα
1562 982 1618 1033 οὐ
1649 981 1796 1050 φύειν
1826 980 1971 1050 κέρεα

303 1067 489 1118 αὐτόθι·
538 1064 796 1133 μαρτυρέει
836 1065 891 1117 δέ
932 1087 1017 1132 μοι
1057 1073 1118 1139 τῇ
1158 1067 1327 1139 γνώμῃ
1373 1067 1451 1118 καὶ
1493 1065 1711 1134 “Ομήρου
1752 1065 1870 1121 ἔπος
1915 1069 1970 1119 ἐν

303 1151 580 1222 Ὀδυσσείῃ
612 1151 732 1219 ἔχον
761 1151 872 1202 ὧδε·

447 1236 545 1288 Καὶ
575 1235 786 1301 Λιβύην,
819 1236 900 1286 ὅθι
929 1233 973 1286 τ’
1004 1233 1147 1302 ἄρνες
1178 1233 1314 1302 ἄφαρ
1349 1235 1511 1302 κεραοὶ
1542 1234 1820 1295 τελέθουσι,

303 1321 461 1388 ὀρθῶς
498 1318 773 1386 εἰρημένον,
813 1320 866 1370 ἐν
903 1323 1037 1371 τοῖσι
1075 1323 1301 1385 θερμοῖσι
1341 1320 1467 1388 ταχὺ
1503 1320 1868 1387 παραγίνεσθαι
1907 1321 1969 1371 τὰ

306 1403 464 1472 κέρεα·
492 1406 545 1456 ἐν
565 1407 617 1456 δὲ
638 1409 770 1456 τοῖσι
793 1405 1047 1472 ἰσχυροῖσι
1066 1403 1262 1472 ψύχεσι
1282 1399 1312 1467 ἢ
1334 1404 1390 1455 οὐ
1409 1404 1525 1471 φύει
1546 1402 1689 1470 κέρεα
1710 1405 1768 1455 τᾶ
1792 1401 1970 1468 κτήνεα

303 1488 464 1557 ἀρχὴν
493 1484 523 1553 ἢ
548 1489 740 1556 φύοντα
764 1487 879 1556 φύει
908 1489 1067 1554 μόγις.
1144 1490 1354 1540 ἐνθαῦτα
1382 1487 1474 1553 μέν
1499 1509 1585 1540 νυν
1608 1489 1688 1540 διὰ
1712 1489 1774 1539 τὰ
1797 1487 1970 1557 ψύχεα

303 1574 495 1640 γίνεται
523 1578 690 1625 ταῦτα·
738 1571 944 1637 θωμάζω
981 1571 1036 1624 δέ
1068 1570 1376 1638 (προσ-θήκας
1413 1574 1506 1639 γὰρ
1543 1570 1602 1637 δή
1643 1593 1728 1637 μοι
1760 1573 1786 1625 ὁ
1816 1572 1969 1639 λόγος

303 1656 362 1722 ἐξ
389 1659 545 1727 ἀρχῆς
577 1654 783 1722 ἐδίζητο)
806 1658 834 1708 ὅ
862 1678 908 1708 τι
939 1658 993 1708 ἐν
1024 1657 1081 1728 τῇ
1115 1656 1295 1727 Ἠλείῃ
1320 1655 1458 1727 πάσῃ
1489 1656 1627 1728 χώρῃ
1655 1655 1712 1708 οὐ
1741 1654 1970 1708 δυνέαται

303 1744 534 1809 γίνεσθαι
561 1742 772 1807 ἡμίονοι,
799 1741 911 1793 οὔτε
932 1746 1133 1808 ψυχροῦ
1161 1744 1248 1793 τοῦ
1275 1741 1440 1809 χώρου
1469 1741 1635 1794 ἐόντος
1669 1741 1781 1793 οὔτε
1810 1739 1970 1793 ἄλλου

304 1831 522 1894 φανεροῦ
553 1827 710 1878 αἰτίου
739 1826 954 1880 οὐδενός.
1030 1826 1160 1893 φασὶ
1192 1826 1246 1876 δὲ
1269 1825 1408 1878 αὐτοὶ
1442 1824 1641 1877 Ἠλεῖοι
1674 1826 1727 1876 ἐκ
1759 1822 1970 1891 κατάρης

303 1932 386 1964 τευ
415 1911 473 1963 οὐ
501 1913 732 1978 γίνεσθαι
756 1912 910 1977 σφίσι
939 1909 1186 1975 ἡμιόνους.
1263 1909 1379 1963 ἀλλ’
1408 1911 1560 1962 ἐπεὰν
1594 1909 1778 1980 προσίῃ
1808 1908 1838 1974 ἡ
1869 1908 1968 1975 ὥρη

305 1995 596 2048 κυΐσκεσθαι
635 1997 722 2048 τὰς
762 1996 956 2054 ἵππους,
993 1993 1317 2059 ἐξελαύνουσι
1353 1997 1404 2049 ἐς
1439 1993 1552 2048 τοὺς
1588 1992 1972 2062 πλησιοχώρους

302 2080 454 2134 αὐτὰς
486 2080 564 2132 καὶ
595 2079 766 2132 ἔπειτά
798 2086 894 2147 σφι
932 2082 986 2131 ἐν
1021 2074 1079 2151 τῇ
1117 2084 1214 2131 τῶν
1251 2078 1409 2133 πέλας
1447 2081 1632 2131 ἐπιεῖσι
1660 2077 1773 2130 τοὺς
1808 2079 1966 2136 ὄνους,

302 2166 353 2218 ἐς
382 2165 438 2217 οὓ
470 2164 533 2217 ἂν
564 2169 734 2233 σχῶσι
764 2166 813 2216 αἱ
845 2166 987 2217 ἵπποι
1019 2165 1072 2216 ἐν
1110 2165 1308 2231 γαστρί·
1355 2163 1525 2216 ἔπειτα
1559 2166 1611 2215 δὲ
1648 2162 1812 2214 ὀπίσω
1848 2161 1967 2214 ἀπε·-

302 2249 561 2302 λαύνουσι.
649 2250 761 2316 περὶ
797 2251 851 2301 δὲ
887 2254 985 2301 τῶν
1023 2253 1216 2316 πτερῶν
1251 2252 1351 2300 τῶν
1381 2247 1566 2300 Σκύθαι
1600 2245 1811 2314 λέγουσι
1850 2244 1968 2298 ἇνά-

302 2340 460 2386 πλεον
502 2333 628 2385 εἶναι
662 2333 749 2385 τὸν
788 2332 924 2399 ἠέρα,
961 2334 1040 2385 καὶ
1081 2333 1267 2385 τούτων
1310 2333 1473 2385 εἵνεκα
1512 2331 1597 2383 οὐκ
1636 2329 1716 2382 οἶά
1751 2351 1806 2383 τε
1845 2329 1972 2382 εἶναι

303 2418 415 2470 οὔτε
448 2419 568 2470 ἰδεῖν
599 2417 655 2469 τὸ
686 2417 858 2484 πρόσω
896 2420 982 2482 τῆς
1019 2417 1223 2484 ἠπείρου
1260 2417 1372 2469 οὔτε
1406 2414 1655 2481 διεξιέναι,
1687 2412 1835 2479 τήνδε
1869 2412 1970 2482 ἔχω

359 2570 384 2595 2
415 2556 483 2608 τε]
508 2556 550 2598 δὲ
573 2557 653 2596 SV
845 2569 870 2606 3
902 2554 1012 2609 θέρος
1035 2557 1073 2596 R
1088 2556 1170 2595 SV
1359 2568 1384 2604 4
1415 2553 1660 2606 θωμάζεσθαι
1683 2553 1716 2592 L
1739 2552 1876 2604 (θωυμ.
1901 2552 1965 2601 Ρ),

305 2624 413 2652 corr.
438 2612 644 2652 Matthiae
667 2610 901 2662 νενόμισται
923 2612 1065 2650 deleto
1205 2622 1230 2660 5
1261 2611 1326 2652 καὶ
1347 2623 1429 2649 om.
1453 2609 1494 2648 A
1511 2610 1546 2648 B
1562 2609 1595 2647 C
1706 2607 1815 2660 θέρος
1835 2607 1874 2645 Α
1888 2606 1969 2645 BC

303 2665 477 2719 6ντέρας
509 2667 661 2717 νενόμ]
694 2668 744 2706 ὡς
774 2683 812 2706 τ.
843 2664 1063 2717 θωμάζεται
1095 2665 1127 2704 Ρ
1155 2666 1316 2717 (θωυμ.)
1346 2665 1480 2704 RSV
1635 2675 1656 2712 7
1686 2660 1779 2703 οὐδὲ
1803 2660 1970 2700 APR:

305 2723 370 2762 καὶ
402 2722 456 2762 S:
495 2735 576 2761 om.
613 2721 746 2760 BCV
911 2723 982 2761 οὐκ
1008 2733 1090 2761 om.
1116 2719 1251 2759 Aldus
1474 2732 1523 2758 10
1551 2721 1685 2759 κῶλον
1705 2717 1767 2756 C:
1797 2715 1969 2757 καθόλου

307 2776 486 2815 PRSV
671 2789 715 2814 11
749 2792 825 2825 μου
847 2775 1031 2814 PRSV
1156 2773 1478 2816 'calomABC
1666 2777 1777 2821 15et
1801 2772 1851 2810 16
1879 2769 1970 2822 φύει

308 2831 346 2868 R
363 2831 443 2870 SV
465 2831 656 2870 Eustath.
681 2830 764 2870 Od.
797 2831 927 2879 1485:
957 2829 1072 2882 φύειν
1092 2829 1184 2870 rell.
1354 2830 1402 2867 18
1433 2826 1612 2879 ἐδίζητο]
1638 2825 1811 2877 ἐζήτησε
1831 2824 1968 2863 ABC

304 2898 353 2924 21
387 2902 458 2926 τευ
480 2886 513 2924 Ρ
529 2885 567 2923 R
582 2885 665 2924 SV
687 2885 806 2924 Eust.
834 2884 959 2924 Dion.
986 2898 1068 2935 409
1087 2898 1095 2923 :
1124 2897 1205 2923 om.
1225 2882 1316 2923 rell.
1467 2891 1566 2934 σφιν
1588 2879 1770 2921 PRSV
1899 2880 1970 2919 ἐὰν

304 2943 435 2992 προσῇ
455 2939 543 2979 AB
558 2940 591 2978 C
704 2940 728 2988 ἦ
751 2952 831 2979 om.
857 2939 939 2978 SV
1122 2952 1174 2976 22
1203 2938 1318 2990 τοὺς]
1339 2939 1410 2978 τὰς
1433 2937 1472 2975 R
1488 2937 1569 2976 SV
1748 2947 1799 2984 24
1832 2936 1870 2975 ἐς
1890 2934 1912 2975 ὃ
1934 2933 1968 2972 Ρ

305 2994 457 3046 ἔχωσιν
478 2995 517 3033 R
533 2995 562 3033 S
575 2995 613 3033 V
779 2996 833 3033 26
862 2993 937 3035 οἷοί
956 2993 995 3032 Λ
1010 2994 1044 3033 Β
1061 2994 1093 3032 C
1109 2994 1140 3031 P
1253 2993 1351 3034 εἶναι
1372 3005 1454 3031 om.
1481 2992 1514 3030 C

1997 1000 2047 1031 10

1998 1422 2043 1463 15

1998 1847 2048 1875 20

1997 2267 2044 2298 2ss

2021 2297 2041 2310 U
