<?xml version="1.0" encoding="UTF-8"?>
<!DOCTYPE html PUBLIC "-//W3C//DTD XHTML 1.0 Transitional//EN"
    "http://www.w3.org/TR/xhtml1/DTD/xhtml1-transitional.dtd">
<html xmlns="http://www.w3.org/1999/xhtml" xml:lang="en" lang="en">
 <head>
  <title>
</title>
<meta http-equiv="Content-Type" content="text/html;charset=utf-8" />
  <meta name='ocr-system' content='tesseract 3.04.00' />
  <meta name='ocr-capabilities' content='ocr_page ocr_carea ocr_par ocr_line ocrx_word'/>
</head>
<body>
  <div class='ocr_page' id='page_1' title='image "./herodotihistoria01herouoft_0120.png"; bbox 0 0 2098 3320; ppageno 0'>
   <div class='ocr_carea' id='block_1_1' title="bbox 7 70 153 132">
    <p class='ocr_par' dir='ltr' id='par_1_1' title="bbox 7 70 153 132">
     <span class='ocr_line' id='line_1_1' title="bbox 7 70 153 132; baseline 0.014 -15"><span class='ocrx_word' id='word_1_1' title='bbox 7 70 46 120; x_wconf 90' lang='lat' dir='ltr'>I.</span> <span class='ocrx_word' id='word_1_2' title='bbox 65 84 153 132; x_wconf 89' lang='lat'>191</span> 
     </span>
    </p>
   </div>
   <div class='ocr_carea' id='block_1_2' title="bbox 146 394 170 437">
    <p class='ocr_par' dir='ltr' id='par_1_2' title="bbox 146 394 170 437">
     <span class='ocr_line' id='line_1_2' title="bbox 146 394 170 437; baseline 0 0"><span class='ocrx_word' id='word_1_3' title='bbox 146 394 170 437; x_wconf 89' lang='lat'>3</span> 
     </span>
    </p>
   </div>
   <div class='ocr_carea' id='block_1_3' title="bbox 828 73 1261 122">
    <p class='ocr_par' dir='ltr' id='par_1_3' title="bbox 828 73 1261 122">
     <span class='ocr_line' id='line_1_3' title="bbox 828 73 1261 122; baseline 0.005 -2"><span class='ocrx_word' id='word_1_4' title='bbox 828 73 1261 122; x_wconf 81' lang='grc' dir='ltr'>ΗΡΟΔΟΤΟΎ</span> 
     </span>
    </p>
   </div>
   <div class='ocr_carea' id='block_1_4' title="bbox 206 201 1877 523">
    <p class='ocr_par' dir='ltr' id='par_1_4' title="bbox 206 201 1877 523">
     <span class='ocr_line' id='line_1_4' title="bbox 206 201 1877 274; baseline 0.002 -20"><span class='ocrx_word' id='word_1_5' title='bbox 206 202 357 274; x_wconf 84' lang='grc' dir='ltr'>ταύτῃ</span> <span class='ocrx_word' id='word_1_6' title='bbox 403 203 453 256; x_wconf 93' lang='grc' dir='ltr'>ἐς</span> <span class='ocrx_word' id='word_1_7' title='bbox 491 201 582 267; x_wconf 78' lang='grc' dir='ltr'>τὴν</span> <span class='ocrx_word' id='word_1_8' title='bbox 623 203 787 255; x_wconf 92' lang='grc' dir='ltr'>πόλιν.</span> <span class='ocrx_word' id='word_1_9' title='bbox 878 205 1003 255; x_wconf 81' lang='grc' dir='ltr'>οὕτω</span> <span class='ocrx_word' id='word_1_10' title='bbox 1047 225 1102 256; x_wconf 87' lang='grc' dir='ltr'>τε</span> <span class='ocrx_word' id='word_1_11' title='bbox 1146 203 1204 269; x_wconf 78' lang='grc' dir='ltr'>δὴ</span> <span class='ocrx_word' id='word_1_12' title='bbox 1244 203 1394 270; x_wconf 80' lang='grc' dir='ltr'>τάξας</span> <span class='ocrx_word' id='word_1_13' title='bbox 1439 206 1518 257; x_wconf 89' lang='grc' dir='ltr'>καὶ</span> <span class='ocrx_word' id='word_1_14' title='bbox 1565 206 1686 257; x_wconf 81' lang='grc' dir='ltr'>κατὰ</span> <span class='ocrx_word' id='word_1_15' title='bbox 1723 210 1877 258; x_wconf 89' lang='grc' dir='ltr'>ταῦτα</span> 
     </span>
     <span class='ocr_line' id='line_1_5' title="bbox 206 284 1872 359; baseline 0.002 -21"><span class='ocrx_word' id='word_1_16' title='bbox 206 285 512 354; x_wconf 80' lang='grc' dir='ltr'>παραινέσας</span> <span class='ocrx_word' id='word_1_17' title='bbox 558 284 810 351; x_wconf 73' lang='grc' dir='ltr'>ἀπήλαυνε</span> <span class='ocrx_word' id='word_1_18' title='bbox 856 287 1001 340; x_wconf 82' lang='grc' dir='ltr'>αὐτὸς</span> <span class='ocrx_word' id='word_1_19' title='bbox 1043 288 1137 340; x_wconf 86' lang='grc' dir='ltr'>σὺν</span> <span class='ocrx_word' id='word_1_20' title='bbox 1176 294 1241 359; x_wconf 86' lang='grc' dir='ltr'><em>τῷ</em></span> <span class='ocrx_word' id='word_1_21' title='bbox 1283 290 1471 359; x_wconf 78' lang='grc' dir='ltr'>ἀχρηίῳ</span> <span class='ocrx_word' id='word_1_22' title='bbox 1512 293 1599 340; x_wconf 91' lang='grc' dir='ltr'>τοῦ</span> <span class='ocrx_word' id='word_1_23' title='bbox 1643 294 1872 357; x_wconf 91' lang='grc' dir='ltr'>στρατοῦ.</span> 
     </span>
     <span class='ocr_line' id='line_1_6' title="bbox 207 370 1875 440; baseline 0.002 -17"><span class='ocrx_word' id='word_1_24' title='bbox 207 371 505 436; x_wconf 84' lang='grc' dir='ltr'>ἀπικόμενος</span> <span class='ocrx_word' id='word_1_25' title='bbox 541 373 595 422; x_wconf 82' lang='grc' dir='ltr'>δὲ</span> <span class='ocrx_word' id='word_1_26' title='bbox 632 371 712 423; x_wconf 85' lang='grc' dir='ltr'>ἐπὶ</span> <span class='ocrx_word' id='word_1_27' title='bbox 747 370 838 435; x_wconf 80' lang='grc' dir='ltr'>τὴν</span> <span class='ocrx_word' id='word_1_28' title='bbox 875 372 1070 437; x_wconf 94' lang='grc' dir='ltr'>λίμνην,</span> <span class='ocrx_word' id='word_1_29' title='bbox 1110 371 1171 424; x_wconf 88' lang='grc' dir='ltr'>τά</span> <span class='ocrx_word' id='word_1_30' title='bbox 1210 395 1302 440; x_wconf 90' lang='grc' dir='ltr'>περ</span> <span class='ocrx_word' id='word_1_31' title='bbox 1336 374 1366 438; x_wconf 78' lang='grc' dir='ltr'>ἡ</span> <span class='ocrx_word' id='word_1_32' title='bbox 1403 378 1501 425; x_wconf 83' lang='grc' dir='ltr'>τῶν</span> <span class='ocrx_word' id='word_1_33' title='bbox 1539 374 1875 439; x_wconf 86' lang='grc' dir='ltr'>Βαβυλωνίων</span> 
     </span>
     <span class='ocr_line' id='line_1_7' title="bbox 206 454 1871 523; baseline 0.002 -17"><span class='ocrx_word' id='word_1_34' title='bbox 206 456 451 519; x_wconf 90' lang='grc' dir='ltr'>βασίλεια</span> <span class='ocrx_word' id='word_1_35' title='bbox 482 456 691 519; x_wconf 91' lang='grc' dir='ltr'>ἐποίησε</span> <span class='ocrx_word' id='word_1_36' title='bbox 716 454 838 507; x_wconf 87' lang='grc' dir='ltr'>κατά</span> <span class='ocrx_word' id='word_1_37' title='bbox 860 477 915 507; x_wconf 93' lang='grc' dir='ltr'>τε</span> <span class='ocrx_word' id='word_1_38' title='bbox 938 455 1023 507; x_wconf 86' lang='grc' dir='ltr'>τὸν</span> <span class='ocrx_word' id='word_1_39' title='bbox 1047 456 1268 522; x_wconf 89' lang='grc' dir='ltr'>ποταμὸν</span> <span class='ocrx_word' id='word_1_40' title='bbox 1300 458 1379 509; x_wconf 89' lang='grc' dir='ltr'>καὶ</span> <span class='ocrx_word' id='word_1_41' title='bbox 1411 459 1532 509; x_wconf 78' lang='grc' dir='ltr'>κατὰ</span> <span class='ocrx_word' id='word_1_42' title='bbox 1561 457 1651 522; x_wconf 80' lang='grc' dir='ltr'>τὴν</span> <span class='ocrx_word' id='word_1_43' title='bbox 1674 459 1871 523; x_wconf 87' lang='grc' dir='ltr'>λίμνην,</span> 
     </span>
    </p>
   </div>
   <div class='ocr_carea' id='block_1_5' title="bbox 209 538 1918 611">
    <p class='ocr_par' dir='ltr' id='par_1_5' title="bbox 209 538 1918 611">
     <span class='ocr_line' id='line_1_8' title="bbox 209 538 1918 611; baseline 0.002 -21"><span class='ocrx_word' id='word_1_44' title='bbox 209 539 373 591; x_wconf 91' lang='grc' dir='ltr'>ἐποίεε</span> <span class='ocrx_word' id='word_1_45' title='bbox 403 538 483 590; x_wconf 89' lang='grc' dir='ltr'>καὶ</span> <span class='ocrx_word' id='word_1_46' title='bbox 515 540 541 589; x_wconf 90' lang='grc' dir='ltr'>ὁ</span> <span class='ocrx_word' id='word_1_47' title='bbox 566 543 726 605; x_wconf 90' lang='grc' dir='ltr'>Κῦρος</span> <span class='ocrx_word' id='word_1_48' title='bbox 759 540 902 606; x_wconf 81' lang='grc' dir='ltr'>ἕτερα</span> <span class='ocrx_word' id='word_1_49' title='bbox 925 545 1141 591; x_wconf 92' lang='grc' dir='ltr'>τοιαῦτα·</span> <span class='ocrx_word' id='word_1_50' title='bbox 1188 541 1276 593; x_wconf 91' lang='grc' dir='ltr'>τὸν</span> <span class='ocrx_word' id='word_1_51' title='bbox 1305 543 1400 608; x_wconf 81' lang='grc' dir='ltr'>γὰρ</span> <span class='ocrx_word' id='word_1_52' title='bbox 1423 540 1647 607; x_wconf 86' lang='grc' dir='ltr'>ποταμὸν</span> <span class='ocrx_word' id='word_1_53' title='bbox 1671 542 1874 611; x_wconf 79' lang='grc' dir='ltr'>διώρυχι</span> <span class='ocrx_word' id='word_1_54' title='bbox 1897 563 1918 605; x_wconf 89' lang='lat'>5</span> 
     </span>
    </p>
   </div>
   <div class='ocr_carea' id='block_1_6' title="bbox 207 623 1873 694">
    <p class='ocr_par' dir='ltr' id='par_1_6' title="bbox 207 623 1873 694">
     <span class='ocr_line' id='line_1_9' title="bbox 207 623 1873 694; baseline 0.002 -19"><span class='ocrx_word' id='word_1_55' title='bbox 207 624 473 690; x_wconf 86' lang='grc' dir='ltr'>ἐσαγαγὼν</span> <span class='ocrx_word' id='word_1_56' title='bbox 511 625 561 677; x_wconf 90' lang='grc' dir='ltr'>ἐς</span> <span class='ocrx_word' id='word_1_57' title='bbox 597 623 688 688; x_wconf 79' lang='grc' dir='ltr'>τὴν</span> <span class='ocrx_word' id='word_1_58' title='bbox 724 625 906 689; x_wconf 88' lang='grc' dir='ltr'>λίμνην</span> <span class='ocrx_word' id='word_1_59' title='bbox 944 626 1124 677; x_wconf 89' lang='grc' dir='ltr'>ἐοῦσαν</span> <span class='ocrx_word' id='word_1_60' title='bbox 1161 626 1290 686; x_wconf 80' lang='grc' dir='ltr'>ἕλος,</span> <span class='ocrx_word' id='word_1_61' title='bbox 1331 630 1385 677; x_wconf 85' lang='grc' dir='ltr'>τὸ</span> <span class='ocrx_word' id='word_1_62' title='bbox 1428 627 1637 694; x_wconf 86' lang='grc' dir='ltr'>ἀρχαῖον</span> <span class='ocrx_word' id='word_1_63' title='bbox 1670 625 1873 694; x_wconf 86' lang='grc' dir='ltr'>ῥέεθρον</span> 
     </span>
    </p>
   </div>
   <div class='ocr_carea' id='block_1_7' title="bbox 0 674 1870 778">
    <p class='ocr_par' dir='ltr' id='par_1_7' title="bbox 0 674 1870 778">
     <span class='ocr_line' id='line_1_10' title="bbox 0 674 1870 778; baseline 0.002 -20"><span class='ocrx_word' id='word_1_64' title='bbox 0 674 447 773; x_wconf 33' lang='grc' dir='ltr'>δ’Ἴκὸιαβατόν</span> <span class='ocrx_word' id='word_1_65' title='bbox 471 707 598 760; x_wconf 75' lang='grc' dir='ltr'>εἶναι</span> <span class='ocrx_word' id='word_1_66' title='bbox 622 709 831 773; x_wconf 87' lang='grc' dir='ltr'>ἐποίησε</span> <span class='ocrx_word' id='word_1_67' title='bbox 851 707 1293 778; x_wconf 60' lang='grc' dir='ltr'>ὑπονοστήσαντος</span> <span class='ocrx_word' id='word_1_68' title='bbox 1315 714 1401 761; x_wconf 92' lang='grc' dir='ltr'>τοῦ</span> <span class='ocrx_word' id='word_1_69' title='bbox 1424 715 1661 776; x_wconf 83' lang='grc' dir='ltr'>ποταμοῦ.</span> <span class='ocrx_word' id='word_1_70' title='bbox 1729 731 1870 777; x_wconf 83' lang='grc' dir='ltr'>γενο-</span> 
     </span>
    </p>
   </div>
   <div class='ocr_carea' id='block_1_8' title="bbox 204 791 1874 1035">
    <p class='ocr_par' dir='ltr' id='par_1_8' title="bbox 204 791 1874 1035">
     <span class='ocr_line' id='line_1_11' title="bbox 204 791 1874 863; baseline 0.002 -20"><span class='ocrx_word' id='word_1_71' title='bbox 204 791 355 857; x_wconf 86' lang='grc' dir='ltr'>μένου</span> <span class='ocrx_word' id='word_1_72' title='bbox 394 794 447 844; x_wconf 80' lang='grc' dir='ltr'>δὲ</span> <span class='ocrx_word' id='word_1_73' title='bbox 489 793 662 844; x_wconf 89' lang='grc' dir='ltr'>τούτου</span> <span class='ocrx_word' id='word_1_74' title='bbox 701 793 925 845; x_wconf 92' lang='grc' dir='ltr'>τοιούτου</span> <span class='ocrx_word' id='word_1_75' title='bbox 961 796 1006 845; x_wconf 81' lang='grc' dir='ltr'>οἱ</span> <span class='ocrx_word' id='word_1_76' title='bbox 1045 793 1243 860; x_wconf 87' lang='grc' dir='ltr'>Πέρσαι</span> <span class='ocrx_word' id='word_1_77' title='bbox 1276 795 1326 846; x_wconf 85' lang='grc' dir='ltr'>οἵ</span> <span class='ocrx_word' id='word_1_78' title='bbox 1359 816 1450 861; x_wconf 91' lang='grc' dir='ltr'>περ</span> <span class='ocrx_word' id='word_1_79' title='bbox 1488 793 1756 863; x_wconf 81' lang='grc' dir='ltr'>ἐτετάχατο</span> <span class='ocrx_word' id='word_1_80' title='bbox 1797 794 1874 847; x_wconf 90' lang='grc' dir='ltr'>ἐπ’</span> 
     </span>
     <span class='ocr_line' id='line_1_12' title="bbox 206 876 1871 945; baseline 0.001 -17"><span class='ocrx_word' id='word_1_81' title='bbox 206 876 336 945; x_wconf 82' lang='grc' dir='ltr'>αὐτῷ</span> <span class='ocrx_word' id='word_1_82' title='bbox 373 876 529 945; x_wconf 84' lang='grc' dir='ltr'>τούτῳ</span> <span class='ocrx_word' id='word_1_83' title='bbox 571 879 694 928; x_wconf 81' lang='grc' dir='ltr'>κατὰ</span> <span class='ocrx_word' id='word_1_84' title='bbox 730 876 787 929; x_wconf 86' lang='grc' dir='ltr'>τὸ</span> <span class='ocrx_word' id='word_1_85' title='bbox 827 877 1029 944; x_wconf 87' lang='grc' dir='ltr'>ῥέεθρον</span> <span class='ocrx_word' id='word_1_86' title='bbox 1066 883 1151 929; x_wconf 93' lang='grc' dir='ltr'>τοῦ</span> <span class='ocrx_word' id='word_1_87' title='bbox 1190 877 1460 945; x_wconf 84' lang='grc' dir='ltr'>Εὐφρήτεω</span> <span class='ocrx_word' id='word_1_88' title='bbox 1497 883 1719 944; x_wconf 80' lang='grc' dir='ltr'>ποταμοῦ</span> <span class='ocrx_word' id='word_1_89' title='bbox 1752 879 1871 930; x_wconf 84' lang='grc' dir='ltr'>ὑπο-</span> 
     </span>
     <span class='ocr_line' id='line_1_13' title="bbox 206 961 1874 1035; baseline 0.001 -23"><span class='ocrx_word' id='word_1_90' title='bbox 206 962 564 1024; x_wconf 87' lang='grc' dir='ltr'>νενοστηκότος</span> <span class='ocrx_word' id='word_1_91' title='bbox 605 962 744 1028; x_wconf 83' lang='grc' dir='ltr'>ἀνδρὶ</span> <span class='ocrx_word' id='word_1_92' title='bbox 787 961 853 1015; x_wconf 81' lang='grc' dir='ltr'>ὣς</span> <span class='ocrx_word' id='word_1_93' title='bbox 890 963 939 1015; x_wconf 91' lang='grc' dir='ltr'>ἐς</span> <span class='ocrx_word' id='word_1_94' title='bbox 975 961 1137 1027; x_wconf 85' lang='grc' dir='ltr'>μέσον</span> <span class='ocrx_word' id='word_1_95' title='bbox 1176 962 1332 1029; x_wconf 89' lang='grc' dir='ltr'>μηρὸν</span> <span class='ocrx_word' id='word_1_96' title='bbox 1369 961 1593 1027; x_wconf 87' lang='grc' dir='ltr'>μάλιστά</span> <span class='ocrx_word' id='word_1_97' title='bbox 1633 983 1706 1035; x_wconf 85' lang='grc' dir='ltr'>κῃ,</span> <span class='ocrx_word' id='word_1_98' title='bbox 1754 964 1874 1014; x_wconf 80' lang='grc' dir='ltr'>κατὰ</span> 
     </span>
    </p>
   </div>
   <div class='ocr_carea' id='block_1_9' title="bbox 1901 984 1950 1014">
    <p class='ocr_par' dir='ltr' id='par_1_9' title="bbox 1901 984 1950 1014">
     <span class='ocr_line' id='line_1_14' title="bbox 1901 984 1950 1014; baseline 0.02 -1"><span class='ocrx_word' id='word_1_99' title='bbox 1901 984 1950 1014; x_wconf 91' lang='lat'>10</span> 
     </span>
    </p>
   </div>
   <div class='ocr_carea' id='block_1_10' title="bbox 149 1044 1930 1113">
    <p class='ocr_par' dir='ltr' id='par_1_10' title="bbox 149 1044 1930 1113">
     <span class='ocr_line' id='line_1_15' title="bbox 149 1044 1930 1113; baseline 0.003 -18"><span class='ocrx_word' id='word_1_100' title='bbox 149 1064 171 1109; x_wconf 89' lang='lat'><strong>5</strong></span> <span class='ocrx_word' id='word_1_101' title='bbox 206 1049 349 1096; x_wconf 87' lang='grc' dir='ltr'>τοῦτο</span> <span class='ocrx_word' id='word_1_102' title='bbox 387 1044 600 1109; x_wconf 83' lang='grc' dir='ltr'>ἐσήισαν</span> <span class='ocrx_word' id='word_1_103' title='bbox 632 1046 682 1098; x_wconf 92' lang='grc' dir='ltr'>ἐς</span> <span class='ocrx_word' id='word_1_104' title='bbox 712 1045 802 1109; x_wconf 81' lang='grc' dir='ltr'>τὴν</span> <span class='ocrx_word' id='word_1_105' title='bbox 834 1049 1130 1111; x_wconf 82' lang='grc' dir='ltr'>Βαβυλῶνα.</span> <span class='ocrx_word' id='word_1_106' title='bbox 1220 1049 1261 1098; x_wconf 84' lang='grc' dir='ltr'>εἰ</span> <span class='ocrx_word' id='word_1_107' title='bbox 1297 1046 1389 1111; x_wconf 89' lang='grc' dir='ltr'>μέν</span> <span class='ocrx_word' id='word_1_108' title='bbox 1419 1068 1506 1099; x_wconf 90' lang='grc' dir='ltr'>νυν</span> <span class='ocrx_word' id='word_1_109' title='bbox 1537 1047 1874 1113; x_wconf 83' lang='grc' dir='ltr'>προεπύθοντο</span> <span class='ocrx_word' id='word_1_110' title='bbox 1927 1100 1930 1101; x_wconf 15' lang='lat'><em>⁷</em></span> 
     </span>
    </p>
   </div>
   <div class='ocr_carea' id='block_1_11' title="bbox 0 1188 222 1224">
    <p class='ocr_par' dir='ltr' id='par_1_11' title="bbox 0 1188 222 1224">
     <span class='ocr_line' id='line_1_16' title="bbox 0 1188 222 1224; baseline 0 0"><span class='ocrx_word' id='word_1_111' title='bbox 0 1188 222 1224; x_wconf 50' lang='lat' dir='ltr'>“dh-¹³⁹</span> 
     </span>
    </p>
   </div>
   <div class='ocr_carea' id='block_1_12' title="bbox 206 1124 1873 1202">
    <p class='ocr_par' dir='ltr' id='par_1_12' title="bbox 206 1124 1873 1202">
     <span class='ocr_line' id='line_1_17' title="bbox 206 1124 1873 1202; baseline 0.001 -22"><span class='ocrx_word' id='word_1_112' title='bbox 206 1124 237 1193; x_wconf 80' lang='grc' dir='ltr'>ἢ</span> <span class='ocrx_word' id='word_1_113' title='bbox 268 1129 452 1191; x_wconf 85' lang='grc' dir='ltr'>ἔμαθον</span> <span class='ocrx_word' id='word_1_114' title='bbox 488 1132 533 1181; x_wconf 78' lang='grc' dir='ltr'>οἱ</span> <span class='ocrx_word' id='word_1_115' title='bbox 566 1130 885 1194; x_wconf 87' lang='grc' dir='ltr'>Βαβυλώνιοι</span> <span class='ocrx_word' id='word_1_116' title='bbox 915 1129 972 1181; x_wconf 85' lang='grc' dir='ltr'>τὸ</span> <span class='ocrx_word' id='word_1_117' title='bbox 1009 1132 1061 1181; x_wconf 91' lang='grc' dir='ltr'>ἐκ</span> <span class='ocrx_word' id='word_1_118' title='bbox 1091 1135 1177 1182; x_wconf 92' lang='grc' dir='ltr'>τοῦ</span> <span class='ocrx_word' id='word_1_119' title='bbox 1208 1132 1371 1197; x_wconf 86' lang='grc' dir='ltr'>Κύρου</span> <span class='ocrx_word' id='word_1_120' title='bbox 1407 1132 1716 1196; x_wconf 84' lang='grc' dir='ltr'>ποιεύμενον,</span> <span class='ocrx_word' id='word_1_121' title='bbox 1749 1131 1873 1202; x_wconf 61' lang='lat' dir='ltr'>oQ&#39;</span> 
     </span>
    </p>
   </div>
   <div class='ocr_carea' id='block_1_13' title="bbox 0 1212 1873 1282">
    <p class='ocr_par' dir='ltr' id='par_1_13' title="bbox 0 1212 1873 1282">
     <span class='ocr_line' id='line_1_18' title="bbox 0 1212 1873 1282; baseline 0 -15"><span class='ocrx_word' id='word_1_122' title='bbox 0 1234 138 1271; x_wconf 52' lang='grc' dir='ltr'>ραι..</span> <span class='ocrx_word' id='word_1_123' title='bbox 207 1212 590 1281; x_wconf 57' lang='grc' dir='ltr'>ᾂ-ν-περιιδόντες</span> <span class='ocrx_word' id='word_1_124' title='bbox 613 1214 725 1267; x_wconf 87' lang='grc' dir='ltr'>τοὺς</span> <span class='ocrx_word' id='word_1_125' title='bbox 750 1213 956 1280; x_wconf 84' lang='grc' dir='ltr'>Πέρσας</span> <span class='ocrx_word' id='word_1_126' title='bbox 980 1216 1209 1266; x_wconf 81' lang='grc' dir='ltr'>ἐσελθεῖν</span> <span class='ocrx_word' id='word_1_127' title='bbox 1235 1217 1285 1268; x_wconf 89' lang='grc' dir='ltr'>ἐς</span> <span class='ocrx_word' id='word_1_128' title='bbox 1303 1215 1393 1279; x_wconf 81' lang='grc' dir='ltr'>τὴν</span> <span class='ocrx_word' id='word_1_129' title='bbox 1417 1216 1565 1268; x_wconf 91' lang='grc' dir='ltr'>πόλιν</span> <span class='ocrx_word' id='word_1_130' title='bbox 1590 1214 1873 1282; x_wconf 88' lang='grc' dir='ltr'>διέφθειραν</span> 
     </span>
    </p>
   </div>
   <div class='ocr_carea' id='block_1_14' title="bbox 67 2242 163 2293">
    <p class='ocr_par' dir='ltr' id='par_1_14' title="bbox 67 2242 163 2293">
     <span class='ocr_line' id='line_1_19' title="bbox 67 2242 163 2293; baseline -0.021 -13"><span class='ocrx_word' id='word_1_131' title='bbox 67 2242 163 2293; x_wconf 83' lang='lat'>192</span> 
     </span>
    </p>
   </div>
   <div class='ocr_carea' id='block_1_15' title="bbox 199 1298 1873 2208">
    <p class='ocr_par' dir='ltr' id='par_1_15' title="bbox 199 1298 1873 2208">
     <span class='ocr_line' id='line_1_20' title="bbox 208 1298 1873 1366; baseline 0.002 -18"><span class='ocrx_word' id='word_1_132' title='bbox 208 1298 432 1349; x_wconf 88' lang='grc' dir='ltr'>κάκιστα·</span> <span class='ocrx_word' id='word_1_133' title='bbox 482 1300 905 1362; x_wconf 86' lang='grc' dir='ltr'>κατακληίσαντες</span> <span class='ocrx_word' id='word_1_134' title='bbox 934 1301 1030 1366; x_wconf 79' lang='grc' dir='ltr'>γὰρ</span> <span class='ocrx_word' id='word_1_135' title='bbox 1052 1298 1113 1351; x_wconf 82' lang='grc' dir='ltr'>ἂν</span> <span class='ocrx_word' id='word_1_136' title='bbox 1143 1298 1308 1353; x_wconf 89' lang='grc' dir='ltr'>πάσας</span> <span class='ocrx_word' id='word_1_137' title='bbox 1336 1302 1425 1353; x_wconf 79' lang='grc' dir='ltr'>τὰς</span> <span class='ocrx_word' id='word_1_138' title='bbox 1455 1302 1505 1353; x_wconf 94' lang='grc' dir='ltr'>ἐς</span> <span class='ocrx_word' id='word_1_139' title='bbox 1534 1298 1620 1350; x_wconf 85' lang='grc' dir='ltr'>τὸν</span> <span class='ocrx_word' id='word_1_140' title='bbox 1651 1298 1873 1364; x_wconf 86' lang='grc' dir='ltr'>ποταμὸν</span> 
     </span>
     <span class='ocr_line' id='line_1_21' title="bbox 204 1381 1872 1450; baseline 0.002 -16"><span class='ocrx_word' id='word_1_141' title='bbox 204 1383 412 1436; x_wconf 85' lang='grc' dir='ltr'>πυλίδας</span> <span class='ocrx_word' id='word_1_142' title='bbox 443 1383 659 1450; x_wconf 88' lang='grc' dir='ltr'>ἐχούσας</span> <span class='ocrx_word' id='word_1_143' title='bbox 692 1384 771 1435; x_wconf 87' lang='grc' dir='ltr'>καὶ</span> <span class='ocrx_word' id='word_1_144' title='bbox 801 1382 938 1434; x_wconf 87' lang='grc' dir='ltr'>αὐτοὶ</span> <span class='ocrx_word' id='word_1_145' title='bbox 975 1385 1055 1435; x_wconf 88' lang='grc' dir='ltr'>ἐπὶ</span> <span class='ocrx_word' id='word_1_146' title='bbox 1086 1386 1174 1436; x_wconf 83' lang='grc' dir='ltr'>τὰς</span> <span class='ocrx_word' id='word_1_147' title='bbox 1205 1385 1442 1448; x_wconf 82' lang='grc' dir='ltr'>αἱμασιὰς</span> <span class='ocrx_word' id='word_1_148' title='bbox 1477 1381 1757 1448; x_wconf 85' lang='grc' dir='ltr'>ἀναβάντες</span> <span class='ocrx_word' id='word_1_149' title='bbox 1785 1385 1872 1438; x_wconf 83' lang='grc' dir='ltr'>τὰς</span> 
     </span>
     <span class='ocr_line' id='line_1_22' title="bbox 202 1467 1872 1535; baseline 0.001 -16"><span class='ocrx_word' id='word_1_150' title='bbox 202 1468 335 1533; x_wconf 82' lang='grc' dir='ltr'>παρὰ</span> <span class='ocrx_word' id='word_1_151' title='bbox 365 1468 426 1518; x_wconf 84' lang='grc' dir='ltr'>τὰ</span> <span class='ocrx_word' id='word_1_152' title='bbox 457 1468 633 1535; x_wconf 91' lang='grc' dir='ltr'>χείλεα</span> <span class='ocrx_word' id='word_1_153' title='bbox 663 1472 750 1518; x_wconf 93' lang='grc' dir='ltr'>τοῦ</span> <span class='ocrx_word' id='word_1_154' title='bbox 779 1472 1003 1532; x_wconf 83' lang='grc' dir='ltr'>ποταμοῦ</span> <span class='ocrx_word' id='word_1_155' title='bbox 1034 1467 1361 1533; x_wconf 87' lang='grc' dir='ltr'>ἐληλαμένας,</span> <span class='ocrx_word' id='word_1_156' title='bbox 1396 1467 1587 1533; x_wconf 84' lang='grc' dir='ltr'>ἔλαβον</span> <span class='ocrx_word' id='word_1_157' title='bbox 1617 1467 1677 1519; x_wconf 85' lang='grc' dir='ltr'>ἄν</span> <span class='ocrx_word' id='word_1_158' title='bbox 1708 1474 1872 1535; x_wconf 89' lang='grc' dir='ltr'>σφεας</span> 
     </span>
     <span class='ocr_line' id='line_1_23' title="bbox 203 1550 1870 1623; baseline 0.001 -21"><span class='ocrx_word' id='word_1_159' title='bbox 203 1550 267 1605; x_wconf 78' lang='grc' dir='ltr'>ὣς</span> <span class='ocrx_word' id='word_1_160' title='bbox 304 1553 357 1602; x_wconf 91' lang='grc' dir='ltr'>ἐν</span> <span class='ocrx_word' id='word_1_161' title='bbox 389 1551 551 1623; x_wconf 86' lang='grc' dir='ltr'>κύρτῃ.</span> <span class='ocrx_word' id='word_1_162' title='bbox 641 1555 727 1603; x_wconf 91' lang='grc' dir='ltr'>νῦν</span> <span class='ocrx_word' id='word_1_163' title='bbox 758 1554 811 1603; x_wconf 81' lang='grc' dir='ltr'>δὲ</span> <span class='ocrx_word' id='word_1_164' title='bbox 848 1550 908 1616; x_wconf 78' lang='grc' dir='ltr'>ἐξ</span> <span class='ocrx_word' id='word_1_165' title='bbox 932 1550 1438 1619; x_wconf 83' lang='grc' dir='ltr'>ἀπροσδοκήτουσφι</span> <span class='ocrx_word' id='word_1_166' title='bbox 1468 1550 1795 1618; x_wconf 87' lang='grc' dir='ltr'>παρέστησαν</span> <span class='ocrx_word' id='word_1_167' title='bbox 1824 1555 1870 1604; x_wconf 84' lang='grc' dir='ltr'>οἱ</span> 
     </span>
     <span class='ocr_line' id='line_1_24' title="bbox 202 1634 1870 1703; baseline 0.001 -18"><span class='ocrx_word' id='word_1_168' title='bbox 202 1634 417 1702; x_wconf 87' lang='grc' dir='ltr'>Πέρσαι.</span> <span class='ocrx_word' id='word_1_169' title='bbox 497 1634 593 1687; x_wconf 84' lang='grc' dir='ltr'>ὑπὸ</span> <span class='ocrx_word' id='word_1_170' title='bbox 625 1638 676 1687; x_wconf 83' lang='grc' dir='ltr'>δὲ</span> <span class='ocrx_word' id='word_1_171' title='bbox 705 1635 947 1702; x_wconf 85' lang='grc' dir='ltr'>μεγάθεος</span> <span class='ocrx_word' id='word_1_172' title='bbox 977 1639 1064 1700; x_wconf 85' lang='grc' dir='ltr'>τῆς</span> <span class='ocrx_word' id='word_1_173' title='bbox 1095 1637 1286 1696; x_wconf 93' lang='grc' dir='ltr'>πόλιος,</span> <span class='ocrx_word' id='word_1_174' title='bbox 1323 1635 1387 1689; x_wconf 84' lang='grc' dir='ltr'>ὡς</span> <span class='ocrx_word' id='word_1_175' title='bbox 1418 1635 1618 1703; x_wconf 84' lang='grc' dir='ltr'>λέγεται</span> <span class='ocrx_word' id='word_1_176' title='bbox 1647 1635 1741 1688; x_wconf 83' lang='grc' dir='ltr'>ὑπὸ</span> <span class='ocrx_word' id='word_1_177' title='bbox 1770 1641 1870 1688; x_wconf 88' lang='grc' dir='ltr'>τῶν</span> 
     </span>
     <span class='ocr_line' id='line_1_25' title="bbox 202 1718 1870 1792; baseline 0.001 -22"><span class='ocrx_word' id='word_1_178' title='bbox 202 1719 354 1792; x_wconf 85' lang='grc' dir='ltr'>ταύτῃ</span> <span class='ocrx_word' id='word_1_179' title='bbox 378 1718 667 1784; x_wconf 81' lang='grc' dir='ltr'>οἰκημένων,</span> <span class='ocrx_word' id='word_1_180' title='bbox 693 1725 790 1772; x_wconf 82' lang='grc' dir='ltr'>τῶν</span> <span class='ocrx_word' id='word_1_181' title='bbox 813 1720 924 1786; x_wconf 88' lang='grc' dir='ltr'>περὶ</span> <span class='ocrx_word' id='word_1_182' title='bbox 955 1722 1016 1771; x_wconf 80' lang='grc' dir='ltr'>τὰ</span> <span class='ocrx_word' id='word_1_183' title='bbox 1048 1721 1241 1788; x_wconf 85' lang='grc' dir='ltr'>ἔσχατα</span> <span class='ocrx_word' id='word_1_184' title='bbox 1265 1723 1351 1784; x_wconf 86' lang='grc' dir='ltr'>τῆς</span> <span class='ocrx_word' id='word_1_185' title='bbox 1375 1721 1548 1773; x_wconf 91' lang='grc' dir='ltr'>πόλιος</span> <span class='ocrx_word' id='word_1_186' title='bbox 1578 1721 1870 1772; x_wconf 83' lang='grc' dir='ltr'>ἑαλωκότων</span> 
     </span>
     <span class='ocr_line' id='line_1_26' title="bbox 201 1803 1869 1870; baseline 0.001 -16"><span class='ocrx_word' id='word_1_187' title='bbox 201 1803 315 1857; x_wconf 86' lang='grc' dir='ltr'>τοὺς</span> <span class='ocrx_word' id='word_1_188' title='bbox 360 1804 416 1856; x_wconf 87' lang='grc' dir='ltr'>τὸ</span> <span class='ocrx_word' id='word_1_189' title='bbox 462 1803 622 1869; x_wconf 90' lang='grc' dir='ltr'>μέσον</span> <span class='ocrx_word' id='word_1_190' title='bbox 668 1803 920 1858; x_wconf 83' lang='grc' dir='ltr'>οἰκέοντας</span> <span class='ocrx_word' id='word_1_191' title='bbox 967 1809 1064 1856; x_wconf 82' lang='grc' dir='ltr'>τῶν</span> <span class='ocrx_word' id='word_1_192' title='bbox 1112 1805 1452 1870; x_wconf 86' lang='grc' dir='ltr'>Βαβυλωνίων</span> <span class='ocrx_word' id='word_1_193' title='bbox 1499 1803 1554 1854; x_wconf 84' lang='grc' dir='ltr'>οὐ</span> <span class='ocrx_word' id='word_1_194' title='bbox 1601 1804 1869 1869; x_wconf 88' lang='grc' dir='ltr'>μανθάνειν</span> 
     </span>
     <span class='ocr_line' id='line_1_27' title="bbox 202 1884 1869 1957; baseline 0.001 -18"><span class='ocrx_word' id='word_1_195' title='bbox 202 1889 498 1948; x_wconf 80' lang='grc' dir='ltr'>ἑαλωκότας,</span> <span class='ocrx_word' id='word_1_196' title='bbox 533 1887 666 1940; x_wconf 83' lang='grc' dir='ltr'>ἄλλά</span> <span class='ocrx_word' id='word_1_197' title='bbox 694 1888 880 1957; x_wconf 81' lang='grc' dir='ltr'>(τυχεῖν</span> <span class='ocrx_word' id='word_1_198' title='bbox 911 1887 1007 1956; x_wconf 81' lang='grc' dir='ltr'>γάρ</span> <span class='ocrx_word' id='word_1_199' title='bbox 1034 1896 1132 1956; x_wconf 92' lang='grc' dir='ltr'>σφι</span> <span class='ocrx_word' id='word_1_200' title='bbox 1163 1890 1343 1940; x_wconf 86' lang='grc' dir='ltr'>ἐοῦσαν</span> <span class='ocrx_word' id='word_1_201' title='bbox 1374 1884 1539 1956; x_wconf 86' lang='grc' dir='ltr'>ὁρτήν)</span> <span class='ocrx_word' id='word_1_202' title='bbox 1560 1889 1784 1957; x_wconf 90' lang='grc' dir='ltr'>χορεύειν</span> <span class='ocrx_word' id='word_1_203' title='bbox 1815 1909 1869 1940; x_wconf 91' lang='grc' dir='ltr'>τε</span> 
     </span>
     <span class='ocr_line' id='line_1_28' title="bbox 199 1971 1868 2045; baseline 0.001 -21"><span class='ocrx_word' id='word_1_204' title='bbox 199 1977 373 2024; x_wconf 92' lang='grc' dir='ltr'>τοῦτον</span> <span class='ocrx_word' id='word_1_205' title='bbox 417 1972 503 2024; x_wconf 86' lang='grc' dir='ltr'>τὸν</span> <span class='ocrx_word' id='word_1_206' title='bbox 547 1973 732 2040; x_wconf 91' lang='grc' dir='ltr'>χρόνον</span> <span class='ocrx_word' id='word_1_207' title='bbox 779 1974 857 2025; x_wconf 90' lang='grc' dir='ltr'>καὶ</span> <span class='ocrx_word' id='word_1_208' title='bbox 904 1975 957 2025; x_wconf 85' lang='grc' dir='ltr'>ἐν</span> <span class='ocrx_word' id='word_1_209' title='bbox 1003 1974 1293 2045; x_wconf 84' lang='grc' dir='ltr'>εὐπαθείῃσι</span> <span class='ocrx_word' id='word_1_210' title='bbox 1339 1972 1480 2031; x_wconf 75' lang='grc' dir='ltr'>εἶναι,</span> <span class='ocrx_word' id='word_1_211' title='bbox 1526 1974 1575 2025; x_wconf 90' lang='grc' dir='ltr'>ἐς</span> <span class='ocrx_word' id='word_1_212' title='bbox 1617 1971 1643 2023; x_wconf 86' lang='grc' dir='ltr'><strong><em>ὃ</em></strong></span> <span class='ocrx_word' id='word_1_213' title='bbox 1689 1971 1746 2036; x_wconf 79' lang='grc' dir='ltr'>δὴ</span> <span class='ocrx_word' id='word_1_214' title='bbox 1789 1974 1868 2025; x_wconf 89' lang='grc' dir='ltr'>καὶ</span> 
     </span>
     <span class='ocr_line' id='line_1_29' title="bbox 199 2050 1866 2124; baseline 0.001 -18"><span class='ocrx_word' id='word_1_215' title='bbox 199 2055 450 2124; x_wconf 53' lang='grc' dir='ltr'>τὸ-Εάρτα</span> <span class='ocrx_word' id='word_1_216' title='bbox 491 2058 744 2109; x_wconf 91' lang='grc' dir='ltr'>ἐπύθοντο.</span> <span class='ocrx_word' id='word_1_217' title='bbox 835 2057 914 2109; x_wconf 85' lang='grc' dir='ltr'>καὶ</span> <span class='ocrx_word' id='word_1_218' title='bbox 955 2050 1202 2123; x_wconf 86' lang='grc' dir='ltr'>Βαβυλὼν</span> <span class='ocrx_word' id='word_1_219' title='bbox 1237 2059 1329 2122; x_wconf 78' lang='grc' dir='ltr'>μὲν</span> <span class='ocrx_word' id='word_1_220' title='bbox 1366 2057 1491 2108; x_wconf 81' lang='grc' dir='ltr'>οὕτω</span> <span class='ocrx_word' id='word_1_221' title='bbox 1527 2057 1640 2108; x_wconf 92' lang='grc' dir='ltr'>τότε</span> <span class='ocrx_word' id='word_1_222' title='bbox 1672 2061 1866 2123; x_wconf 79' lang='grc' dir='ltr'>πρῶτον</span> 
     </span>
     <span class='ocr_line' id='line_1_30' title="bbox 200 2141 449 2208; baseline 0.008 -18"><span class='ocrx_word' id='word_1_223' title='bbox 200 2141 449 2208; x_wconf 85' lang='grc' dir='ltr'>ἀραίρητο.</span> 
     </span>
    </p>
   </div>
   <div class='ocr_carea' id='block_1_16' title="bbox 1901 1403 1946 1445">
    <p class='ocr_par' dir='ltr' id='par_1_16' title="bbox 1901 1403 1946 1445">
     <span class='ocr_line' id='line_1_31' title="bbox 1901 1403 1946 1445; baseline 0 0"><span class='ocrx_word' id='word_1_224' title='bbox 1901 1403 1946 1445; x_wconf 86' lang='lat'>¹5</span> 
     </span>
    </p>
   </div>
   <div class='ocr_carea' id='block_1_17' title="bbox 1895 1822 1945 1851">
    <p class='ocr_par' dir='ltr' id='par_1_17' title="bbox 1895 1822 1945 1851">
     <span class='ocr_line' id='line_1_32' title="bbox 1895 1822 1945 1851; baseline 0.02 -1"><span class='ocrx_word' id='word_1_225' title='bbox 1895 1822 1945 1851; x_wconf 87' lang='lat'>20</span> 
     </span>
    </p>
   </div>
   <div class='ocr_carea' id='block_1_18' title="bbox 281 2224 1939 2293">
    <p class='ocr_par' dir='ltr' id='par_1_18' title="bbox 281 2224 1939 2293">
     <span class='ocr_line' id='line_1_33' title="bbox 281 2224 1939 2293; baseline 0.001 -18"><span class='ocrx_word' id='word_1_226' title='bbox 281 2224 389 2289; x_wconf 80' lang='grc' dir='ltr'>Τὴν</span> <span class='ocrx_word' id='word_1_227' title='bbox 408 2227 460 2278; x_wconf 75' lang='grc' dir='ltr'>δὲ</span> <span class='ocrx_word' id='word_1_228' title='bbox 485 2226 690 2292; x_wconf 86' lang='grc' dir='ltr'>δύναμιν</span> <span class='ocrx_word' id='word_1_229' title='bbox 714 2232 812 2278; x_wconf 84' lang='grc' dir='ltr'>τῶν</span> <span class='ocrx_word' id='word_1_230' title='bbox 835 2227 1171 2292; x_wconf 88' lang='grc' dir='ltr'>Βαβυλωνίων</span> <span class='ocrx_word' id='word_1_231' title='bbox 1191 2232 1431 2279; x_wconf 84' lang='grc' dir='ltr'>πολλοῖσι</span> <span class='ocrx_word' id='word_1_232' title='bbox 1449 2229 1540 2293; x_wconf 79' lang='grc' dir='ltr'>μὲν</span> <span class='ocrx_word' id='word_1_233' title='bbox 1565 2226 1644 2278; x_wconf 89' lang='grc' dir='ltr'>καὶ</span> <span class='ocrx_word' id='word_1_234' title='bbox 1662 2225 1866 2277; x_wconf 87' lang='grc' dir='ltr'>ἄλλοισι</span> <span class='ocrx_word' id='word_1_235' title='bbox 1891 2243 1939 2283; x_wconf 88' lang='lat'>25</span> 
     </span>
    </p>
   </div>
   <div class='ocr_carea' id='block_1_19' title="bbox 200 2308 1864 2381">
    <p class='ocr_par' dir='ltr' id='par_1_19' title="bbox 200 2308 1864 2381">
     <span class='ocr_line' id='line_1_34' title="bbox 200 2308 1864 2381; baseline 0.001 -22"><span class='ocrx_word' id='word_1_236' title='bbox 200 2309 415 2373; x_wconf 83' lang='grc' dir='ltr'>δηλώσω</span> <span class='ocrx_word' id='word_1_237' title='bbox 439 2310 534 2374; x_wconf 85' lang='grc' dir='ltr'>ὅση</span> <span class='ocrx_word' id='word_1_238' title='bbox 554 2331 628 2363; x_wconf 92' lang='grc' dir='ltr'>τις</span> <span class='ocrx_word' id='word_1_239' title='bbox 654 2313 779 2369; x_wconf 87' lang='grc' dir='ltr'>ἐστί,</span> <span class='ocrx_word' id='word_1_240' title='bbox 804 2313 856 2362; x_wconf 94' lang='grc' dir='ltr'>ἐν</span> <span class='ocrx_word' id='word_1_241' title='bbox 878 2313 931 2363; x_wconf 78' lang='grc' dir='ltr'>δὲ</span> <span class='ocrx_word' id='word_1_242' title='bbox 955 2310 1012 2374; x_wconf 74' lang='grc' dir='ltr'>δὴ</span> <span class='ocrx_word' id='word_1_243' title='bbox 1035 2310 1115 2362; x_wconf 89' lang='grc' dir='ltr'>καὶ</span> <span class='ocrx_word' id='word_1_244' title='bbox 1137 2314 1275 2380; x_wconf 79' lang='grc' dir='ltr'>τῷδε.</span> <span class='ocrx_word' id='word_1_245' title='bbox 1343 2311 1553 2377; x_wconf 83' lang='grc' dir='ltr'>βασιλέϊ</span> <span class='ocrx_word' id='word_1_246' title='bbox 1574 2316 1639 2381; x_wconf 78' lang='grc' dir='ltr'>τῷ</span> <span class='ocrx_word' id='word_1_247' title='bbox 1663 2308 1864 2379; x_wconf 80' lang='grc' dir='ltr'>μεγάλῳ</span> 
     </span>
    </p>
   </div>
   <div class='ocr_carea' id='block_1_20' title="bbox 131 2392 1870 2463">
    <p class='ocr_par' dir='ltr' id='par_1_20' title="bbox 131 2392 1870 2463">
     <span class='ocr_line' id='line_1_35' title="bbox 131 2392 1870 2463; baseline 0 -19"><span class='ocrx_word' id='word_1_248' title='bbox 131 2404 135 2407; x_wconf 84' lang='grc'><em>“</em></span> <span class='ocrx_word' id='word_1_249' title='bbox 200 2395 251 2446; x_wconf 93' lang='grc' dir='ltr'>ἐς</span> <span class='ocrx_word' id='word_1_250' title='bbox 287 2393 479 2460; x_wconf 82' lang='grc' dir='ltr'>τροφὴν</span> <span class='ocrx_word' id='word_1_251' title='bbox 519 2394 669 2446; x_wconf 85' lang='grc' dir='ltr'>αὐτοῦ</span> <span class='ocrx_word' id='word_1_252' title='bbox 712 2416 765 2447; x_wconf 88' lang='grc' dir='ltr'>τε</span> <span class='ocrx_word' id='word_1_253' title='bbox 807 2394 886 2445; x_wconf 88' lang='grc' dir='ltr'>καὶ</span> <span class='ocrx_word' id='word_1_254' title='bbox 928 2398 1015 2458; x_wconf 91' lang='grc' dir='ltr'>τῆς</span> <span class='ocrx_word' id='word_1_255' title='bbox 1060 2399 1297 2460; x_wconf 84' lang='grc' dir='ltr'>στρατιῆς</span> <span class='ocrx_word' id='word_1_256' title='bbox 1340 2397 1662 2463; x_wconf 88' lang='grc' dir='ltr'>διαραίρηται,</span> <span class='ocrx_word' id='word_1_257' title='bbox 1709 2392 1870 2460; x_wconf 87' lang='grc' dir='ltr'>πάρεξ</span> 
     </span>
    </p>
   </div>
   <div class='ocr_carea' id='block_1_21' title="bbox 199 2477 1864 2546">
    <p class='ocr_par' dir='ltr' id='par_1_21' title="bbox 199 2477 1864 2546">
     <span class='ocr_line' id='line_1_36' title="bbox 199 2477 1864 2546; baseline 0 -18"><span class='ocrx_word' id='word_1_258' title='bbox 199 2482 285 2528; x_wconf 88' lang='grc' dir='ltr'>τοῦ</span> <span class='ocrx_word' id='word_1_259' title='bbox 315 2478 489 2544; x_wconf 92' lang='grc' dir='ltr'>φόρου,</span> <span class='ocrx_word' id='word_1_260' title='bbox 518 2481 580 2544; x_wconf 89' lang='grc' dir='ltr'>γῆ</span> <span class='ocrx_word' id='word_1_261' title='bbox 605 2483 744 2531; x_wconf 80' lang='grc' dir='ltr'>πᾶσα</span> <span class='ocrx_word' id='word_1_262' title='bbox 776 2480 900 2543; x_wconf 84' lang='grc' dir='ltr'>ὅσης</span> <span class='ocrx_word' id='word_1_263' title='bbox 930 2478 1089 2546; x_wconf 81' lang='grc' dir='ltr'>ἄρχει.</span> <span class='ocrx_word' id='word_1_264' title='bbox 1153 2479 1370 2531; x_wconf 82' lang='grc' dir='ltr'>δυώδεκα</span> <span class='ocrx_word' id='word_1_265' title='bbox 1400 2477 1468 2532; x_wconf 68' lang='grc' dir='ltr'>ὧν</span> <span class='ocrx_word' id='word_1_266' title='bbox 1490 2485 1657 2545; x_wconf 82' lang='grc' dir='ltr'>μηνῶν</span> <span class='ocrx_word' id='word_1_267' title='bbox 1682 2479 1864 2529; x_wconf 84' lang='grc' dir='ltr'>ἐόντων</span> 
     </span>
    </p>
   </div>
   <div class='ocr_carea' id='block_1_22' title="bbox 198 2612 1862 2998">
    <p class='ocr_par' dir='ltr' id='par_1_22' title="bbox 198 2612 1862 2998">
     <span class='ocr_line' id='line_1_37' title="bbox 258 2612 1859 2667; baseline 0 -14"><span class='ocrx_word' id='word_1_268' title='bbox 258 2627 275 2653; x_wconf 87' lang='lat'>1</span> <span class='ocrx_word' id='word_1_269' title='bbox 307 2632 354 2657; x_wconf 83' lang='grc' dir='ltr'>τε</span> <span class='ocrx_word' id='word_1_270' title='bbox 375 2628 459 2656; x_wconf 89' lang='lat' dir='ltr'>om.</span> <span class='ocrx_word' id='word_1_271' title='bbox 481 2615 519 2653; x_wconf 87' lang='lat' dir='ltr'><strong>R</strong></span> <span class='ocrx_word' id='word_1_272' title='bbox 537 2612 619 2655; x_wconf 90' lang='lat' dir='ltr'>SV</span> <span class='ocrx_word' id='word_1_273' title='bbox 839 2629 864 2664; x_wconf 91' lang='lat'>4</span> <span class='ocrx_word' id='word_1_274' title='bbox 897 2616 1028 2657; x_wconf 82' lang='grc' dir='ltr'>ἐποίεε</span> <span class='ocrx_word' id='word_1_275' title='bbox 1049 2615 1083 2654; x_wconf 90' lang='lat' dir='ltr'>C</span> <span class='ocrx_word' id='word_1_276' title='bbox 1314 2627 1339 2665; x_wconf 88' lang='lat'><strong>5</strong></span> <span class='ocrx_word' id='word_1_277' title='bbox 1371 2615 1501 2656; x_wconf 86' lang='grc' dir='ltr'>ἐποίεε</span> <span class='ocrx_word' id='word_1_278' title='bbox 1520 2646 1528 2655; x_wconf 87' lang='grc'>.</span> <span class='ocrx_word' id='word_1_279' title='bbox 1552 2646 1560 2655; x_wconf 91' lang='grc'>.</span> <span class='ocrx_word' id='word_1_280' title='bbox 1580 2646 1588 2655; x_wconf 95' lang='grc'>.</span> <span class='ocrx_word' id='word_1_281' title='bbox 1610 2616 1758 2667; x_wconf 83' lang='grc' dir='ltr'>λίμνην</span> <span class='ocrx_word' id='word_1_282' title='bbox 1776 2629 1859 2655; x_wconf 89' lang='lat' dir='ltr'>om.</span> 
     </span>
     <span class='ocr_line' id='line_1_38' title="bbox 201 2669 1862 2724; baseline 0.001 -16"><span class='ocrx_word' id='word_1_283' title='bbox 201 2669 240 2707; x_wconf 91' lang='lat' dir='ltr'>R</span> <span class='ocrx_word' id='word_1_284' title='bbox 257 2669 287 2709; x_wconf 92' lang='lat' dir='ltr'>S</span> <span class='ocrx_word' id='word_1_285' title='bbox 302 2669 338 2708; x_wconf 95' lang='lat' dir='ltr'>V</span> <span class='ocrx_word' id='word_1_286' title='bbox 385 2696 387 2698; x_wconf 97' lang='lat'>-</span> <span class='ocrx_word' id='word_1_287' title='bbox 529 2684 556 2720; x_wconf 92' lang='lat'><strong>9</strong></span> <span class='ocrx_word' id='word_1_288' title='bbox 597 2669 813 2724; x_wconf 81' lang='grc' dir='ltr'>Εὐφράτεω</span> <span class='ocrx_word' id='word_1_289' title='bbox 845 2671 885 2708; x_wconf 93' lang='lat' dir='ltr'><strong>R</strong></span> <span class='ocrx_word' id='word_1_290' title='bbox 902 2670 983 2709; x_wconf 89' lang='lat' dir='ltr'>SV</span> <span class='ocrx_word' id='word_1_291' title='bbox 1179 2683 1229 2709; x_wconf 91' lang='lat'>10</span> <span class='ocrx_word' id='word_1_292' title='bbox 1267 2670 1375 2724; x_wconf 77' lang='grc' dir='ltr'>ἀνδρὶ</span> <span class='ocrx_word' id='word_1_293' title='bbox 1407 2669 1478 2720; x_wconf 81' lang='grc' dir='ltr'>ὥς]</span> <span class='ocrx_word' id='word_1_294' title='bbox 1509 2671 1692 2722; x_wconf 77' lang='grc' dir='ltr'>ἀνδρείως</span> <span class='ocrx_word' id='word_1_295' title='bbox 1729 2670 1862 2710; x_wconf 86' lang='lat' dir='ltr'>RSV</span> 
     </span>
     <span class='ocr_line' id='line_1_39' title="bbox 198 2724 1860 2776; baseline -0.001 -12"><span class='ocrx_word' id='word_1_296' title='bbox 198 2740 249 2776; x_wconf 85' lang='grc' dir='ltr'>κῃ</span> <span class='ocrx_word' id='word_1_297' title='bbox 270 2737 350 2763; x_wconf 91' lang='lat' dir='ltr'>om.</span> <span class='ocrx_word' id='word_1_298' title='bbox 373 2724 455 2764; x_wconf 94' lang='lat' dir='ltr'>SV</span> <span class='ocrx_word' id='word_1_299' title='bbox 625 2737 671 2763; x_wconf 90' lang='lat'>11</span> <span class='ocrx_word' id='word_1_300' title='bbox 706 2725 939 2776; x_wconf 79' lang='grc' dir='ltr'>ἐσή(ι)εσαν</span> <span class='ocrx_word' id='word_1_301' title='bbox 963 2725 997 2764; x_wconf 93' lang='lat' dir='ltr'>C</span> <span class='ocrx_word' id='word_1_302' title='bbox 1014 2725 1047 2763; x_wconf 93' lang='lat' dir='ltr'>P</span> <span class='ocrx_word' id='word_1_303' title='bbox 1062 2724 1101 2762; x_wconf 91' lang='lat' dir='ltr'><strong>R</strong></span> <span class='ocrx_word' id='word_1_304' title='bbox 1117 2724 1199 2763; x_wconf 90' lang='lat' dir='ltr'>SV</span> <span class='ocrx_word' id='word_1_305' title='bbox 1369 2737 1417 2762; x_wconf 88' lang='lat'>12</span> <span class='ocrx_word' id='word_1_306' title='bbox 1446 2726 1484 2765; x_wconf 78' lang='grc' dir='ltr'>οἱ</span> <span class='ocrx_word' id='word_1_307' title='bbox 1503 2725 1538 2766; x_wconf 88' lang='grc' dir='ltr'>δ’</span> <span class='ocrx_word' id='word_1_308' title='bbox 1559 2726 1608 2766; x_wconf 72' lang='grc' dir='ltr'>ἂν</span> <span class='ocrx_word' id='word_1_309' title='bbox 1631 2724 1697 2765; x_wconf 88' lang='lat' dir='ltr'>Fr.</span> <span class='ocrx_word' id='word_1_310' title='bbox 1719 2724 1860 2764; x_wconf 90' lang='lat' dir='ltr'><strong>Palm:</strong></span> 
     </span>
     <span class='ocr_line' id='line_1_40' title="bbox 199 2778 1860 2833; baseline 0 -15"><span class='ocrx_word' id='word_1_311' title='bbox 199 2779 577 2823; x_wconf 70' lang='grc' dir='ltr'>οὐδ’ἂνΑΒΟΡε</span> <span class='ocrx_word' id='word_1_312' title='bbox 607 2779 902 2831; x_wconf 65' lang='grc' dir='ltr'>οὗμὰνΗΞν</span> <span class='ocrx_word' id='word_1_313' title='bbox 1026 2791 1075 2829; x_wconf 82' lang='lat'>15</span> <span class='ocrx_word' id='word_1_314' title='bbox 1104 2778 1458 2831; x_wconf 64' lang='lat' dir='ltr'>alt.⁶r?25]·r&amp;RV</span> <span class='ocrx_word' id='word_1_315' title='bbox 1573 2792 1618 2829; x_wconf 91' lang='lat'>17</span> <span class='ocrx_word' id='word_1_316' title='bbox 1650 2778 1860 2833; x_wconf 72' lang='grc' dir='ltr'>κύρτωΗε</span> 
     </span>
     <span class='ocr_line' id='line_1_41' title="bbox 199 2833 1862 2888; baseline 0.001 -16"><span class='ocrx_word' id='word_1_317' title='bbox 199 2848 355 2885; x_wconf 86' lang='grc' dir='ltr'>κυρτηω</span> <span class='ocrx_word' id='word_1_318' title='bbox 385 2833 416 2872; x_wconf 89' lang='lat' dir='ltr'>S</span> <span class='ocrx_word' id='word_1_319' title='bbox 430 2834 467 2871; x_wconf 92' lang='lat' dir='ltr'>V</span> <span class='ocrx_word' id='word_1_320' title='bbox 644 2836 649 2842; x_wconf 91' lang='grc'><strong>’</strong></span> <span class='ocrx_word' id='word_1_321' title='bbox 709 2835 758 2873; x_wconf 88' lang='lat'>18</span> <span class='ocrx_word' id='word_1_322' title='bbox 795 2834 932 2888; x_wconf 79' lang='grc' dir='ltr'>μεγέθ.</span> <span class='ocrx_word' id='word_1_323' title='bbox 970 2834 1000 2875; x_wconf 88' lang='lat' dir='ltr'>S</span> <span class='ocrx_word' id='word_1_324' title='bbox 1020 2848 1030 2873; x_wconf 75' lang='lat' dir='ltr'><em>z</em></span> <span class='ocrx_word' id='word_1_325' title='bbox 1067 2834 1232 2885; x_wconf 72' lang='grc' dir='ltr'>μεγεάθ.</span> <span class='ocrx_word' id='word_1_326' title='bbox 1265 2834 1303 2872; x_wconf 93' lang='lat' dir='ltr'>V</span> <span class='ocrx_word' id='word_1_327' title='bbox 1555 2847 1604 2884; x_wconf 84' lang='lat'>19</span> <span class='ocrx_word' id='word_1_328' title='bbox 1641 2833 1862 2883; x_wconf 83' lang='grc' dir='ltr'>ἡλωκότων</span> 
     </span>
     <span class='ocr_line' id='line_1_42' title="bbox 198 2887 1862 2943; baseline 0 -18"><span class='ocrx_word' id='word_1_329' title='bbox 198 2899 411 2938; x_wconf 85' lang='lat' dir='ltr'>suprascr.</span> <span class='ocrx_word' id='word_1_330' title='bbox 438 2887 493 2927; x_wconf 66' lang='lat' dir='ltr'>R*</span> <span class='ocrx_word' id='word_1_331' title='bbox 514 2894 558 2927; x_wconf 89' lang='lat' dir='ltr'>ut</span> <span class='ocrx_word' id='word_1_332' title='bbox 579 2888 662 2929; x_wconf 90' lang='lat' dir='ltr'><strong>vid.</strong></span> <span class='ocrx_word' id='word_1_333' title='bbox 868 2902 913 2927; x_wconf 87' lang='lat'>21</span> <span class='ocrx_word' id='word_1_334' title='bbox 949 2890 1094 2943; x_wconf 74' lang='grc' dir='ltr'>ἑορτήν</span> <span class='ocrx_word' id='word_1_335' title='bbox 1115 2888 1155 2927; x_wconf 91' lang='lat' dir='ltr'><strong>R</strong></span> <span class='ocrx_word' id='word_1_336' title='bbox 1174 2888 1213 2926; x_wconf 96' lang='lat' dir='ltr'>V</span> <span class='ocrx_word' id='word_1_337' title='bbox 1415 2901 1466 2938; x_wconf 88' lang='lat'>23</span> <span class='ocrx_word' id='word_1_338' title='bbox 1496 2888 1594 2930; x_wconf 81' lang='grc' dir='ltr'>τότε</span> <span class='ocrx_word' id='word_1_339' title='bbox 1614 2901 1694 2927; x_wconf 89' lang='lat' dir='ltr'>om.</span> <span class='ocrx_word' id='word_1_340' title='bbox 1724 2888 1761 2925; x_wconf 89' lang='lat' dir='ltr'>R</span> <span class='ocrx_word' id='word_1_341' title='bbox 1779 2888 1808 2926; x_wconf 88' lang='lat' dir='ltr'>S</span> <span class='ocrx_word' id='word_1_342' title='bbox 1823 2888 1862 2926; x_wconf 95' lang='lat' dir='ltr'>V</span> 
     </span>
     <span class='ocr_line' id='line_1_43' title="bbox 200 2943 1081 2998; baseline 0.002 -18"><span class='ocrx_word' id='word_1_343' title='bbox 200 2955 251 2990; x_wconf 84' lang='lat'>24</span> <span class='ocrx_word' id='word_1_344' title='bbox 283 2943 470 2998; x_wconf 73' lang='grc' dir='ltr'>ἀναίρητο</span> <span class='ocrx_word' id='word_1_345' title='bbox 495 2943 523 2982; x_wconf 91' lang='lat' dir='ltr'>S</span> <span class='ocrx_word' id='word_1_346' title='bbox 538 2943 575 2980; x_wconf 92' lang='lat' dir='ltr'>V</span> <span class='ocrx_word' id='word_1_347' title='bbox 741 2945 793 2982; x_wconf 86' lang='lat'>28</span> <span class='ocrx_word' id='word_1_348' title='bbox 824 2944 979 2985; x_wconf 81' lang='grc' dir='ltr'>δώδεκα</span> <span class='ocrx_word' id='word_1_349' title='bbox 1002 2943 1081 2982; x_wconf 87' lang='lat' dir='ltr'>SV</span> 
     </span>
    </p>
   </div>
  </div>
 </body>
</html>
