2098 3320
36 88 128 136 111.
158 99 249 135 120

179 733 258 769 121

169 1493 257 1529 122

910 83 1344 132 HPOAOTOT

295 216 453 278 νῆσον
477 211 644 279 Σάμον
665 216 789 280 πρὸς
808 213 873 283 τῷ
890 214 963 284 σῷ
984 214 1115 283 νομῷ
1135 212 1500 280 προσκειμένην
1521 213 1577 264 οὐ
1595 213 1961 280 προσεκτήσαο,

295 298 389 349 ὧδε
413 296 471 362 δή
497 319 545 350 τι
569 299 754 349 ἐοῦσαν
779 296 987 350 εὐπετέα
1010 301 1326 366 χειρωθῆναι,
1351 296 1441 362 τὴν
1466 302 1564 349 τῶν
1588 319 1662 351 τις
1687 299 1965 367 ἐπιχωρίων

296 383 648 434 πεντεκαίδεκα
703 382 944 454 ὁπλίτῃσι
1005 382 1290 435 ἐπαναστὰς
1349 382 1488 450 ἔσχε
1534 381 1612 433 καὶ
1670 386 1757 434 νῦν
1818 382 1965 448 αὐτῆς

297 465 595 533 τυραννεύει.
682 468 729 518 οἱ
781 468 872 531 μὲν
924 463 981 530 δή
1034 467 1119 531 μίν
1171 472 1303 532 φασι
1352 470 1497 534 τοῦτο
1550 466 1836 518 ἀκούσαντα
1886 468 1965 519 καὶ

297 548 595 632 ἀλγήσαντα
647 550 715 620 τῷ
756 550 938 602 ὀνείδεϊ
982 551 1285 615 ἐπιθυμῆσαι
1329 550 1415 602 οὐκ
1460 551 1586 601 οὕτω
1631 549 1718 602 τὸν
1759 551 1966 603 εἴπαντα
1988 570 2010 612 5

295 639 449 686 ταῦτα
500 635 772 686 τείσασθαι
825 634 890 688 ὣς
950 633 1280 701 Πολυκράτεα
1337 633 1535 687 πάντως
1587 633 1853 694 ἀπολέσαι,
1901 634 1964 686 δι’

296 719 466 770 ὅντινα
510 723 669 772 κακῶς
712 718 912 784 ἤκουσε.
999 711 1049 771 μὀἱ
1093 721 1147 771 δὲ
1190 716 1472 772 ἐλάσσονες
1514 716 1724 785 λέγουσι
1768 717 1966 786 πέμψαι

297 801 529 870 Ὀροίτεα
560 805 612 856 ἐς
645 802 815 868 Σάμον
847 801 1030 870 κήρυκα
1058 804 1172 854 ὅτευ
1197 801 1253 866 δὴ
1278 801 1532 871 χρήματος
1560 803 1867 868 δεησόμενον
1889 803 1980 869 (οὐ-

295 889 392 954 γὰρ
431 884 499 939 ὧν
537 885 594 951 δὴ
634 887 782 938 τοῦτό
818 908 877 954 γε
915 884 1151 954 λέγεται),
1193 886 1271 938 καὶ
1307 885 1394 938 τὸν
1436 885 1760 953 Πολυκράτεα
1794 892 1965 955 τυχεῖν

298 971 648 1037 κατακείμενον
688 972 743 1023 ἐν
779 971 1031 1038 ἀνδρεῶνι,
1071 975 1300 1037 παρεῖναι
1336 970 1390 1022 δέ
1426 972 1473 1022 οἱ
1514 970 1964 1042 καὶιἊνακρέοντα
1990 988 2040 1018 10

295 1054 383 1107 τὸν
417 1054 589 1120 Τήιον·
640 1056 723 1107 καί
758 1077 851 1109 κως
893 1057 993 1107 εἴτε
1034 1057 1088 1106 ἐκ
1128 1056 1362 1122 προνοίης
1402 1054 1552 1107 αὐτὸν
1596 1053 1964 1122 κατηλογέοντα

294 1141 357 1191 τὰ
408 1138 646 1206 Ὀροίτεω
708 1139 989 1207 πρήγματα,
1046 1140 1145 1191 εἴτε
1204 1139 1285 1191 καὶ
1337 1140 1575 1208 συντυχίη
1634 1159 1709 1192 τις
1766 1140 2002 1204 τοιαύτη,

295 1223 576 1291 ἐπεγένετο·
631 1224 720 1275 τόν
765 1245 819 1276 τε
865 1226 963 1291 γὰρ
1011 1222 1196 1290 κήρυκα
1240 1223 1327 1276 τὸν
1368 1223 1605 1290 Ὀροίτεω
1650 1224 1965 1290 παρελθόντα

296 1307 621 1375 διαλέγεσθαι
653 1309 733 1361 καὶ
757 1312 841 1360 τὸν
867 1307 1199 1376 Πολυκράτεα
1219 1304 1408 1377 (τυχεῖν
1431 1309 1525 1375 γὰρ
1551 1306 1965 1375 ἀπεστραμμένον

294 1391 417 1459 πρὸς
455 1392 544 1445 τὸν
578 1391 769 1461 τοῖχον)
806 1393 921 1445 οὔτε
964 1388 1046 1459 [τι]
1081 1396 1492 1460 μεταστραφῆναι
1531 1392 1644 1444 οὔτε
1677 1393 1961 1460 τιὺποκρί-
1988 1408 2037 1450 15

295 1480 493 1529 νασθαι.
569 1478 724 1529 αἰτίαι
753 1480 845 1543 μὲν
871 1476 929 1542 δὴ
954 1477 1097 1529 αὗται
1125 1475 1360 1544 διφάσιαι
1382 1475 1620 1544 λέγονται
1642 1481 1729 1528 τοῦ
1753 1475 1964 1528 θανάτου

295 1565 381 1614 τοῦ
423 1560 775 1629 Πολυκράτεος
817 1561 1070 1629 γενέσθαι,
1115 1560 1327 1629 πάρεστι
1366 1563 1420 1613 δὲ
1457 1556 1718 1614 πείθεσθαι
1760 1559 1963 1633 ὁκοτέρῃ

295 1667 370 1700 τις
399 1645 642 1711 βούλεται
679 1645 884 1699 αὐτέων.
971 1647 998 1697 ὁ
1038 1648 1091 1698 δὲ
1127 1642 1196 1699 ὧν
1227 1645 1458 1713 Ὀροίτης
1499 1645 1719 1710 ἱζόμενος
1757 1647 1810 1697 ἐν
1847 1648 1959 1696 Μα-

295 1732 479 1803 γνησίῃ
539 1738 599 1803 τῇ
657 1732 779 1798 ὑπὲρ
842 1729 1132 1797 Μαιάνδρου
1189 1734 1412 1795 ποταμοῦ
1475 1728 1707 1801 οἰκημένῃ
1773 1729 1963 1794 ἔπεμπε

299 1815 511 1882 Μύρσον
534 1814 621 1867 τὸν
647 1816 813 1882 Γύγεω
840 1814 993 1882 ἄνδρα
1010 1814 1171 1867 Λυδὸν
1197 1816 1246 1869 ἐς
1271 1813 1438 1880 Σάμον
1463 1815 1703 1880 ἀγγελίην
1726 1812 1959 1881 φέροντα,
1987 1829 2038 1858 20

295 1900 466 1965 μαθὼν
499 1903 586 1951 τοῦ
624 1899 976 1966 Πολυκράτεος
1015 1898 1100 1951 τὸν
1138 1899 1269 1951 νόον.
1357 1896 1684 1964 Πολυκράτης
1719 1896 1815 1964 γάρ
1850 1898 1962 1948 ἐστι

296 1989 488 2050 πρῶτος
545 1989 643 2036 τῶν
693 1983 834 2049 ἡμεῖς
885 1985 1025 2049 ἴδμεν
1078 1980 1343 2047 Ἑλλήνων
1394 1981 1447 2035 ὃς
1499 1979 1961 2048 θαλασσοκρατέειν

298 2066 556 2133 ἐπενοήθη,
606 2066 766 2134 πάρεξ
811 2068 955 2119 Μίνω
1003 2089 1056 2119 τε
1103 2071 1189 2118 τοῦ
1239 2066 1508 2118 Κνωσσίου
1558 2066 1637 2117 καὶ
1685 2067 1727 2118 εἰ
1778 2063 1836 2129 δή
1886 2085 1960 2119 τις

298 2151 455 2205 ἄλλος
490 2152 729 2218 πρότερος
765 2152 938 2203 τούτου
967 2150 1085 2219 ἦρξε
1115 2154 1201 2216 τῆς
1239 2149 1518 2215 θαλάσσης·
1563 2152 1650 2214 τῆς
1683 2151 1735 2201 δὲ
1771 2150 1957 2216 ἀνθρω-

298 2237 445 2301 πηίης
467 2239 742 2303 λεγομένης
761 2239 936 2303 γενεῆς
955 2234 1281 2303 Πολυκράτης
1304 2240 1512 2302 πρῶτος,
1537 2235 1743 2287 ἐλπίδας
1766 2234 1961 2286 πολλᾶς
1985 2254 2034 2295 25

299 2321 431 2388 ἔχων
465 2320 655 2386 Ἰωνίης
691 2341 746 2372 τε
783 2321 863 2372 καὶ
903 2318 1071 2385 νήσων
1107 2318 1289 2387 ἄρξειν.
1378 2319 1548 2384 μαθὼν
1588 2315 1657 2371 ι”ὸν
1691 2316 1842 2369 ταῦτά
1875 2337 1961 2382 μιν

298 2404 645 2470 διανοεύμενον
704 2405 730 2454 ὁ
782 2403 1011 2470 Ὀροίτης
1070 2402 1275 2469 πέμψας
1333 2403 1576 2469 ἀγγελίην
1630 2401 1775 2468 ἔλεγε
1825 2399 1957 2452 τάδε·

353 2556 370 2582 1
394 2542 579 2594 κειμένην
599 2542 639 2581 A
653 2542 688 2581 B
702 2542 735 2581 C
847 2554 872 2592 5
893 2541 1049 2582 ὀνείδιει
1066 2540 1107 2579 R
1193 2543 1356 2582 εἰπόντα
1377 2540 1410 2579 Ρ
1425 2540 1465 2578 R
1479 2540 1509 2579 S
1522 2540 1559 2577 V
1669 2541 1697 2578 6
1716 2539 1903 2581 τίσασθαι
1925 2539 1959 2578 L

298 2598 455 2640 διατίνα
475 2597 514 2636 Α
528 2597 563 2637 Β
583 2612 593 2637 2
623 2596 778 2639 διάτινα
803 2596 837 2634 C
1005 2596 1031 2634 8
1061 2597 1108 2645 δὴ
1129 2609 1210 2635 om.
1235 2595 1275 2633 R
1290 2594 1371 2634 SV
1486 2596 1531 2635 οὗ
1545 2623 1555 2634 .
1578 2624 1588 2634 .
1603 2621 1612 2632 .
1633 2593 1799 2646 λέγεται
1819 2606 1902 2632 om.
1927 2593 1958 2634 S

298 2654 401 2703 98)]
432 2658 474 2692 et
501 2668 553 2705 γε
582 2665 663 2692 om.
700 2650 793 2689 RV
1020 2663 1069 2689 10
1097 2652 1160 2691 καὶ
1189 2663 1272 2689 om.
1306 2649 1346 2687 R
1571 2661 1616 2686 12
1645 2647 1960 2689 vaomRSV

298 2707 465 2756 τοιαύτη
485 2723 548 2748 τις
571 2707 611 2744 R
626 2706 708 2746 SV
877 2718 925 2754 14
957 2704 1282 2758 ἐπεστραμμένον
1301 2703 1342 2741 Α
1354 2703 1388 2742 Β
1405 2703 1438 2742 C
1454 2702 1507 2755 (²)
1524 2703 1557 2741 Ρ
1702 2715 1752 2753 15
1780 2703 1853 2743 τὸν
1872 2715 1954 2741 om.

301 2759 340 2799 R
355 2762 384 2800 S
398 2762 436 2800 V
573 2778 615 2802 τι
636 2761 716 2800 del.
740 2759 948 2800 Schaufer
1093 2767 1342 2812 μεταστρεφ.
1370 2757 1409 2795 R
1421 2757 1462 2796 V
1607 2773 1647 2798 τι
1670 2770 1750 2796 om.
1774 2756 1815 2794 A
1829 2756 1864 2795 B
1879 2756 1912 2794 C
1926 2756 1960 2795 P

302 2816 352 2855 18
390 2817 440 2865 δὴ
472 2815 502 2855 S
699 2827 749 2863 19
784 2817 841 2867 ’γῆ
873 2813 1007 2853 RSV
1147 2813 1299 2865 ἔπεμψε
1330 2811 1465 2851 RSV
1657 2824 1708 2849 22
1743 2813 1888 2862 ἵσδμεν
1917 2810 1955 2848 R

299 2881 350 2920 23
381 2871 536 2912 Μίνωος
556 2869 595 2908 Α
609 2869 691 2909 BC
705 2869 740 2908 P
841 2868 1020 2910 Κνωσίου
1043 2867 1096 2916 R,
1123 2880 1229 2906 corr.
1254 2879 1272 2906 1
1376 2869 1449 2915 τῆς
1471 2865 1577 2905 RVl
1706 2879 1757 2914 24
1786 2868 1907 2906 τοῦτο
1924 2864 1957 2903 C

297 2936 349 2975 25
380 2932 479 2966 Πολ.
506 2926 594 2966 ἐστὶ
617 2929 770 2977 πρῶτος
794 2923 823 2963 S
991 2935 1042 2972 27
1074 2921 1232 2974 πέμψας
1254 2924 1294 2963 ἐς
1316 2920 1356 2959 R
1371 2920 1451 2960 SV
1580 2940 1582 2943 v

564 2994 588 3004 a
