2098 3320
123 89 213 138 111.
247 104 302 149 14

250 491 303 538 Ι5

273 746 296 776 ω

232 1828 292 1877 16

266 2352 289 2381 Μ

970 90 1017 137 H
1035 90 1398 139 ΡΟΔΟΤΟΥ

342 219 419 271 ἐπ’
454 218 741 286 Αἴγυπτον),
781 221 1008 288 δακρύειν
1044 223 1098 274 δὲ
1130 221 1371 290 Περσέων
1405 222 1520 277 τοὺς
1555 223 1842 290 παρεόντας,
1874 223 2004 295 αὐτῷ

341 325 395 355 τε
431 303 684 375 Καμβύσῃ
722 306 954 358 ἐσελθεῖν
989 297 1154 358 οἶκτόν
1188 327 1301 358 τινα
1338 306 1417 358 καὶ
1451 306 1627 360 αὐτίκα
1662 306 1882 360 κελεύειν
1914 308 2004 360 τόν

340 388 395 439 τέ
431 391 478 439 οἱ
517 393 670 441 παῖδα
705 391 757 440 ἐκ
795 394 892 442 τῶν
927 388 1290 456 ἀπολλυμένων
1327 388 1502 461 σῴζὲιν
1533 389 1613 443 καὶ
1648 389 1798 444 αὐτὸν
1827 393 1882 444 ἐκ
1915 395 2004 444 τοῦ
2061 451 2071 460 ·

341 474 613 538 προαστίου
653 473 1037 538 ἀναστήσαντας
1077 473 1217 541 ἄγειν
1254 475 1368 542 παρ’
1405 476 1604 528 ἑωυτόν.
1690 474 1779 528 τὸν
1815 478 1908 542 μὲν
1942 475 2000 541 δὴ

340 561 490 608 παῖδα
537 558 679 623 εὗρον
725 560 772 610 οἱ
818 560 1070 623 μετιόντες
1114 557 1278 611 οὐκέτι
1319 560 1580 627 περιεόντα
1628 559 1765 611 ἀλλὰ
1807 564 2002 627 πρῶτον
2024 578 2048 620 5

339 726 635 791 Καμβύσεα·
677 726 796 779 ἔνθα
818 732 903 779 τοῦ
925 732 1106 779 λοιποῦ
1128 731 1348 780 διαιτᾶτο
1379 729 1512 797 ἔχων
1533 727 1675 781 οὐδὲν
1697 729 1885 794 βίαιον.
1957 729 2002 781 εἰ

338 813 389 861 δὲ
421 811 500 862 καὶ
527 810 779 876 ἠπιστήθη
810 812 874 877 μὴ
907 812 1383 880 πολυπρηγμονέειν,
1409 811 1640 879 ἀπέλαβε
1669 812 1731 865 ἂν
1748 813 2002 880 Αἴγυπτον

336 895 469 946 ὥστε
514 896 855 959 ἐπιτροπεύειν
895 897 1060 962 αὐτῆς,
1103 899 1212 950 ἐπεὶ
1255 901 1399 964 τιμᾶν
1441 898 1628 949 ἐώθασι
1666 895 1864 964 Πέρσαι
1902 901 2001 950 τῶν

336 978 600 1043 βασιλέων
631 980 743 1034 τοὺς
773 983 966 1035 παῖδας·
990 986 1126 1041 .τῶν,
1154 983 1197 1034 εἰ
1228 983 1312 1034 καί
1340 989 1514 1050 σφεων
1538 980 1844 1045 ἀποστέωσι,
1867 981 2000 1047 ὅμως

335 1065 471 1116 τοῖσί
496 1085 554 1131 γε
583 1065 730 1117 παισὶ
760 1065 923 1117 αὐτῶν
952 1067 1243 1119 ἀποδιδοῦσι
1273 1065 1363 1130 τὴν
1395 1064 1571 1135 ἀρχήν.
1637 1071 1878 1118 πολλοῖσι
1906 1063 2000 1131 μέν

335 1169 423 1200 νυν
461 1149 538 1200 καὶ
571 1148 778 1201 ἄλλοισι
818 1148 929 1202 ἔστι
970 1151 1370 1215 σταθμώσασθαι
1404 1152 1481 1202 ὅτι
1516 1155 1657 1202 τοῦτο
1693 1151 1818 1202 οὕτω
1857 1170 1996 1203 νενο-

334 1234 510 1297 μίκασι
547 1233 749 1292 ποιέειν,
772 1236 843 1286 ’ἐν
881 1236 934 1286 δὲ
971 1235 1051 1286 καὶ
1088 1240 1155 1305 τῷ
1193 1256 1246 1288 τε
1277 1234 1450 1302 Ἰνάρω
1487 1234 1624 1287 παιδὶ
1656 1233 1906 1304 Θαννύρᾳ,
1943 1232 1998 1288 ὃς

335 1316 566 1382 ἀπέλαβε
609 1316 699 1382 τήν
740 1321 786 1370 οἱ
831 1319 857 1368 ὁ
901 1318 1062 1385 πατὴρ
1103 1318 1210 1388 εἶχε
1249 1318 1425 1387 ἀρχήν,
1469 1320 1549 1372 καὶ
1592 1323 1659 1389 τῷ
1701 1318 1998 1386 Ἀμυρταίου

335 1402 569 1469 Παυσίρι·
619 1403 698 1454 καὶ
743 1404 836 1469 γὰρ
879 1403 1023 1456 οὗτος
1067 1403 1299 1470 ἀπέλαβε
1337 1403 1428 1468 τὴν
1467 1408 1554 1455 τοῦ
1592 1402 1777 1470 πατρὸς
1818 1401 1995 1472 ἀρχήν·

334 1487 492 1544 καίτοι
527 1486 700 1553 Ἰνάρω
737 1508 797 1554 γε
835 1488 913 1539 καὶ
949 1486 1245 1554 Ἀμυρταίου
1285 1487 1492 1554 οὐδαμοί
1527 1509 1594 1539 κω
1632 1486 1838 1554 Πέρσας
1871 1488 1997 1561 κακὰ

332 1568 469 1622 πλέω
501 1569 799 1638 ἐργάσαντο.
879 1575 966 1623 νῦν
996 1574 1049 1623 δὲ
1078 1573 1435 1641 μηχανώμενος
1467 1574 1590 1624 κακὰ
1620 1573 1647 1623 ὁ
1676 1568 1995 1638 Ψαμμήνιτος

330 1654 491 1719 ἔλαβε
525 1659 610 1707 τὸν
638 1656 838 1721 μισθόν·
885 1657 1100 1710 ἀπιστὰς
1129 1659 1225 1723 γὰρ
1255 1657 1552 1724 Αἰγυπτίους
1584 1657 1708 1722 ἥλω,
1744 1658 1909 1709 ἐπείτε
1942 1658 1997 1708 δὲ

330 1738 568 1809 ἐπάζστος
598 1739 795 1807 ἐγένετο
826 1740 921 1792 ὑπὸ
945 1741 1247 1806 Καμβύσεω,
1274 1743 1394 1807 αἷμα
1422 1741 1600 1808 ταύρου
1631 1741 1757 1793 πιὼν
1781 1739 1996 1793 ἀπέθανε

331 1827 645 1893 παραχρῆμα.
735 1826 860 1876 οὕτω
891 1824 948 1888 δὴ
973 1825 1115 1879 οὗτος
1146 1825 1455 1890 ἐτελεύτησε.
1543 1824 1825 1890 Καμβύσης
1853 1827 1908 1877 δὲ
1938 1826 1993 1876 ἐκ

330 1907 567 1976 Μέμφιος
598 1909 802 1962 ἀπίκετο
834 1910 884 1963 ἐς
915 1908 1038 1961 Σάϊν
1067 1909 1232 1969 πόλιν,
1267 1910 1577 1974 βουλόμενος
1606 1912 1813 1973 ποιῆσαι
1841 1910 1903 1960 τὰ
1933 1908 1991 1973 δὴ

329 1992 409 2044 καὶ
441 1995 663 2058 ἐποίησε.
755 1995 920 2046 ἐπείτε
950 1995 1045 2061 γὰρ
1076 1995 1264 2059 ἐσῆλθε
1294 1996 1345 2047 ἐς
1374 1996 1435 2045 τὰ
1464 1998 1549 2045 τοῦ
1572 1992 1814 2058 Ἀμάσιος
1844 1993 1988 2051 οἰκία,

327 2076 502 2129 αὐτίκα
538 2078 738 2131 ἐκέλευε
771 2079 827 2130 ἐκ
862 2081 949 2143 τῆς
984 2081 1151 2146 ταφῆς
1186 2081 1272 2130 τὸν
1307 2076 1549 2143 Ἀμάσιος
1584 2076 1728 2130 νέκυν
1763 2075 1991 2143 ἐκφέρειν

327 2160 438 2225 ἔξω·
487 2162 551 2216 ὡς
590 2164 643 2214 δὲ
684 2161 837 2214 ταῦτά
876 2165 922 2214 οἱ
963 2161 1196 2214 ἐπιτελέα
1232 2160 1445 2230 ἐγένετο,
1482 2165 1758 2228 μαστιγοῦν
1792 2160 1991 2214 ἐκέλευε

329 2245 406 2296 καὶ
436 2248 523 2300 τὰς
552 2248 726 2314 τρίχας
755 2247 1049 2299 ἀποτίλλειν
1077 2246 1159 2298 καὶ
1190 2251 1420 2313 κεντροῦν
1442 2268 1497 2298 τε
1527 2246 1607 2298 καὶ
1636 2246 1799 2297 τᾶλλα
1829 2244 1991 2297 πάντα

325 2331 670 2395 λυμαίνεσθαι.
738 2331 898 2382 ἐπείτε
922 2333 976 2382 δὲ
1000 2331 1078 2382 καὶ
1101 2335 1252 2382 ταῦτα
1275 2331 1457 2395 ἔκαμον
1481 2334 1730 2383 ποιεῦντες
1747 2328 1792 2394 (ὁ
1815 2330 1909 2396 γὰρ
1929 2328 1988 2393 δὴ

328 2413 496 2481 νεκρὸς
535 2413 623 2467 ἅτε
661 2413 1068 2483 τεταριχευμένος
1107 2413 1306 2483 ἀντεῖχέ
1341 2436 1395 2466 τε
1437 2414 1515 2466 καὶ
1555 2413 1696 2466 οὐδὲν
1732 2410 1985 2482 διεχέετο),

380 2566 405 2601 4
434 2552 677 2605 προαστείου
701 2552 733 2590 L
873 2565 897 2602 5
927 2554 964 2594 οἱ
981 2566 1062 2592 om.
1089 2553 1122 2592 C
1142 2566 1150 2591 :
1181 2555 1303 2594 αὐτοῦ
1324 2553 1360 2593 οἱ
1383 2552 1414 2591 Ρ
1430 2545 1468 2591 R
1485 2552 1514 2591 S
1529 2551 1590 2591 V:
1621 2555 1742 2592 παῖδα
1760 2549 1987 2604 περ.οὗκέτι

326 2606 438 2660 εὗρον
451 2609 489 2648 οἱ
501 2625 542 2657 μ.
564 2607 598 2646 Ε
712 2609 738 2646 8
769 2608 967 2657 ἐπιστήθη
986 2607 1025 2646 R
1041 2608 1071 2646 S
1170 2610 1525 2661 πολυπρηγμονεῖν
1542 2607 1575 2645 L
1589 2608 1866 2660 (·πρα·γμονῶν
1883 2605 1913 2645 S
1925 2603 1984 2655 V)

324 2675 351 2711 9
374 2663 501 2710 αὐτὴν
519 2662 556 2700 R
573 2662 652 2702 SV
795 2676 844 2702 10
865 2662 917 2713 εἰ]
938 2679 990 2711 ην
1012 2663 1051 2701 R
1067 2663 1096 2702 S
1111 2662 1149 2701 V
1165 2662 1216 2701 PC
1347 2674 1396 2711 13
1419 2666 1476 2713 τῷ
1491 2678 1538 2701 τε
1562 2660 1744 2700 Reiske:
1778 2659 1986 2709 τῶ<ι)δεῙ.

325 2706 480 2770 ’Ῑνᾶρῶ]
513 2716 648 2770 Ἰναρω
677 2721 735 2757 τῶ
763 2717 911 2764 Λίβυος
941 2717 980 2755 R
998 2717 1027 2756 S
1041 2717 1078 2755 V
1245 2716 1428 2770 ἷθαννύρα
1460 2716 1498 2753 R
1515 2716 1545 2755 S
1559 2716 1597 2753 V
1764 2717 1817 2755 ὣς
1849 2714 1886 2752 R
1905 2713 1987 2753 SV

329 2783 376 2820 14
397 2772 534 2823 εῑρχεν
551 2771 590 2809 R
707 2773 757 2810 16
775 2771 846 2824 γε]
861 2789 908 2813 τε
927 2771 966 2809 R
983 2771 1012 2810 S
1026 2771 1065 2809 V
1175 2771 1338 2822 οὐδαμοί
1353 2786 1409 2811 κω
1421 2783 1503 2810 om.
1521 2770 1551 2809 S
1563 2769 1602 2808 V
1716 2782 1762 2820 17
1785 2768 1986 2822 ἐργάσατο

307 656 309 659 ’
341 640 696 702 κατακοπέντα,
722 643 871 695 αὐτὸν
894 646 945 695 δὲ
970 642 1290 709 Ψαμμήνιτον
1320 642 1698 709 ἀναστήσαντες
1718 642 1842 712 ἦγον
1869 645 2004 711 παρὰ
2044 659 2051 662 ”

2027 998 2078 1028 10

2024 1421 2071 1464 ¹5

2019 1846 2070 1887 20.

2015 2267 2064 2308 25

328 2825 364 2862 R
381 2825 410 2863 S
428 2825 463 2864 V
615 2839 667 2864 22
697 2828 886 2874 εἰσῆλθεν
905 2828 959 2868 εἰς
982 2827 1021 2865 R
1035 2826 1073 2864 V
1210 2838 1263 2875 23
1303 2824 1495 2875 Ἀμάσιον
1516 2824 1555 2862 R
1569 2823 1607 2862 V
1760 2836 1812 2872 24
1842 2824 1880 2863 οἱ
1898 2835 1982 2862 om.
2047 2877 2057 2882 ᾖ

322 2878 364 2971 2
379 2879 533 2973 &CCPP
713 2880 961 2934 μαστιγοῦν]
1001 2898 1042 2931 μ.
1075 2882 1148 2922 τὸν
1183 2879 1299 2921 νέκυν
1340 2879 1378 2918 R
1401 2879 1431 2918 S
1453 2879 1502 2918 Vr
1727 2890 1780 2928 25
1818 2879 1986 2919 κεντοῦν
