2098 3320
873 57 1255 107 ΙΣΤΟΡΙΩΝ
1318 58 1355 105 Β

282 195 336 245 δὲ
368 189 593 257 βασιλέα
615 189 827 260 λέγουσι
857 193 1032 242 τοῦτον
1057 190 1340 261 ἀτασθαλίῃ
1373 186 1695 257 χρησάμενον
1725 188 1956 254 λαβόντα

281 276 465 346 αἰχμὴν
505 280 688 342 βαλεῖν
725 277 777 329 ἐς
815 274 975 341 μέσας
1019 277 1107 328 τὰς
1149 276 1286 328 δίνας
1330 278 1416 325 τοῦ
1459 277 1700 338 ποταμοῦ,
1734 275 1858 338 μετὰ
1904 276 1956 324 δὲ

281 360 455 412 αὐτίκα
487 361 706 427 καμόντα
743 358 892 412 αὐτὸν
928 359 1042 413 τοὺς
1074 359 1369 427 ὀφθαλμοὺς
1407 360 1748 426 τυφλωθῆναι.
1838 356 1957 409 δέκα

279 449 371 512 μὲν
401 444 459 509 δὴ
497 445 610 497 ἔτεα
648 443 780 497 εἷναί
806 465 895 511 μιν
928 445 1142 512 τυφλόν,
1177 442 1421 513 ἑνδεκάτῳ
1459 445 1514 495 δὲ
1550 443 1651 495 ἔτεϊ
1687 441 1957 495 ἀπικέσθαι

232 552 255 594 5
281 533 328 582 οἱ
355 527 595 596 μαντήιον
627 530 680 580 ἐκ
713 533 926 600 Βουτοῦς
956 529 1134 582 πόλιος
1166 528 1231 583 ὡς
1261 526 1425 594 ἐξήκει
1454 526 1510 579 τέ
1539 530 1584 579 οἱ
1610 528 1636 578 ὁ
1658 528 1838 595 χρόνος
1869 529 1958 592 τῆς

284 615 454 679 ζημίης
477 614 556 666 καὶ
581 612 870 681 ἀναβλέψει
892 613 1125 681 γυναικὸς
1156 613 1282 684 οὔρῳ
1317 611 1594 680 νιψάμενος
1624 611 1737 666 τοὺς
1759 612 1953 679 ὀφθαλ-

279 698 416 765 μούς,
442 697 549 763 ἥτις
578 699 709 765 παρὰ
738 697 826 750 τὸν
857 701 1041 764 ἑωυτῆς
1072 698 1227 765 ἄνδρα
1255 702 1439 764 μοῦνον
1471 698 1760 764 πεφοίτηκε,
1783 695 1956 749 ἄλλων

281 784 470 850 ἀνδρῶν
495 783 646 834 ἐοῦσα
668 782 885 850 ἄπειρος.
975 784 1054 836 καὶ
1079 783 1165 836 τὸν
1188 783 1387 850 πρώτης
1410 785 1498 848 τῆς
1522 785 1705 834 ἑωυτοῦ
1725 780 1957 848 γυναικὸς

279 870 561 935 πειρᾶσθαι,
615 868 738 933 μετὰ
790 866 859 926 δέ,
914 868 979 922 ὡς
1037 868 1125 920 οὐκ
1186 866 1457 934 ἀνέβλεπε,
1513 865 1693 932 ἐπεξῆς
1750 864 1956 918 πασέων

207 971 256 1001 10
282 955 566 1019 πειρᾶσθαι·
620 950 991 1020 ἀναβλέψαντα
1026 955 1080 1005 δὲ
1121 957 1429 1020 συναγαγεῖν
1465 954 1552 1005 τὰς
1583 954 1819 1018 γυναῖκας
1857 955 1957 1003 τῶν

282 1035 532 1104 ἐπειρήθη,
579 1037 714 1101 πλὴν
757 1032 786 1101 ἢ
832 1040 919 1102 τῆς
971 1042 1037 1107 τῷ
1083 1038 1209 1107 οὔρῳ
1257 1035 1533 1104 νιψάμενος
1578 1034 1855 1103 ἀνέβλεψε,
1904 1037 1957 1090 ἐς

279 1122 398 1187 μίαν
448 1122 614 1184 πόλιν,
660 1120 691 1186 ἢ
737 1126 824 1173 νῦν
879 1120 1109 1174 καλέεται
1148 1121 1371 1194 ’Ἐρυθρὴ
1432 1125 1621 1187 βῷ-λος,
1670 1122 1721 1174 ἐς
1772 1120 1956 1186 ταύτην

281 1206 628 1258 συναλίσαντα
658 1207 946 1273 ὑποπρῆσαι
976 1205 1146 1261 πάσας
1176 1206 1272 1258 σὺν
1303 1205 1426 1279 αὐτῇ
1462 1213 1523 1279 τῇ
1554 1205 1688 1258 πόλι.
1777 1207 1865 1270 τῆς
1901 1207 1956 1258 δὲ

281 1289 556 1358 νιψάμενος
579 1295 646 1361 τῷ
671 1291 797 1361 οὔρῳ
822 1290 1103 1359 ἀνέβλεψε,
1124 1291 1308 1356 ταύτην
1333 1292 1387 1343 δὲ
1410 1291 1535 1359 ἔσχε
1559 1290 1705 1344 αὐτὸς
1727 1294 1954 1358 γυναῖκα.

209 1396 255 1439 15
281 1373 572 1441 ἀναθήματα
612 1378 665 1428 δὲ
705 1376 981 1444 ἀποφυγὼν
1021 1375 1112 1441 τὴν
1153 1374 1318 1440 πάθην
1362 1379 1462 1428 τῶν
1502 1376 1780 1444 ὀφθαλμῶν
1820 1374 1956 1427 ἄλλα

281 1480 334 1512 τε
365 1459 460 1511 ἀνὰ
490 1461 551 1511 τὰ
590 1461 669 1527 ἱρὰ
700 1459 863 1514 πάντα
897 1463 957 1512 τὰ
993 1461 1183 1528 λόγιμα
1219 1459 1429 1526 ἀνέθηκε
1466 1461 1546 1513 καὶ
1577 1464 1664 1511 τοῦ
1700 1481 1759 1528 γε
1797 1460 1954 1527 λόγον

280 1542 508 1610 μάλιστα
538 1542 676 1610 ἄξιόν
714 1546 826 1597 ἐστι
860 1546 1013 1613 ἔχειν,
1047 1547 1099 1599 ἐς
1131 1549 1218 1597 τοῦ
1247 1545 1430 1597 <Ηλίου
1466 1544 1523 1597 τὸ
1555 1544 1660 1613 ἱρὸν
1690 1543 1955 1610 ἀξιοθέητα

283 1628 492 1695 ἀνέθηκε
523 1629 658 1697 ἔργα,
691 1630 907 1696 ὀβελοὺς
938 1630 1024 1682 δύο
1046 1631 1284 1690 λιθίνους,
1312 1626 1372 1694 ἐξ
1391 1628 1501 1685 ἑνὸς
1525 1630 1698 1684 ἐόντας
1722 1627 1954 1697 ἑκάτερον

281 1715 442 1773 λίθου,
484 1717 638 1780 μῆκος
677 1716 771 1781 μὲν
811 1714 1044 1784 ἑκάτερον
1083 1715 1289 1785 πήχεων
1327 1716 1518 1775 ἑκατόν,
1554 1715 1694 1782 εὖρος
1734 1716 1787 1767 δὲ
1825 1715 1953 1766 ὀκτὼ

208 1822 260 1852 20
283 1797 501 1867 πήχεων.

319 1948 322 1952 A
365 1884 556 1937 Τούτου
614 1886 667 1936 δὲ
720 1883 1015 1950 ἐκδέξασθαι
1073 1884 1164 1950 τὴν
1219 1885 1498 1952 βασιληίην
1557 1883 1736 1952 ἔλεγον
1801 1882 1954 1951 ἄνδρα

286 1969 575 2036 Μεμφίτην,
599 1973 666 2039 τῷ
701 1972 821 2022 κατὰ
850 1969 941 2035 τὴν
964 1967 1501 2036 Ἑλλήνων-γλῶσσαν
1525 1969 1712 2035 οὔνομα
1742 1968 1954 2036 Πρωτέα

284 2051 428 2105 εἶναι·
475 2058 562 2105 τοῦ
591 2058 678 2107 νῦν
714 2052 917 2120 τέμενός
947 2056 1059 2107 ἐστι
1095 2056 1149 2107 ἐν
1188 2052 1370 2123 Μέμφι
1409 2053 1562 2122 κάρτα
1599 2053 1754 2106 καλόν
1785 2075 1839 2106 τε
1873 2055 1952 2106 καὶ

285 2136 338 2189 εὖ
373 2136 758 2204 ἐσκευασμένον,
791 2143 878 2191 τοῦ
912 2138 1250 2207 εΗφαιστείου
1289 2139 1410 2208 πρὸς
1446 2140 1594 2213 νότον
1633 2138 1815 2205 ἄνεμον
1852 2140 1948 2191 κεί-

211 2244 258 2287 25
282 2242 449 2288 μενον.
538 2222 873 2291 περιοικέουσι
909 2226 963 2276 δὲ
994 2223 1050 2276 τὸ
1079 2223 1284 2291 τέμενος
1319 2228 1465 2277 τοῦτο
1495 2226 1725 2278 Φοίνικες
1760 2223 1950 2292 Τύριοι,

285 2305 516 2359 καλέεται
545 2309 600 2360 δὲ
629 2309 656 2358 ὁ
686 2313 849 2376 χῶρος
881 2309 1022 2363 οὗτος
1055 2310 1081 2360 ὁ
1112 2308 1338 2363 συνάπας
1367 2310 1563 2377 Τυρίων
1594 2308 1950 2378 στρατόπεδον.

279 2390 396 2443 ’ἔστι
424 2393 477 2443 δὲ
508 2393 562 2444 ἐν
591 2393 656 2462 τῷ
683 2391 877 2458 τεμένεϊ
906 2398 994 2445 τοῦ
1032 2392 1269 2461 Πρωτέος
1304 2392 1409 2462 ἱρὸν
1438 2393 1496 2445 τὸ
1529 2392 1760 2447 καλέεται
1789 2390 1953 2458 ξείνης

285 2472 604 2543 Ἀφροδίτης·
659 2476 1111 2544 συμβάλλομαι·ὃὲ
1150 2483 1296 2531 τοῦτο
1336 2478 1394 2531 τὸ
1437 2478 1542 2546 ἱρὸν
1579 2478 1706 2531 εἶναι
1739 2477 1953 2542 Ἑλένης

284 2560 372 2623 τῆς
399 2559 680 2626 Τυνδάρεω,
714 2562 793 2613 καὶ
834 2561 920 2614 τὸν
956 2563 1112 2629 λόγον
1155 2564 1377 2628 ἀκηκοὼς
1414 2563 1479 2616 ὡς
1515 2555 1737 2627 διαιτήθη
1768 2561 1950 2627 Ἑλένη

339 2709 364 2735 2
403 2697 571 2746 βαλέειν
603 2698 636 2737 L
831 2714 856 2750 4
896 2698 1158 2742 ἀναπικέσθαι
1189 2700 1220 2740 S
1234 2701 1273 2739 V
1464 2714 1492 2751 9
1530 2699 1734 2753 ἀνέβλεψε
1767 2700 1800 2739 Ρ
1816 2700 1854 2740 R
1871 2700 1901 2740 S
1914 2699 1951 2740 V

290 2763 340 2792 ῐο
359 2751 403 2793 δὲ
423 2764 506 2793 om.
527 2753 564 2791 V
678 2766 727 2805 13
750 2755 1053 2797 συναυλίσαντα
1071 2755 1109 2795 R
1129 2755 1232 2808 (was)
1249 2755 1286 2794 V
1387 2754 1506 2797 πόλει
1528 2755 1562 2794 C
1581 2755 1611 2795 S
1626 2755 1662 2793 V
1778 2768 1826 2804 14
1848 2755 1951 2807 ἔσχε

287 2805 484 2857 Krueger
501 2822 510 2848 :
554 2808 594 2850 εἶ
625 2825 644 2850 ε
679 2809 714 2848 L
938 2822 984 2860 17
1030 2813 1151 2862 σχεῖν
1191 2810 1230 2848 R
1249 2810 1278 2850 S
1295 2809 1333 2849 V
1557 2813 1606 2851 18
1650 2810 1771 2852 ἐόντα
1807 2809 1847 2849 Α
1865 2809 1900 2849 Β
1915 2810 1950 2850 C

285 2873 339 2900 22
367 2862 446 2912 τὴν
470 2866 555 2904 τῶν
628 2861 663 2904 Β
679 2863 714 2904 C
917 2866 971 2903 28
1001 2864 1292 2919 συμβάλλομαι
1311 2897 1319 2908 .
1340 2896 1349 2907 .
1367 2895 1377 2906 .
1394 2866 1523 2920 ξείνης
1542 2866 1782 2920 Ἀφροδίτης
1802 2878 1885 2908 om.
1910 2865 1950 2905 R

286 2914 332 2958 δὲ
352 2927 435 2958 om.
462 2916 546 2959 SV
709 2929 764 2972 29
792 2919 998 2970 ἐδιαιτήθη
1019 2918 1050 2961 S
1064 2919 1101 2960 V

1713 3003 1789 3046 12*

1995 57 2058 106 11.
2086 72 2098 107 1

1988 1114 2098 1174 Aa]

1991 1902 2069 1939 112
