2098 3320
1123 46 1169 56 ,κ

862 123 1237 171 ΙΣΤΟΡΙΩΝ
1301 125 1340 171 Β

265 256 430 308 ἐπείτε
482 256 673 324 ἐγίνετο
723 255 804 308 ἐπὶ
857 254 994 306 Φάσι
1043 260 1262 325 ποταμῷ,
1314 255 1401 307 οὐκ
1449 255 1550 323 ἔχω
1598 255 1655 307 τὸ
1707 257 1933 310 ἐνθεῦτεν

238 338 509 407 ἀτρεκέως
538 342 695 393 εἰπεῖν
726 341 826 393 εἴτε
854 339 1000 394 αὐτὸς
1025 340 1051 390 ὁ
1073 340 1390 406 βασιλεὺςΣ
1395 339 1641 408 έσωστρις
1673 341 1926 392 ἀποδασά-

261 444 412 489 μενος
441 427 530 489 τῆς
560 427 743 476 ἑωυτοῦ
777 445 1012 491 στρατιης
1047 425 1221 491 μόριον
1251 425 1376 476 ὅσον
1414 424 1473 489 δη
1511 424 1661 478 αὐτοῦ
1696 424 1930 478 κατέλιπε

262 511 351 573 τῆς
373 508 541 576 χώρης
571 508 846 575 οἰκήτορας,
873 510 971 561 εἴτε
1001 513 1100 560 τῶν
1130 529 1261 562 τινες
1295 508 1642 575 στρατιωτέων
1671 516 1733 582 τῇ
1763 509 1930 581 πλάνῃ

1974 126 2037 178 II.
2065 142 2098 177 1⁴

214 615 237 657 5
262 591 411 644 αὐτοῦ
441 592 776 660 ἀχθεσθέντες
811 594 923 659 περὶ
960 596 1128 645 Φᾶσιν
1166 598 1389 658 ποταμὸν
1428 592 1735 659 κατέμειναν.
1810 595 1925 661 φαί-
1966 606 2062 657 104

261 696 431 728 νονται
476 678 568 742 μὲν
611 679 708 744 γὰρ
751 678 918 730 ἐόντες
961 679 1007 729 οἱ
1054 677 1250 744 Κόλχοι
1297 677 1575 744 Αἰγύπτιοι·
1644 676 1832 742 νοήσας
1875 682 1928 731 δὲ

260 760 501 827 πρότερον
551 760 698 814 αὐτὸς
741 756 771 825 ἢ
817 761 1035 814 ἀκούσας
1076 760 1253 832 ἄλλων
1297 760 1448 828 λέγω.
1542 762 1606 815 ὡς
1651 759 1705 814 δέ
1747 783 1830 827 μοι
1874 763 1926 814 ἐν

260 846 488 911 φροντίδι
512 843 728 912 ἐγένετο,
756 845 958 911 εἰρόμην
982 844 1310 911 ἀμφοτέρους,
1340 846 1418 896 καὶ
1440 849 1638 911 μᾶλλον
1662 848 1707 898 οἱ
1734 846 1925 913 Κόλχοι

259 927 531 994 ἐμεμνέατο
581 934 679 980 τῶν
732 930 1016 995 Αἰγυπτίων
1060 924 1089 993 ἢ
1137 932 1183 981 οἱ
1238 930 1499 996 Αἰγύπτιοι
1542 934 1641 981 τῶν
1690 931 1919 998 Κόλχων.

185 1032 236 1063 10
258 1012 473 1077 νομίζειν
496 1012 537 1064 δ’
561 1012 762 1080 ἔφασαν
786 1013 1048 1080 Αἰγύπτιοι
1071 1016 1158 1077 τῆς
1190 1014 1507 1080 Σεσώστριος
1539 1017 1773 1080 στρατιῆς
1797 1013 1922 1066 εἶναι
1958 1035 1983 1066 2

257 1096 373 1149 τοὺς
412 1096 662 1164 Κόλχους·
716 1095 862 1150 αὐτὸς
904 1099 957 1148 δὲ
994 1099 1174 1148 εἴκασα
1213 1098 1328 1169 τῇδε
1370 1097 1448 1148 καὶ
1493 1098 1569 1148 ὅτι
1612 1097 1923 1165 μελάγχροές

259 1180 360 1230 εἰσι
393 1179 471 1231 καὶ
503 1179 792 1247 οὐλότριχες
814 1179 914 1244 (καὶ
936 1185 1079 1231 τοῦτο
1101 1182 1194 1246 μὲν
1218 1182 1268 1234 ἐς
1295 1183 1437 1232 οὐδὲν
1463 1180 1649 1244 ἀνήκει·
1699 1181 1798 1233 εἰσὶ
1828 1183 1923 1248 γὰρ
1958 1193 1962 1194 ’

258 1263 336 1314 καὶ
380 1263 539 1330 ἕτεροι
579 1260 823 1326 τοιοῦτοι),
866 1265 999 1315 ἀλλὰ
1043 1266 1233 1316 τοισίδε
1279 1264 1358 1315 καὶ
1397 1269 1595 1329 μᾶλλον
1635 1266 1713 1316 ὅτι
1751 1269 1922 1330 μοῦνοι

254 1345 454 1399 πάντων
485 1348 756 1414 ἀνθρώπων
782 1349 977 1415 Κόλχοι
1012 1349 1090 1400 καὶ
1125 1349 1382 1415 Αἰγύπτιοι
1415 1348 1495 1400 καὶ
1519 1350 1753 1403 Αἰθίοπες
1782 1371 1917 1415 περι-

182 1450 229 1494 15
252 1429 523 1496 τάμνονται
553 1431 635 1485 ἀπ’
666 1433 823 1500 ἀρχῆς
860 1433 920 1484 τὰ
954 1434 1131 1484 αἰδοῖα.
1208 1434 1438 1487 Φοίνικες
1474 1436 1526 1484 δὲ
1559 1434 1638 1484 καὶ
1674 1433 1842 1500 Σύριοι
1873 1436 1918 1486 οἱ
1955 1456 1979 1499 3

254 1517 308 1567 ἐν
347 1516 405 1588 τῇ
446 1517 764 1588 Παλαιστίνῃ
805 1516 886 1567 καὶ
927 1516 1064 1568 αὐτοὶ
1106 1516 1438 1584 ὁμολογέουσι
1478 1516 1592 1584 παρ’
1630 1518 1916 1585 Αἰγυπτίων

249 1596 600 1665 μεμαθηκέναι,
643 1601 812 1668 Σύριοι
847 1602 901 1652 δὲ
941 1603 986 1652 οἱ
1031 1602 1143 1668 περὶ
1185 1602 1522 1668 Θερμώδοντα
1566 1602 1788 1667 ποταμὸν
1834 1603 1912 1654 καὶ

251 1683 533 1750 Παρθένιον
574 1685 652 1737 καὶ
696 1684 970 1751 Μάκρωνες
1001 1688 1046 1737 οἱ
1088 1686 1310 1737 τούτοισι
1352 1687 1700 1753 ἀστυγείτονες
1744 1687 1912 1740 ἐόντες

250 1766 349 1820 ἀπὸ
383 1769 598 1837 Κόλχων
636 1770 768 1837 φασὶ
804 1770 987 1821 νεωστὶ
1023 1769 1376 1835 μεμαθηκέναι·
1424 1770 1559 1821 οὗτοι
1596 1770 1689 1837 γάρ
1728 1772 1827 1821 εἰσι
1863 1773 1910 1823 οἱ

174 1869 226 1899 ²0
249 1854 660 1919 περιταμνόμενοι
711 1854 983 1921 ἀνθρώπων
1033 1859 1220 1920 μοῦνοι,
1275 1855 1354 1905 καὶ
1406 1854 1540 1906 οὗτοι
1592 1856 1909 1921 Αἰγυπτίοισι

248 1938 513 2003 φαίνονται
544 1942 796 1992 ποιεῦντες
828 1940 950 1990 κατὰ
987 1938 1155 1990 ταύτά.
1229 1940 1390 1990 αὐτῶν
1420 1941 1473 1990 δὲ
1510 1940 1793 2006 Αἰγυπτίων
1823 1939 1908 1990 καὶ
1946 1959 1975 2003 4

248 2021 503 2074 Αἰθιόπων
526 2023 612 2075 οὐκ
635 2022 737 2091 ἔχω
759 2024 916 2074 εἰπεῖν
935 2023 1156 2090 ὁκότεροι
1174 2023 1305 2089 παρὰ
1329 2027 1426 2083 τῶν
1450 2022 1629 2090 ἑτέρων
1649 2022 1904 2088 ἐξέμαθον·

245 2104 456 2172 ἀρχαῖον
501 2107 597 2173 γὰρ
644 2105 703 2171 δή
754 2127 802 2158 τι
849 2107 1080 2173 φαίνεται
1131 2108 1231 2158 ἐόν.
1306 2106 1371 2160 ὡς
1422 2109 1475 2158 δὲ
1527 2108 1906 2174 ἐπιμισγόμενοι

245 2189 477 2259 Αἰγύπτῳ
522 2188 778 2255 ἐξέμαθον,
820 2189 949 2257 μέγα
990 2212 1076 2256 μοι
1121 2191 1200 2242 καὶ
1237 2192 1350 2242 τόδε
1394 2189 1653 2257 τεκμήριον
1697 2192 1902 2258 γίνεται·

170 2288 220 2330 25
244 2274 492 2325 Φοινίκων
511 2275 685 2326 ὁκόσοι
714 2275 772 2346 τῇ
795 2273 1007 2326 Ἑλλάδι
1032 2276 1397 2342 ἐπιμίσγονται,
1425 2275 1587 2326 οὐκέτι
1608 2277 1905 2342 Αἰγυπτίους

241 2355 501 2422 μιμέονται
546 2353 689 2425 [κατὰ
739 2361 800 2409 τὰ
852 2355 1046 2426 αἰδοῖα],
1095 2360 1231 2410 ἀλλὰ
1282 2363 1382 2410 τῶν
1435 2358 1795 2425 ἐπιγινομένων
1845 2360 1903 2410 οὐ

244 2440 601 2507 περιτάμνουσι
632 2444 693 2494 τὰ
723 2444 902 2495 αἰδοῖα.
975 2442 1098 2510 φέρε
1129 2464 1215 2495 νυν
1242 2443 1320 2494 καὶ
1351 2442 1480 2494 ἄλλο
1511 2445 1632 2494 εἴπω
1663 2443 1774 2509 περὶ
1804 2448 1902 2495 τῶν
1940 2453 2033 2502 105

299 2591 318 2618 1
351 2577 518 2631 ἐγένετο
540 2579 573 2618 C
589 2579 623 2618 P
791 2579 913 2625 Φάσει
936 2579 1018 2619 SV
1183 2581 1268 2632 ἆτρ.
1293 2581 1342 2621 τὸ
1371 2583 1450 2621 ἐνθ.
1477 2580 1515 2617 R
1532 2580 1561 2618 S
1578 2580 1613 2618 V
1794 2593 1820 2629 3
1851 2583 1900 2631 δὴ

239 2645 323 2675 om.
347 2632 379 2673 S
391 2633 432 2673 V
541 2637 664 2676 αὐτοῦ
684 2647 766 2674 om.
790 2635 824 2673 P
839 2634 877 2672 R
893 2634 923 2673 S
937 2634 976 2673 V
1086 2635 1322 2675 καταλείπει
1346 2634 1386 2672 Α
1401 2635 1435 2673 Β
1452 2635 1485 2673 C
1650 2647 1675 2683 5
1705 2636 1900 2687 ἀχθέντες

242 2687 382 2727 RSV
535 2691 562 2728 6
600 2691 636 2729 οἱ
662 2702 745 2730 om.
780 2689 917 2727 RSV
1054 2690 1081 2727 8
1119 2687 1272 2742 ἠρόμην
1301 2689 1487 2727 ABCP
1656 2702 1706 2727 10
1744 2692 1780 2730 οἱ
1808 2692 1899 2742 Aty-

238 2743 279 2781 A
294 2742 329 2782 Β
345 2743 380 2782 C
522 2755 567 2783 11
598 2743 761 2796 μρελάχ
763 2743 827 2785 οές
851 2744 888 2782 R
905 2744 934 2782 S
951 2743 989 2781 V
1225 2744 1236 2758 '
1218 2744 1364 2795 αφήκει
1387 2744 1426 2782 R
1442 2744 1472 2782 S
1486 2743 1523 2782 V
1679 2755 1727 2793 13
1757 2748 1898 2786 τοῖσδε

239 2797 327 2837 CP
435 2800 497 2840 καὶ
519 2811 602 2838 om.
631 2760 815 2838 PRSV
937 2798 1114 2838 m'fnR:
1144 2796 1359 2838 οῧτοιδν
1546 2810 1594 2848 15
1624 2798 1898 2851 ΣύροιΑΒΟ

238 2854 276 2893 οἱ
294 2864 378 2892 om.
399 2853 440 2892 R
581 2865 629 2903 17
658 2869 749 2893 ποτ.
770 2855 833 2894 καὶ
857 2858 975 2907 napo.
997 2853 1035 2891 R
1053 2852 1134 2891 SV
1157 2852 1276 2892 Eust.
1299 2852 1423 2892 Dion.
1442 2865 1546 2903 772:
1576 2855 1638 2894 καὶ
1662 2860 1747 2907 nup
1750 2858 1784 2894 θ.
1801 2870 1893 2894 ποτ.

236 2905 327 2946 ΑΒ
342 2907 376 2946 C
391 2907 424 2946 P
551 2919 601 2959 19
620 2909 727 2961 ἇνθρ.
744 2909 782 2949 οἱ
799 2924 927 2961 περιτ.
918 2871 988 2947 pR
1004 2906 1086 2947 SV
1208 2919 1262 2947 20
1282 2906 1494 2960 Αἰγύπτιοι
1513 2908 1551 2946 R
1569 2909 1597 2946 S
1612 2908 1649 2946 V
1772 2921 1821 2947 21
1844 2910 1898 2949 τὰ

239 2961 341 3004 αὐτά
361 2961 470 3002 SV.
500 2961 603 3004 αὐτά
623 2962 664 3002 R
826 2974 882 3011 23
911 2981 951 3003 τι
972 2975 1053 3002 om.
1076 2961 1115 3001 R
1132 2961 1213 3002 SV
1393 2975 1445 3012 24
1473 2962 1690 3016 μαρτύριον
1712 2962 1745 3003 Ρ
1760 2962 1798 3002 R
1815 2963 1845 3002 S
1858 2962 1896 3001 V

240 3017 294 3056 26
322 3017 426 3060 κατὰ
443 3017 497 3060 τὰ
516 3019 641 3060 αἰδοῖα
656 3018 826 3059 seclusa
837 3018 920 3058 del.
937 3018 1150 3071 Gomperz
1280 3030 1331 3069 27
1361 3019 1412 3059 τὰ
1432 3030 1513 3057 om.
1535 3018 1574 3058 R
1686 3018 1775 3071 νυν]
1797 3020 1844 3069 δὴ
1862 3018 1897 3057 Ρ
