2098 3320
739 152 1118 200 ΙΣΤΟΡΙΩΝ
1179 153 1217 200 Γ
1390 155 1392 157 ·
1847 152 2059 214 111.142

0 277 461 354 Μέπιπλήσσω,
500 280 647 335 αὐτὸς
685 283 809 333 κατὰ
845 282 1050 348 δύναμιν
1086 283 1143 335 οὐ
1179 304 1393 347 ποιησω·
1441 282 1554 335 οὔτε
1589 281 1684 350 γάρ
1722 305 1807 349 μοι

147 363 472 432 Πολυκράτης
513 364 693 433 ἤρεσκε
733 366 991 430 δεσπόζων
1032 367 1224 433 ἀνδρῶν
1265 367 1446 432 ὁμοίων
1488 356 1656 437 ἑωυτῷ
1694 368 1806 421 οὔτε

144 448 301 503 ἄλλος
332 449 472 503 ὅστις
503 454 703 502 τοιαῦτα
734 449 906 503 ποιέει.
981 450 1306 519 Πολυκράτης
1328 451 1420 517 μέν
1445 472 1532 504 νυν
1557 419 1806 517 ἐξέπλησε

143 539 318 602 μοῖραν
348 533 438 599 τὴν
470 536 666 595 ἑωυτοῦ,
702 535 799 602 ἐγὼ
831 538 884 588 δὲ
916 536 965 590 ἐς
1002 534 1161 601 μέσον
1201 535 1291 600 τὴν
1322 536 1482 605 ἀρχὴν
1513 537 1665 590 τιθεὶς
1697 538 1803 589 ἰσο-

97 645 120 686 5
145 619 318 685 νομίην
370 619 482 684 ὑμῖν
535 620 871 687 προαγορεύω.
976 620 1162 673 τοσάδε
1211 620 1380 686 μέντοι
1433 625 1600 672 δικαιῶ
1658 620 1807 688 γέρεα
1845 644 1871 685 4

146 706 370 782 ἐμεωυτῷ
407 701 660 771 γενέσθαι,
695 706 748 755 ἐκ
787 703 879 770 μέν
916 726 974 771 γε
1015 710 1112 758 τῶν
1150 704 1500 772 Πολυκράτεος
1538 704 1806 773 χρημάτων

145 787 372 856 ἐξαίρετα
431 787 489 854 ἓξ
535 787 756 841 τάλαντά
804 811 892 858 μοι
943 788 1198 857 γενέσθαι,
1255 789 1530 856 ἱερωσύνην
1578 792 1632 841 δὲ
1686 789 1806 857 πρὸς

144 873 367 925 τούτοισι
413 875 639 940 αἱρεῦμαι
691 872 819 944 αὐτῷ
864 873 919 926 τέ
964 896 1049 939 μοι
1100 874 1180 926 καὶ
1228 878 1361 926 τοῖσι
1412 873 1495 926 ἀπ’
1543 875 1659 939 ἐμεῦ
1710 874 1807 927 αἰεὶ

144 956 455 1025 γινομένοισι
499 963 584 1010 τοῦ
631 962 752 1012 Διὸς
792 963 879 1010 τοῦ
923 957 1256 1025 Ἐλευθερίου,
1299 963 1365 1028 τῷ
1411 958 1557 1013 αὐτός
1601 980 1655 1012 τε
1700 958 1807 1026 ἱρὸν

73 1064 121 1094 ιο
146 1040 420 1110 ἱδρυσάμην
458 1042 537 1094 καὶ
573 1041 663 1107 τὴν
701 1045 987 1110 ἐλευθερίην
1023 1045 1138 1109 ὑμῖν
1174 1044 1471 1110 περιτίθημι.
1559 1044 1585 1094 ὁ
1614 1046 1706 1109 μὲν
1747 1043 1805 1108 δὴ
1847 1062 1868 1110 5

143 1131 295 1179 ταῦτα
333 1131 468 1179 τοῖσι
509 1127 743 1193 Σαμίοισι
785 1127 1145 1195 ἐπαγγέλλετο,
1188 1132 1285 1180 τῶν
1322 1127 1376 1180 δέ
1415 1149 1490 1181 τις
1530 1126 1808 1192 ἐξαναστὰς

143 1210 268 1265 εἶπε·
314 1210 459 1264 Ἀλλ’
504 1211 605 1265 οὐδ’
650 1211 787 1277 ἄξιος
826 1212 896 1266 εἷς
942 1213 1008 1264 σύ
1049 1234 1108 1280 γε
1152 1211 1317 1278 ἡμέων
1357 1211 1546 1280 ἄρχειν,
1588 1212 1807 1280 γεγονώς

143 1316 198 1348 τε
230 1300 388 1351 κακῶς
420 1296 501 1349 καὶ
531 1297 626 1349 ἐὼν
656 1299 879 1365 ὄλεθρος,
906 1298 1041 1349 ἀλλὰ
1062 1300 1261 1362 μᾶλλον
1292 1298 1418 1351 ὅκως
1441 1297 1597 1364 λόγον
1629 1297 1807 1351 δώσεις

143 1385 244 1433 τῶν
288 1381 637 1450 μετεχείρισας
683 1380 966 1450 χρημάτων.
1056 1386 1209 1434 ταῦτα
1260 1382 1367 1434 εἶπε
1419 1382 1513 1434 ἐὼν
1571 1384 1624 1434 ἐν
1673 1386 1808 1434 τοῖσι
1843 1393 1934 1443 143

71 1484 119 1528 15
144 1466 348 1518 ἀστοῖσι
383 1466 598 1532 δόκιμος,
637 1471 703 1536 τῷ
741 1466 927 1532 οὔνομα
971 1464 1031 1531 ἦν
1069 1465 1410 1536 Τελέσαρχος.
1502 1464 1808 1533 Μαιάνδριος

143 1553 205 1602 δὲ
237 1550 335 1621 νόῳ
375 1551 554 1617 λαβὼν
596 1550 678 1616 ὡς,
713 1552 756 1603 εἰ
794 1548 1002 1617 μετήσει
1042 1550 1132 1616 τὴν
1173 1549 1350 1619 ἀρχήν,
1393 1549 1551 1605 ἄλλος
1586 1572 1661 1604 τις
1702 1550 1808 1603 ἀντ’

143 1634 292 1687 αὐτοῦ
323 1635 563 1704 τύραννος
596 1634 978 1700 καταστήσεται,
1006 1635 1062 1687 οὐ
1092 1635 1151 1702 δή
1175 1657 1222 1688 τι
1247 1637 1300 1688 ἐν
1323 1636 1421 1705 νόῳ
1454 1635 1560 1705 εἶχε
1589 1634 1808 1702 μετιέναι

144 1718 311 1786 αὐτήν,
347 1719 463 1773 ἀλλ’
505 1720 570 1774 ὣς
612 1720 905 1789 ἀνεχώρησε
945 1722 996 1775 ἐς
1035 1719 1126 1785 τὴν
1166 1721 1454 1789 ἀκρόπολιν,
1488 1720 1804 1785 μεταπεμπό-

142 1825 289 1869 μενος
334 1805 423 1858 ἕνα
473 1805 687 1858 ἕκαστον
736 1805 802 1859 ὡς
850 1804 906 1869 δὴ
957 1806 1114 1873 λόγον
1158 1810 1258 1858 τῶν
1301 1803 1568 1873 χρημάτων
1612 1804 1805 1863 δώσων,

72 1907 120 1937 20
144 1887 403 1956 συνέλαβέ
432 1895 597 1957 σφεας
628 1890 706 1942 καὶ
732 1888 992 1954 κατέδησε.
1062 1891 1108 1942 οἱ
1137 1891 1229 1955 μὲν
1252 1888 1310 1954 δὴ
1336 1888 1581 1949 ἐδεδέατο,
1610 1887 1805 1941 Μαιάν-
1843 1908 1868 1939 2

144 1977 279 2042 δριον
325 1977 378 2027 δὲ
421 1976 546 2040 μετὰ
589 1979 740 2027 ταῦτα
785 1973 1037 2040 κατέλαβε
1082 1978 1278 2029 νοῦσος.
1368 1973 1581 2037 ἐλπίζων
1626 1972 1682 2026 δέ
1723 1994 1808 2039 μιν

144 2057 516 2112 ἀποθανέεσθαι
561 2061 588 2111 ὁ
633 2060 896 2126 ἀδελφεός,
935 2064 1003 2129 τῷ
1049 2059 1235 2125 οὔνομα
1278 2058 1338 2124 ἦν
1383 2057 1683 2125 Λυκάρητος,
1727 2058 1808 2109 ἵνα

144 2141 507 2211 εὐπετεστέρως
553 2143 781 2216 κατάσχῃ
826 2145 887 2195 τὰ
932 2145 986 2195 ἐν
1029 2151 1090 2216 τῇ
1134 2142 1282 2213 Σάμῳ
1327 2141 1610 2210 πρήγματα,
1660 2163 1804 2193 κατα-

136 2220 322 2281 κτείνει
373 2228 487 2283 τοὺς
538 2228 796 2295 δεσμώτας
849 2226 1054 2281 πάντας·
1117 2228 1174 2279 οὐ
1226 2229 1327 2295 γὰρ’
1375 2225 1449 2292 δή,
1505 2226 1570 2280 ὡς
1621 2228 1804 2285 οἴκασι,
1846 2277 1862 2285 ,

70 2329 118 2370 25
144 2312 419 2377 ἐβούλοντο
471 2312 598 2365 εἶναι
646 2313 914 2380 ἐλεύθεροι.
1005 2311 1171 2376 ἐπειδὴ
1220 2309 1290 2364 ὧν
1337 2312 1573 2364 ἀπίκοντο
1622 2312 1672 2364 ἐς
1717 2310 1806 2374 τὴν
1843 2325 1935 2374 144

142 2394 311 2462 Σάμον
360 2399 406 2450 οἱ
454 2396 654 2464 Πέρσαι
701 2396 998 2465 κατάγοντες
1047 2401 1371 2460 Συλοσῶντα,
1422 2395 1535 2448 οὔτε
1582 2395 1657 2449 τίς
1709 2401 1807 2462 σφι

142 2486 313 2549 χεῖρας
343 2482 667 2549 ἀνταείρεται,
699 2482 1015 2535 ὑπόσπονδοί
1045 2503 1098 2533 τε
1136 2481 1338 2548 ἔφασαν
1377 2480 1502 2532 εἶναι
1544 2480 1731 2545 ἕτοιμοι
1760 2482 1808 2532 οἱ

202 2632 218 2657 1
254 2619 466 2669 ἐπιπλήσω
488 2619 528 2659 R
709 2632 734 2658 2
764 2620 911 2672 ἤρκεσε
935 2619 968 2657 C
1144 2631 1170 2668 3
1199 2619 1243 2660 ὃς
1265 2617 1346 2657 SV
1514 2631 1535 2667 7
1567 2617 1808 2670 ἱερεωσύνην

146 2673 237 2713 RV
329 2673 394 2726 δὲ]
416 2692 464 2716 τε
486 2674 526 2713 R
543 2674 573 2714 S
588 2675 624 2712 V
735 2676 762 2713 8
791 2677 897 2726 αὐτῷ
917 2672 969 2714 τέ
985 2690 1052 2721 μοι
1074 2673 1275 2713 Bekker:
1305 2675 1410 2725 αὐτῷ
1431 2689 1456 2712 τ
1461 2670 1573 2722 ’ἐμοὶ
1594 2671 1634 2711 Α
1650 2671 1683 2711 Β
1699 2672 1731 2710 C
1747 2671 1807 2711 P:

145 2729 233 2779 ἐμοί
262 2745 308 2770 τε
343 2732 448 2771 αὐτῶ
483 2729 621 2769 RSV
785 2732 871 2770 τοῖς
908 2727 1000 2767 RV
1228 2740 1278 2767 ιο
1311 2726 1394 2778 καὶ]
1426 2728 1490 2768 καὶ
1522 2728 1639 2769 αὐτὸς
1670 2726 1809 2766 RSV

147 2796 190 2822 11
235 2785 383 2836 ἐπηγγ.
419 2785 453 2823 C
483 2785 610 2837 (corr.
648 2783 687 2835 Ι)
722 2783 860 2823 RSV
982 2782 1086 2835 τῶν]
1117 2782 1228 2834 τῶζι)
1259 2782 1450 2821 ABCP
1619 2794 1667 2820 12
1707 2782 1746 2822 εἶ
1773 2780 1807 2819 L

142 2839 254 2890 ἡμῶν
275 2838 314 2876 R
328 2838 367 2877 V
550 2851 596 2888 [3
626 2839 748 2881 κακὸς
769 2838 803 2877 Ρ
817 2838 856 2876 R
871 2838 902 2878 S
916 2836 954 2875 V
1083 2839 1213 2885 δώσης
1233 2836 1271 2874 V
1289 2852 1298 2876 t
1328 2836 1452 2885 δόσης
1475 2836 1513 2874 R
1684 2838 1735 2875 16
1764 2835 1807 2877 δὲ

143 2906 224 2933 om.
251 2893 284 2936 C
411 2906 459 2944 17
489 2895 570 2935 οὐδ’
590 2894 651 2935 ἔτι
674 2894 706 2933 S
828 2905 880 2942 24
911 2891 1064 2934 πάντας
1085 2905 1166 2931 om.
1193 2892 1232 2930 R
1248 2891 1332 2931 SV
1441 2902 1494 2940 25
1525 2889 1750 2938 ἐβουλέατο
1773 2891 1807 2929 L

143 2948 243 2989 εἶναι
265 2961 346 2989 om.
369 2949 403 2988 C
555 2950 641 2990 ἐπεὶ
662 2947 706 2989 δε
725 2947 765 2986 Α
780 2948 814 2987 Β
832 2947 865 2986 C
1047 2949 1101 2986 26
1130 2946 1243 2998 οὔτε]
1266 2947 1330 2987 ἆεί
1348 2944 1399 2986 τέ
1420 2946 1457 2984 R
1474 2945 1503 2984 S
1518 2945 1555 2983 V
1690 2945 1809 2999 χεῖρά

143 3011 240 3054 σφιν
262 3002 332 3042 R:
360 3003 481 3056 χεῖρά
501 3013 645 3054 σφισιν
667 3003 698 3043 S
712 3003 750 3042 V
918 3015 967 3051 27
1002 3001 1075 3042 ἀνά
1095 3000 1134 3041 τ’
1156 3002 1313 3054 ἀείρετο
1340 3001 1376 3038 R
1399 3015 1407 3039 :
1439 3002 1552 3041 ἀνατ’
1574 3004 1704 3052 εἴρετο
1725 3001 1755 3038 S
1770 3001 1806 3038 V

143 3055 294 3107 ἕτοιμοι
315 3070 397 3097 om.
425 3058 457 3096 P
473 3058 511 3096 R
527 3058 556 3097 S
573 3058 608 3096 V
