2098 3320
42 90 106 138 ΙΙ.
125 101 205 149 151

815 49 1296 135 'HPOAOTOT

188 240 214 271 2
243 222 332 269 τοῦ
362 218 586 284 ἀριθμοῦ,
621 215 794 268 ἕνδεκα
824 217 1044 269 δυώδεκα
1078 219 1232 269 ἐοῦσι.
1321 219 1534 270 ἐνθαῦτα
1569 218 1634 271 ὧς
1675 217 1764 270 οὐκ
1801 216 1908 286 εἶχε

127 1332 214 1383 152

247 300 437 369 φιάλην
468 302 494 351 ὁ
524 300 741 368 ἔσχατος
772 276 960 355 ἐστεὼέτ
997 301 1156 354 αὐτῶν
1185 300 1524 371 Ψαμμήτιχος,
1557 301 1908 369 περιελόμενος

245 386 337 450 τὴν
367 383 540 450 κυνέην
570 386 751 437 ἐοῦσαν
781 384 1003 453 χαλκέην
1034 385 1226 454 ὑπέσχε
1255 407 1309 439 τε
1340 386 1419 437 καὶ
1448 385 1675 439 ἔσπενδε.
1736 385 1908 439 κυνέας

247 472 301 521 δὲ
339 470 418 521 καὶ
459 471 505 521 οἱ
543 468 692 520 ἄλλοι
732 468 947 524 ἅπαντες
990 470 1203 537 ἐφόρεον
1237 466 1329 537 [τε]
1366 469 1613 536 βασιλέες
1654 469 1731 521 καὶ
1763 470 1901 537 ἐτύγ-

247 574 404 622 χανον
438 555 550 605 τότε
587 554 807 622 ἔχοντες.
894 553 1217 622 Ψαμμήτιχος
1258 554 1350 620 μέν
1388 575 1477 606 νυν
1520 554 1681 605 οὐδενὶ
1719 557 1906 624 δολερῷ

247 640 344 708 νόῳ
368 639 648 705 χρεώμενος
670 637 865 707 ὑπέσχε
888 638 977 703 τὴν
1009 638 1198 703 κυνέην,
1225 642 1271 691 οἱ
1295 641 1347 691 δὲ
1371 634 1459 705 [ἐν]
1490 638 1636 706 φρενὶ
1658 638 1907 703 λαβόντες

247 724 307 773 τό
335 744 390 774 τε
419 725 623 787 ποιηθὲν
666 724 717 773 ἐκ
754 724 1082 791 Ψαμμητίχου
1121 724 1198 775 καὶ
1240 723 1294 775 τὸ
1330 721 1634 791 χρηστήριον
1665 723 1693 773 ὅ
1720 743 1768 773 τι
1797 720 1904 774 ἐκέ-

247 807 444 874 χρηστό
483 815 596 873 σφι,
635 805 722 858 τὸν
765 806 958 878 χαλκέῃ
1002 808 1283 859 σπείσαντα
1327 808 1488 859 αὐτῶν
1529 805 1690 878 φιάλῃ
1733 809 1908 858 τοῦτον

247 890 474 956 βασιλέα
524 890 734 942 ἔσεσθαι
790 896 972 956 μοῦνον
1031 892 1301 958 Αἰγύπτου,
1362 889 1763 956 ἀναμνησθέντες
1820 895 1908 942 τοῦ

248 979 478 1043 χρησμοῦ
537 979 722 1026 κτεῖναι
778 977 871 1040 μὲν
932 975 1019 1027 οὐκ
1085 977 1381 1028 ἐδικαίωσαν
1439 973 1783 1043 Ψαμμήτιχον,
1844 974 1908 1028 ὥς

250 1059 544 1126 ἀνεύρισκον
573 1060 935 1124 βασανίζοντες
973 1059 1031 1124 ἐξ
1063 1060 1290 1125 οὐδεμιῆς
1318 1061 1552 1126 προνοίης
1588 1057 1737 1111 αὐτὸν
1765 1057 1908 1123 ποιή-

251 1164 428 1202 σαντα,
475 1145 528 1197 ἐς
571 1145 624 1195 δὲ
667 1145 728 1194 τὰ
773 1144 891 1196 ἕλεα
935 1143 1075 1209 ἔδοξέ
1119 1151 1215 1212 σφι
1260 1141 1430 1207 διῶξαι
1474 1144 1805 1211 ψιλώσαντας
1847 1144 1909 1194 τὰ

251 1223 469 1280 πλεῖστα
518 1230 605 1292 τῆς
656 1226 902 1293 δυνάμιος,
953 1231 1008 1281 ἐκ
1056 1231 1110 1281 δὲ
1161 1234 1260 1280 τῶν
1305 1227 1461 1281 ἑλέων
1510 1229 1796 1295 ὁρμώμενον
1841 1226 1907 1292 μὴ

251 1312 607 1379 ἐπιμίσγεσθαι
663 1319 723 1384 τῇ
781 1311 914 1384 ἄλλῃ
972 1313 1224 1383 Αἰγύπτῳ.
1327 1313 1413 1365 τὸν
1472 1315 1526 1364 δὲ
1583 1309 1910 1380 Ψαμμήτιχον

251 1400 424 1448 τοῦτον
471 1397 709 1463 πρότερον
755 1396 1009 1463 φεύγοντα
1054 1397 1142 1449 τὸν
1190 1397 1404 1450 Αἰθίοπα
1451 1401 1713 1462 Σαβακῶν,
1762 1396 1817 1449 ὅς
1862 1397 1909 1447 οἱ

251 1480 340 1533 τὸν
388 1479 577 1547 πατέρα
627 1484 804 1532 Νεκῶν
849 1479 1125 1540 ἀπέκτεινε,
1175 1486 1350 1533 τοῦτον
1403 1481 1655 1548 φεύγοντα
1699 1480 1813 1532 τότε
1859 1481 1921 1542 ἐςν

254 1566 453 1631 Συρίην,
487 1565 552 1618 ὡς
583 1563 887 1633 ἀπαλλάχθη
921 1567 975 1617 ἐκ
1006 1568 1092 1630 τῆς
1126 1567 1276 1633 ὄψιος
1306 1570 1394 1617 τοῦ
1422 1565 1614 1632 ὀνείρου
1644 1565 1671 1615 ὁ
1700 1565 1907 1631 Αἰθίοψ,

215 1666 218 1669 “
257 1648 537 1717 κατήγαγον
579 1650 862 1716 Αἰγυπτίων
901 1650 1037 1702 οὗτοι
1073 1650 1120 1702 οἳ
1158 1652 1211 1701 ἐκ
1250 1655 1402 1715 νομοῦ
1437 1654 1524 1701 τοῦ
1565 1647 1751 1700 Σαΐτεώ
1793 1650 1908 1700 εἰσι.

253 1736 378 1800 μετὰ
409 1736 461 1785 δὲ
484 1733 828 1799 βασιλεύοντα
851 1733 907 1785 τὸ
930 1734 1159 1801 δεύτερον
1183 1733 1304 1801 πρὸς
1327 1739 1424 1786 τῶν
1456 1734 1628 1786 ἕνδεκα
1649 1731 1911 1799 βασιλέων

256 1817 631 1883 καταλαμβάνει
675 1839 760 1883 μιν
806 1820 885 1869 διὰ
930 1818 1022 1883 τὴν
1075 1817 1250 1883 κυνέην
1302 1819 1508 1886 φεύγειν
1559 1820 1610 1871 ἐς
1661 1819 1723 1869 τὰ
1773 1817 1908 1869 ἕλεα.

254 1901 586 1967 ἐπιστάμενος
615 1900 683 1954 ὧν
713 1901 779 1956 ὣς
806 1902 1229 1970 περιυβρισμένος
1262 1905 1334 1968 εἴη
1359 1902 1481 1970 πρὸς
1511 1901 1687 1961 αὐτῶν,
1713 1901 1913 1953 ἐπενόεε

253 1989 521 2039 τείσασθαι
564 1986 678 2040 τοὺς
724 1985 1012 2051 διώξαντας.
1101 1987 1358 2055 πέμψαντι
1404 1985 1458 2039 δέ
1501 1988 1548 2038 οἱ
1596 1988 1647 2039 ἐς
1693 1988 1912 2036 Βουτοῦν

255 2072 404 2123 πόλιν
435 2066 506 2136 [ἐς
534 2070 592 2122 τὸ
622 2070 928 2139 χρηστήριον
963 2075 1053 2136 τῆς
1087 2069 1313 2139 Λητοῦς],
1348 2072 1468 2123 ἔνθα
1501 2070 1560 2135 δὴ
1591 2069 1915 2137 Αἰγυπτίοισί

258 2157 368 2207 ἐστι
402 2152 643 2220 μαντήιον
679 2153 1075 2222 ἀψευδέστατον,
1108 2155 1233 2221 ἦλθε
1271 2155 1500 2224 χρησμὸς
1536 2154 1600 2208 ὦς
1635 2154 1767 2206 τίσις
1803 2151 1912 2217 ἥξει

258 2238 356 2291 ἀπὸ
388 2237 649 2302 θαλάσσης
677 2238 910 2306 χαλκέων
940 2241 1132 2308 ἀνδρῶν
1167 2239 1526 2307 ἐπιφανέντων.
1616 2237 1694 2289 καὶ
1723 2241 1791 2306 τῷ
1819 2238 1912 2302 μὲν

257 2322 314 2387 δὴ
363 2323 568 2386 ἀπιστίη
612 2322 807 2390 μεγάλη
850 2323 1127 2392 ’ὑπεκέχυτο
1170 2322 1417 2392 χαλκέους
1464 2325 1510 2375 οἱ
1553 2321 1733 2388 ἄνδρας
1773 2317 1911 2386 ἥξειν

259 2406 561 2474 ἐπικούρους·
626 2407 812 2474 χρόνου
863 2410 917 2459 δὲ
969 2408 1026 2459 οὐ
1083 2412 1278 2461 πολλοῦ
1325 2407 1608 2460 διελθόντος
1668 2404 1910 2472 ἀναγκαίη

313 2557 338 2593 3
368 2546 573 2595 ὑπέσχετο
602 2545 667 2584 καὶ
699 2544 738 2582 R
957 2558 983 2594 4
1011 2563 1060 2586 τε
1081 2558 1165 2586 om.
1193 2545 1331 2584 RSV
1547 2545 1576 2583 6
1605 2546 1649 2584 ἐν
1668 2555 1748 2583 om.
1774 2541 1913 2582 RSV

260 2611 284 2648 7
329 2598 530 2651 ἐκέχρητό
569 2598 599 2637 S
620 2599 658 2637 V
676 2613 685 2638 z
729 2601 773 2639 οὐ
813 2598 996 2652 κέχρητό
1035 2600 1074 2638 R
1261 2612 1305 2638 11
1351 2595 1555 2653 προνοίης]
1596 2598 1722 2639 αἰτίας
1762 2597 1801 2635 R
1824 2597 1854 2636 S
1875 2597 1911 2634 V

264 2666 312 2702 13
341 2656 500 2704 δυνμιος
522 2653 612 2692 RV
755 2666 804 2702 15
835 2653 1040 2706 φεύγοντα
1059 2668 1139 2695 om.
1164 2654 1203 2693 R
1217 2654 1247 2694 S
1260 2654 1299 2692 V
1407 2653 1604 2700 Σάβακων
1624 2652 1677 2691 Rl
1705 2652 1789 2702 (-ον
1809 2651 1910 2703 R⁰):

260 2707 445 2755 Σαβάκον
461 2708 491 2746 S
503 2708 541 2746 V
653 2710 703 2747 16
731 2710 831 2749 ἑκων
845 2707 886 2746 A
901 2709 936 2746 B
951 2709 985 2748 C
998 2709 1033 2748 P
1144 2722 1190 2757 17
1221 2711 1373 2758 ἀπηλλ.
1391 2709 1431 2748 Α
1445 2709 1479 2746 Β
1493 2707 1548 2746 Vl
1662 2708 1711 2745 18
1739 2704 1915 2749 Σαιτέων

260 2762 300 2800 Α
314 2762 349 2800 Β
493 2776 541 2801 21
576 2763 729 2804 ἐπενόει
749 2763 789 2802 Α
803 2764 838 2803 Β
853 2763 887 2802 C
906 2778 916 2803 :
946 2764 1135 2806 ἐπενόσεε
1154 2764 1215 2804 V:
1248 2764 1443 2813 ἐπενόησε
1465 2763 1495 2802 S
1642 2774 1695 2799 22
1723 2761 1912 2802 τίσασθαι

263 2817 298 2854 L
435 2818 472 2857 οἱ
487 2831 569 2857 om.
588 2818 628 2857 R
642 2818 672 2857 S
685 2819 724 2857 V
924 2833 977 2870 23
1007 2820 1066 2871 ἐς]
1085 2822 1128 2861 ἐν
1142 2818 1167 2868 ἦ
1190 2818 1223 2855 R
1240 2819 1271 2858 S
1283 2818 1322 2856 V
1339 2833 1348 2858 :
1379 2822 1418 2860 ἐς
1431 2848 1441 2858 .
1457 2849 1467 2858 .
1482 2821 1556 2866 τῆς
1576 2820 1730 2865 Λητοῦς
1749 2814 1914 2854 seclusa

262 2871 345 2910 del.
381 2871 651 2912 Herwerden
836 2886 888 2922 24
930 2875 1065 2927 ἆψευδ.
1099 2890 1216 2925 μαντ.
1256 2873 1295 2911 R
1307 2873 1373 2912 V:
1414 2874 1548 2925 ἂψευδ.
1579 2869 1826 2925 χρηστήριον
1855 2868 1885 2907 S
1902 2881 1912 2907 ε

263 2925 398 2977 ἂψευδ.
426 2925 459 2963 Ρ
624 2939 676 2978 25
705 2932 787 2969 τῶν
808 2928 848 2967 R
1015 2930 1068 2968 26
1098 2927 1132 2969 δ’
1153 2929 1178 2979 ἡ
1200 2927 1239 2966 R
1254 2927 1291 2966 V

1931 578 1955 618 5

1937 995 1983 1024 10

1937 1416 1984 1458 15

1937 1837 1988 1868 20

1938 2256 1986 2297 25
