2098 3320
89 89 175 139 IV.
204 91 288 140 116
948 92 1382 142 ΗΡΟΔΟΤΟΎ

323 219 511 286 βορέην
543 220 740 286 ἄνεμον.
831 222 1122 287 ἀπικόμενοι
1159 226 1212 275 δὲ
1249 225 1300 277 ἐς
1330 227 1505 275 τοῦτον
1534 223 1621 276 τὸν
1650 229 1816 293 χῶρον
1845 227 1900 278 ἐν
1929 232 1996 298 τῷ
2033 258 2035 262 ⁴

259 326 285 358 2
325 309 412 357 νῦν
456 307 785 370 κατοίκηνται,
833 308 1042 371 οἴκησαν
1083 312 1274 359 τοῦτον.
1364 307 1443 360 καὶ
1485 309 1646 379 διαίτῃ
1686 308 1784 361 ἀπὸ
1823 311 1996 364 τούτου

323 388 569 457 χρέωνται
604 391 663 460 τῇ
696 391 883 461 παλαιῇ
915 395 1013 442 τῶν
1046 391 1407 458 Σαυροματέων
1438 394 1488 445 αἱ
1517 397 1762 459 γυναῖκες,
1797 394 1877 445 καὶ
1913 395 1995 448 ἐπὶ

322 472 476 540 θήρην
514 473 591 525 ἐπ’
624 475 796 526 ἵππων,
827 476 1136 541 ἐκφοιτῶσαι
1173 475 1274 541 ἅμα
1304 481 1439 529 τοῖσι
1475 475 1688 543 ἀνδράσι
1726 477 1805 529 καὶ
1839 478 1993 546 χωρὶς

319 562 419 610 τῶν
442 558 649 624 ἀνδρῶν,
678 559 756 610 καὶ
789 559 838 613 ἐς
870 560 1092 625 πόλεμον
1117 565 1369 627 φοιτῶσαι
1400 560 1479 612 καὶ
1511 560 1701 625 στολὴν
1725 560 1815 626 τὴν
1839 561 1993 627 αὐτὴν
2016 587 2039 627 5

202 651 278 700 117
319 646 454 694 τοῖσι
493 641 704 707 ἀνδράσι
745 642 1038 710 φορέουσαι.
1129 645 1271 716 φωνῇ
1314 647 1367 696 δὲ
1407 647 1454 697 οἱ
1494 644 1811 711 Σαυρομάται
1850 647 1986 712 νομί-

320 726 459 789 ζουσι
501 729 728 799 Σκυθικῇ,
775 729 1143 794 σολοικίζοντες
1188 728 1308 800 αὐτῇ
1350 730 1447 780 ἀπὸ
1487 734 1574 781 τοῦ
1613 731 1837 798 ἀρχαίου,
1881 732 1990 784 ἐπεὶ
2038 764 2051 778 -

317 810 374 862 οὗ
403 815 634 879 χρηστῶς
672 810 914 877 ἐξέμαθον
945 811 1097 877 αὐτὴν
1130 815 1180 866 αἱ
1210 813 1498 878 Ἀμαζόνες.
1584 815 1647 866 τὰ
1676 814 1788 881 περὶ
1816 813 1989 882 γάμων

315 897 369 947 δὲ
387 895 484 948 ὧδέ
515 902 615 963 σφι
644 894 898 948 διάκειται·
945 897 1002 949 οὐ
1025 897 1261 964 γαμέεται
1291 896 1534 964 παρθένος
1564 897 1765 963 οὐδεμία
1786 899 1904 966 πρὶν
1926 898 1988 952 ἂν

314 984 413 1032 τῶν
454 979 709 1046 πολεμίων
749 979 904 1047 ἄνδρα
949 982 1233 1054 ἀποκτείνῃ.
1323 985 1373 1034 αἱ
1414 981 1469 1035 δέ
1508 1003 1639 1036 τινες
1678 981 1866 1035 αὐτέων
1907 985 1986 1036 καὶ
2015 1006 2063 1038 ιο

312 1070 586 1117 τελευτῶσι
622 1065 823 1132 γηραιαὶ
861 1066 976 1132 πρὶν
1013 1064 1284 1138 γήμασθαι,
1317 1066 1374 1117 οὐ
1411 1065 1675 1132 δυνάμεναι
1709 1065 1798 1118 τὸν
1832 1068 1986 1134 νόμον

313 1150 579 1214 ἐκπλῆσαι.

191 1234 270 1282 118
395 1233 515 1286 Ἐπὶ
539 1234 726 1287 τούτων
748 1233 817 1287 ῶν
837 1239 935 1287 τῶν
956 1234 1367 1304 καταλεχθέντων
1392 1235 1576 1288 ἐθνέων
1595 1235 1709 1290 τοὺς
1730 1235 1983 1302 βασιλέας

311 1317 615 1384 ἁλισμένους
648 1320 940 1385 ἀπικόμενοι
970 1324 1068 1371 τῶν
1101 1317 1331 1394 Σκυθέων
1362 1322 1408 1372 οἱ
1445 1319 1653 1387 ἄγγελοι
1689 1320 1867 1388 ἔλεγον
1898 1323 1976 1373 ἐκ-

309 1401 632 1458 διδάσκοντες
673 1403 737 1457 ὡς
779 1405 805 1454 6
842 1403 1064 1470 Πέρσης,
1109 1398 1276 1468 ἐπειδή
1319 1406 1366 1456 οἱ
1405 1406 1466 1457 τὰ
1505 1406 1560 1456 ἐν
1595 1405 1653 1477 τῇ
1693 1404 1878 1475 ἠπείρῳ
1917 1406 1978 1478 τῇ
2006 1426 2055 1470 15

308 1486 450 1560 ἑτέρῃ
487 1487 650 1541 πάντα
690 1487 1072 1555 κατέστραπται,
1107 1487 1331 1556 γέφυραν
1369 1487 1537 1553 ζεύξας
1574 1489 1656 1542 ἐπὶ
1693 1494 1760 1559 τῷ
1802 1489 1978 1559 αὐχένι

235 1610 243 1616 -
305 1577 392 1624 τοῦ
430 1573 694 1640 Βοσπόρου
731 1572 1009 1639 διαβέβηκε
1051 1574 1102 1628 ἐς
1137 1571 1284 1639 τήνδε
1319 1572 1410 1638 τὴν
1442 1572 1662 1641 ἤπειρον,
1702 1575 1976 1638 διαβᾶςδὲ

308 1657 385 1709 καὶ
439 1656 913 1725 καταστρεψάμενος
960 1656 1181 1723 Θρήικας
1229 1663 1443 1725 γεφυροῖ
1491 1657 1714 1723 ποταμὸν
1752 1656 1971 1725 Ἴστρον,

235 1756 260 1787 2
304 1743 614 1807 βουλόμενος
652 1743 730 1794 καὶ
762 1741 878 1794 τάδε
910 1741 1071 1794 πάντα
1099 1741 1181 1793 ὑπ’
1214 1745 1374 1811 ἑωυτῷ
1406 1741 1729 1819 ποιήσασθαι.
1805 1741 1974 1808 Ὕμεῖς

303 1823 372 1877 ῶν
406 1826 580 1891 μηδενὶ
615 1827 779 1896 τρόπῳ
817 1828 871 1878 ἐκ
908 1831 994 1878 τοῦ
1031 1825 1191 1892 μέσου
1234 1825 1497 1892 κατήμενοι
1532 1827 1779 1894 περιίδητε
1818 1826 1972 1892 ἡμέας
1998 1826 2075 1877 2ο

302 1910 680 1978 διαφθαρέντας,
701 1910 836 1962 ἀλλὰ
855 1911 1011 1962 τώυτὸ
1031 1909 1303 1975 νοήσαντες
1323 1910 1627 1977 ἀντιάζωμεν
1645 1910 1731 1964 τὸν
1751 1912 1969 1965 ἐπιόντα.

302 1995 389 2046 οὐκ
419 1992 486 2047 ῶν
517 1993 754 2059 ποιήσετε
785 2000 957 2055 ταῦτα,·
1003 1995 1145 2060 ἡμεῖς
1175 1998 1267 2061 μὲν
1291 1996 1572 2061 πιεζόμενοι
1600 1991 1630 2059 ἢ
1664 1997 1969 2062 ἐκλείψομεν

236 2098 260 2141 3
300 2078 390 2142 τὴν
413 2079 583 2147 χώρην
602 2075 631 2143 ἢ
655 2078 891 2145 μένοντες
917 2081 1158 2150 ὁμολογίῃ
1182 2080 1492 2148 χρησόμεθα.
1555 2081 1607 2133 τί
1621 2101 1717 2147 γαρ
1734 2078 1967 2145 πάθωμεν

115 2190 261 2234 545„
298 2162 364 2227 μὴ
396 2162 722 2229 βουλομένων
757 2163 921 2229 ὑμέων
950 2162 1232 2230 τιμωρέειν;
1279 2165 1395 2228 ὑμῖν
1425 2166 1479 2226 δὲ
1516 2165 1659 2217 οὐδὲν
1693 2164 1775 2217 ἐπὶ
1810 2164 1966 2215 τούτω

7 2212 111 2322 ΞΣ
68 2232 443 2314 “affigo-rac.
474 2248 829 2352 ἐλαφρότερον·
877 2248 985 2312 ἥκει
1008 2250 1104 2314 γὰρ
1129 2248 1155 2298 6
1179 2246 1385 2351 Πέρσης
1415 2247 1557 2300 οὐδέν
1586 2270 1634 2300 τι
1662 2251 1868 2314 μᾶλλον.
1889 2247 1966 2302 ἐπ’
1991 2267 2040 2308 25

8 2289 294 2406 ww
297 2330 451 2396 ἡμέας
480 2328 510 2396 ἢ
541 2332 597 2383 οὐ
631 2332 708 2383 καὶ
745 2331 820 2384 ἐπ’
851 2331 1018 2397 ὑμέας,
1054 2330 1167 2384 οὐδέ
1206 2353 1252 2383 οι
1290 2330 1594 2400 καταχρήσει
1621 2331 1776 2397 ἡμέας
1814 2353 1960 2385 κατα-

231 2438 258 2479 4
299 2415 630 2485 στρεψαμένῳ
662 2414 825 2482 ὑμέων
854 2415 1151 2484 ἀπέχεσθαι.
1225 2414 1354 2482 μέγα
1384 2418 1436 2467 δὲ
1467 2418 1583 2481 ὑμῖν
1613 2417 1781 2483 λόγων
1811 2420 1965 2469 τῶνδε

294 2499 560 2567 μαρτύριον
586 2499 804 2567 ἐρέομεν·
848 2501 891 2552 εἷ
915 2501 1009 2567 γὰρ
1035 2498 1111 2552 ἐπ’
1136 2498 1289 2565 ἡμέας
1318 2499 1528 2565 μούνους
1551 2499 1914 2569 ἐστρατηλάτεε
1938 2501 1965 2551 6

353 2651 370 2676 1
404 2641 531 2692 βορῆν
550 2637 637 2679 ΑΒ
652 2639 684 2678 C
701 2638 734 2677 P
749 2638 779 2678 S
891 2651 916 2678 2
947 2641 1136 2680 οἵκουσαν
1155 2638 1194 2677 V
1305 2653 1329 2687 4
1360 2638 1440 2689 ἅμα
1459 2652 1542 2680 om.
1561 2639 1596 2678 C
1703 2634 1731 2689 ‘7
1764 2646 1896 2680 σολικ.
1918 2637 1959 2680 R

296 2695 409 2735 αὐτοὶ
432 2694 513 2734 SV
644 2693 751 2744 ἐπεὶ]
774 2693 837 2734 ὅτι
858 2692 899 2732 R
914 2693 994 2732 SV
1214 2706 1241 2743 9
1270 2693 1472 2734 διακέεται
1494 2694 1528 2732 L
1751 2705 1800 2732 10
1829 2695 1961 2735 αὐτῶν

297 2750 337 2787 R
353 2749 383 2788 S
396 2746 435 2788 V
549 2762 597 2798 14
620 2747 891 2799 ἆλλισμένους
913 2748 952 2786 R
968 2763 976 2788 :
1009 2747 1301 2799 ἁλισκομένους
1319 2748 1352 2786 C
1371 2762 1379 2787 :
1410 2762 1491 2787 om.
1519 2747 1600 2788 SV
1714 2759 1765 2797 15
1784 2748 1906 2801 πείρω
1921 2747 1960 2786 V

295 2817 343 2842 21
378 2805 537 2844 τωύτὸν
558 2802 649 2842 RV
751 2800 990 2852 ἀντιάζομεν
1012 2803 1094 2841 SV
1287 2816 1340 2841 22
1370 2803 1583 2852 ποιήσεται
1605 2800 1655 2840 C¹
1675 2801 1714 2840 R
1826 2803 1851 2851 ἢ
1870 2815 1952 2842 om.

293 2859 327 2897 C
345 2859 378 2898 P
394 2858 432 2898 R
447 2859 478 2898 S
493 2858 531 2896 V
723 2870 776 2907 24
806 2857 938 2908 τούτῳ
960 2856 1100 2895 Aldus
1118 2870 1127 2894 :
1157 2859 1279 2897 τοῦτο
1300 2857 1335 2896 L
1522 2858 1576 2895 26
1605 2858 1648 2897 οὐ
1670 2857 1734 2897 καὶ
1756 2859 1817 2897 ἐπ’
1836 2856 1876 2894 Α
1890 2856 1925 2894 Β
1946 2870 1956 2895 t

294 2916 338 2953 οὐ
368 2915 431 2953 καὶ
462 2913 502 2952 π’
524 2912 589 2952 V:
620 2914 690 2952 οὐκ
713 2911 772 2951 ἐπ’
797 2911 864 2950 R:
896 2914 966 2951 οὐκ
995 2913 1056 2952 ἐπὶ
1088 2910 1196 2950 CP:
1226 2913 1289 2952 καὶ
1319 2912 1382 2952 ἐπὶ
1406 2911 1437 2950 S
1657 2915 1800 2974 εφη-ὣ
1827 2909 1956 2952 δὲν;

293 2968 386 3008 τόδε
406 2968 436 3006 S
1918 2971 1922 2977 '
