2098 3320
8 156 46 206 I.
70 170 161 206 102

843 159 890 208 H
908 159 1272 208 ΡΟΔΟΤΟΎ

210 293 367 358 χρᾶτο
391 289 585 356 μούνων
611 288 800 356 Μήδων
823 290 1013 361 ἄρχειν,
1041 293 1176 345 ἀλλὰ
1200 291 1636 361 στρατευσάμενος
1659 293 1741 346 ἐπὶ
1763 292 1877 348 τοὺς

212 373 418 442 Πέρσας
450 375 698 442 πρώτοισί
717 396 771 428 τε
802 376 1024 429 τούτοισι
1047 375 1322 443 ἐπεθήκατο
1344 377 1423 430 καὶ
1443 377 1664 445 πρώτους
1688 375 1877 444 Μήδων

150 477 175 509 2
210 459 454 524 ὑπηκόους
509 459 730 524 ἐποίησε.
819 462 943 525 μετὰ
987 463 1041 514 δὲ
1086 461 1218 530 ἔχων
1265 461 1350 514 δύο
1392 466 1546 526 ταῦτα
1589 461 1735 514 ἔθνεα
1797 461 1877 514 κάὶ

11 523 235 562 nasum,

0 564 151 615 ἢῆ»

80 1151 172 1198 103

143 1659 168 1689 ω

211 543 471 610 αμφότερα
515 542 714 612 ἰσχυρά,
751 544 1120 618 κατεσ-τρέφετο
1160 546 1250 611 τὴν
1280 545 1461 611 Ἀσίην
1498 544 1582 598 ἀπ’
1605 545 1765 598 ἄλλου
1797 546 1872 599 ἐπ’

211 627 342 678 ἄλλο
374 629 460 679 ἰὼν
503 629 660 688 ἔθνος,
691 631 741 682 ἐς
780 627 806 680 ὃ
848 630 1278 697 στρατευσάμενος
1313 631 1395 683 ἐπὶ
1429 630 1542 684 τοὺς
1577 630 1877 698 Ἀσσυρίους
1901 656 1922 696 5

213 713 291 763 καὶ
323 712 609 779 Ἀσσυρίων
642 713 843 767 τούτους
874 714 920 766 οἳ
952 715 1110 766 Νίνον
1146 716 1285 783 εἶχον
1323 716 1402 769 καὶ
1442 714 1598 784 ἦρχον
1637 716 1876 782 πρότερον

213 795 425 855 πάντων,
475 798 587 849 τότε
641 800 694 849 δὲ
741 797 870 862 ἦσαν
915 799 1284 864 μεμουνωμένοι
1327 801 1417 864 μὲν
1469 798 1747 867 συμμάχων
1790 798 1876 851 ἅτε

212 881 559 940 ἀπεστεώτων,
587 881 756 936 ἄλλως
789 882 960 947 μέντοι
990 886 1185 935 ἑωυτῶν
1223 884 1275 935 εὖ
1311 883 1529 948 ἥκοντες,
1565 884 1645 935 ἐπὶ
1674 883 1877 937 τούτους

211 965 270 1028 δὴ
308 965 740 1032 στρατευσάμενος
785 968 811 1017 ὁ
848 967 1107 1034 Φραόρτης
1149 968 1295 1021 αὐτός
1330 989 1385 1019 τε
1426 967 1683 1035 διεφθάρη,
1725 966 1876 1034 ἄρξας

211 1048 297 1100 δύο
337 1070 390 1101 τε
428 1049 508 1101 καὶ
547 1051 706 1101 ε’ίκοσι
757 1051 884 1110 ἔτεα,
939 1052 1018 1103 καὶ
1067 1053 1093 1102 ὁ
1140 1051 1353 1118 στρατὸς
1401 1052 1549 1103 αὐτοῦ
1596 1053 1622 1102 ὁ
1668 1051 1874 1105 πολλός.
1904 1074 1953 1102 10

212 1134 481 1200 Φραόρτεω
514 1137 566 1186 δὲ
599 1133 998 1199 τελευτήσαντος
1031 1134 1289 1201 ἐξεδέξατο
1329 1134 1585 1202 Κυαξάρης
1623 1136 1649 1186 ὁ
1681 1136 1873 1203 Φραόρ-

211 1239 305 1269 τεω
337 1223 422 1269 τοῦ
453 1219 683 1283 Δηιόκεω
717 1225 846 1273 παῖς.
941 1220 1083 1274 οὗτος
1103 1219 1306 1284 λέγεται
1330 1219 1525 1271 πολλὸν
1548 1221 1620 1272 ἔτι
1640 1219 1875 1287 γενέσθαι

212 1302 546 1369 ἀλκιμώτερος
593 1308 691 1355 τῶν
741 1304 1017 1370 προγόνων·
1069 1304 1147 1355 καὶ
1184 1305 1374 1370 πρῶτός
1413 1326 1467 1355 τε
1506 1305 1713 1372 ἐλόχισε
1754 1306 1876 1355 κατὰ

210 1385 360 1438 τέλεα
389 1387 504 1441 τοὺς
538 1389 591 1439 ἐν
623 1395 684 1460 τῇ
715 1387 866 1458 Ἀσίῃ
901 1388 978 1439 καὶ
1010 1393 1202 1455 πρῶτος
1233 1387 1424 1453 διέταξε
1454 1389 1605 1456 χωρὶς
1635 1387 1875 1442 ἑκάστους

211 1471 352 1530 εἶναι,
391 1466 509 1525 τούς
547 1492 601 1523 τε
643 1472 982 1539 αἰχμοφόρους
1025 1473 1103 1524 καὶ
1145 1472 1258 1525 τοὺς
1299 1470 1603 1539 τοξοφόρους
1644 1473 1721 1524 καὶ
1761 1472 1875 1526 τοὺς
1903 1486 1950 1534 15

211 1554 406 1609 ἱππέας·
454 1555 549 1622 πρὸ
581 1560 667 1607 τοῦ
697 1560 750 1607 δὲ
783 1555 967 1621 ἀναμὶξ
994 1556 1053 1621 ἧν
1080 1555 1243 1608 πάντα
1270 1558 1447 1621 ὁμοίως
1471 1555 1872 1623 ἀναπεφυρμένα.

209 1640 352 1693 οὗτος
382 1641 409 1690 ὁ
439 1645 573 1691 τοῖσι
598 1640 808 1691 Λυδοῖσί
848 1642 958 1691 ἐστι
999 1639 1352 1708 μαχεσάμενος
1392 1641 1474 1692 ὅτε
1513 1639 1606 1705 νὺξ
1644 1641 1674 1704 ἡ
1718 1639 1874 1706 ἡμέρη

210 1722 412 1790 ἐγένετό
452 1731 549 1790 σφι
596 1723 945 1791 μαχομένοισι,
990 1725 1069 1776 καὶ
1111 1726 1136 1775 ὁ
1173 1725 1265 1789 τὴν
1292 1723 1481 1778 “Αλυος
1518 1729 1738 1789 ποταμοῦ
1772 1724 1873 1776 ἄνω

209 1807 389 1872 Ἀσίην
434 1812 604 1859 πᾶσαν
651 1798 915 1873 συστήσας
970 1812 1148 1878 ἑωυτῷ.
1228 1807 1480 1874 συλλέξας
1533 1811 1586 1860 δὲ
1633 1809 1744 1862 τοὺς
1793 1807 1872 1860 ὑπ’

209 1895 372 1961 ἑωυτῷ
411 1891 715 1960 ἀρχομένους
758 1892 947 1946 πάντας
985 1893 1312 1960 ἐστρατεύετο
1354 1893 1435 1944 ἐπὶ
1471 1892 1563 1957 τὴν
1595 1894 1766 1951 Νίνον,
1798 1913 1868 1943 τι-
1902 1914 1950 1941 20

207 1976 411 2043 μωρέων
441 1998 494 2027 τε
526 1982 591 2046 τῷ
628 1978 774 2043 πατρὶ
815 1978 894 2028 καὶ
934 1977 1025 2041 τὴν
1060 1978 1210 2030 πόλιν
1248 1978 1430 2041 ταύτην
1469 1976 1627 2028 θέλων
1665 1975 1870 2041 ἐξελεῖν.

210 2061 293 2111 καί
334 2063 397 2123 οἱ,
443 2061 507 2114 ὡς
553 2061 832 2126 συμβαλὼν
879 2062 1081 2126 ἐνίκησε
1125 2062 1239 2115 τοὺς
1270 2060 1586 2127 Ἀσσυρίους,
1620 2081 1873 2127 περικατη-

207 2144 337 2214 μένῳ
385 2144 475 2208 τὴν
516 2146 671 2196 Νίνον
715 2147 902 2209 ἐπῆλθε
947 2144 1174 2196 Σκυθέων
1223 2144 1435 2211 στρατὸς
1482 2143 1652 2211 μέγας,
1692 2143 1781 2211 ἥγε
1819 2146 1872 2195 δὲ

208 2228 384 2282 αὐτοὺς
431 2229 678 2293 βασιλεὺς
726 2230 751 2279 ὁ
796 2229 1023 2280 Σκυθέων
1072 2230 1278 2293 Μαδύης
1319 2229 1613 2295 Προτοθύεω
1650 2233 1781 2281 παῖς·
1826 2227 1872 2278 οἳ

209 2311 465 2377 ἐσέβαλον
494 2315 583 2377 μὲν
617 2314 666 2365 ἐς
696 2313 787 2376 τὴν
819 2312 998 2377 Ἀσίην
1035 2314 1332 2379 Κιμμερίους
1363 2313 1668 2377 ἐκβαλόντες
1699 2313 1752 2363 ἐκ
1787 2314 1873 2376 τῆς
1900 2335 1946 2376 25

142 2416 143 2419 ’
211 2396 466 2463 Εὐρώπης,
511 2397 745 2454 τούτοισι,
776 2399 829 2448 δὲ
872 2398 1202 2461 ἐπισπόμενοι
1245 2397 1490 2463 φεύγουσι
1531 2396 1657 2447 οὕτω
1694 2397 1744 2449 ἐς
1783 2394 1873 2460 τὴν

77 2495 171 2542 104

213 2480 443 2544 Μηδικὴν
495 2480 663 2548 χώρην
710 2481 959 2531 ἀπίκοντο.
1042 2480 1153 2531 ἔστι
1197 2483 1249 2531 δὲ
1295 2480 1392 2531 ἀπὸ
1437 2483 1522 2543 τῆς
1565 2480 1741 2544 λίμνης
1784 2482 1873 2544 τῆς

213 2563 485 2628 Μαιήτιδος
522 2564 602 2615 ἐπὶ
641 2567 806 2615 Φᾶσιν
854 2563 1075 2628 ποταμὸν
1122 2564 1200 2615 καὶ
1245 2566 1294 2616 ἐς
1341 2565 1570 2630 Κόλχους
1613 2561 1874 2629 τριήκοντα

0 2647 432 2714 Μῦὺὶῑθὴμερέων
466 2647 655 2717 εὐζώνῳ
690 2648 815 2706 ὁδός,
850 2649 903 2698 ἐκ
935 2651 987 2699 δὲ
1017 2650 1104 2712 τῆς
1136 2649 1385 2715 Κολχίδος
1416 2647 1472 2698 οὐ
1502 2646 1696 2711 πολλρν
1724 2648 1870 2713 ὑπερ-

0 2698 107 2749 Μ.

275 2799 292 2824 1
337 2787 493 2837 μούνων
525 2793 574 2827 Μ.
609 2788 749 2840 ἄρχειν
782 2785 960 2826 BPAU:
1003 2793 1056 2827 Μ.
1087 2803 1128 2836 μ.
1161 2787 1195 2827 ἅ.
1233 2784 1361 2825 A¹C:
1403 2803 1442 2834 μ.
1474 2787 1512 2826 ἄ.
1541 2790 1623 2825 τῶν
1653 2792 1704 2825 Μ.
1738 2783 1875 2824 RSV

215 2843 242 2879 8
272 2843 416 2882 ἀποστ.
437 2842 476 2879 R
618 2855 666 2880 10
695 2859 740 2881 τε
763 2855 844 2881 orn.
865 2841 904 2879 A
921 2841 954 2879 Β
971 2841 1003 2878 C
1023 2841 1054 2878 P
1189 2853 1231 2878 11
1266 2844 1428 2891 ἐδέξατο
1445 2841 1477 2878 C
1614 2852 1660 2888 13
1692 2839 1872 2890 ἐλόχησε

218 2895 356 2935 RSV
471 2897 519 2933 16
549 2895 598 2943 ἧν
613 2909 694 2933 om.
714 2895 795 2934 SV
910 2896 958 2933 18
989 2904 1063 2947 σφι
1085 2895 1249 2948 ἐγένετο
1274 2894 1408 2933 RSV
1523 2907 1572 2944 19
1601 2892 1872 2944 συλλέξας..,

215 2950 352 3002 μοίρης
375 2949 428 2999 (c,
458 2952 535 2989 106
555 2950 630 2988 sub
653 2951 743 2999 fin.)
768 2962 848 2988 om.
878 2949 915 2987 R
934 2950 964 2988 S
981 2949 1019 2987 V
1175 2962 1229 2999 23
1259 2950 1332 3001 ἆγε
1354 2949 1387 2988 C
1404 2949 1436 2987 P
1585 2961 1635 2996 24
1668 2948 1818 2996 Μυδίης
1839 2948 1872 2986 C

217 3005 460 3059 Πρωτοθύεω
487 3003 520 3043 Ρ
684 3016 736 3054 25
768 3003 1002 3052 ἐσέβαλλον
1023 3004 1056 3043 C
