2098 3320
16 166 55 217 1.
73 170 145 230 56⁷
848 163 1275 212 HPOAOTOT

218 296 312 363 γὰρ
351 296 696 349 Δευκαλίωνος
736 301 983 361 βασιλέος
1025 297 1285 398 οἵκερνγῆν
1322 292 1411 358 τὴν
1447 296 1680 353 Φθιῶτιν,
1719 292 1803 346 ἐπὶ
1831 295 1885 348 53

221 379 398 448 Δώρου
427 384 514 431 τοῦ
536 378 792 445 “Ελληνος
817 401 906 444 τ.71ν
937 381 1033 432 ὑπο
1056 379 1145 443 τὴν
1169 362 1378 431 Οσσαν
1402 399 1455 430 τε
1482 378 1559 430 καὶ
1584 377 1671 430 τὸν
1687 376 1878 443 ’Όλ-υμ

219 485 312 516 πον
343 464 527 533 χώρην,
556 463 860 530 καλεομένην
892 467 946 517 δὲ
979 463 1298 516 Ἱστιαιῶτιν.
1363 464 1417 514 ἐκ
1448 464 1502 514 δὲ
1524 465 1612 526 τῆς
1633 461 1880 514 Ἱστιαιώ-

217 552 350 603 τιδος
381 548 446 602 ὣς
476 529 843 614 ἐξανέστηζὺπὸ
878 541 1159 615 Καδμείωνὸ
1178 549 1307 599 οἴκεε
1337 548 1391 598 ἐν
1423 547 1593 616 Πίνδῳ
1622 545 1885 598 Μακεδνὸν

219 633 536 698 καλεόμενον.
627 635 852 686 ἐνθεῦτεν
883 635 936 686 δὲ
979 633 1113 686 αὖτις
1138 622 1160 669 f
1156 634 1206 686 ἐς
1248 630 1339 695 τὴν
1383 631 1638 698 Δρυοπίδα
1711 629 1879 695 ετέβη,
1906 652 1928 693 5

220 718 298 769 καὶ
317 718 371 768 ἐκ
391 720 479 782 τῆς
501 718 779 783 Δρυοπίδος
805 718 956 770 οὕτως
977 719 1027 771 ἐς
1053 715 1455 780 Πελοπόννησον
1481 714 1628 766 ἐλθὸν
1655 713 1884 781 Δωρικὸν

119 808 181 857 57
220 799 467 866 ἐκλήθη.
456 801 682 865 ἥντινα
704 804 757 854 δὲ
787 806 1032 869 γλῶσσαν
1062 801 1206 853 ἵεσαν
1246 802 1292 852 οἱ
1332 800 1614 866 Πελασγοί,
1647 798 1774 901 351<db
1777 799 1882 886 ,ἐγω

219 884 460 952 ἀτρεκέως
509 887 681 938 εἷπειν·
735 887 778 937 εἶ
830 888 884 939 δὲ
929 885 1078 953 χρεόν
1124 887 1235 937 ἐστι
1284 884 1667 950 τεκμαιρόμενον
1693 859 1882 950 ι>λέγειν

217 975 350 1021 τοῖσι
388 973 477 1023 νῦν
516 969 590 1022 ἔτι
629 959 792 1025 ἐοῦσι
811 974 1099 1036 Πελασγῶν
1134 974 1201 1020 τῶ
1261 970 1396 1061 ἡ’ὑπὲρ
1432 971 1706 1034 Τυρσηνῶν
1747 970 1880 1034 Κρη-

220 1058 388 1105 στῶνα
431 1054 581 1105 πόλιν
630 1054 907 1113 οἰκεόντων,
955 1054 1002 1106 οι
1045 1027 1271 1126 ὅμουὲόιῒ
1292 1028 1404 1105 κοτε
1445 1073 1577 1116 71σαν
1620 1072 1755 1103 τοισι
1794 1055 1881 1103 νῦν

221 1142 471 1204 Δωριεῦσι
510 1137 861 1203 καλεομένοισι
899 1137 1079 1203 (οἴκεον
1117 1141 1172 1190 δὲ
1215 1141 1482 1202 τηνικαῦτα
1529 1138 1623 1203 γῆν
1663 1131 1762 1199 τὴν
1792 1139 1880 1188 νῦν

155 1242 181 1273 2
220 1224 579 1274 Θεσσαλιῶτιν
622 1220 960 1288 καλεομένην),
1001 1222 1079 1273 καὶ
1122 1227 1220 1274 τῶν
1265 1222 1496 1285 Πλακίην
1544 1241 1598 1272 τε
1639 1220 1718 1271 καὶ
1755 1224 1878 1271 Σκυ-

216 1304 375 1369 λάκην
398 1290 694 1373 (Πελασγῶν
725 1294 1035 1374 οἷκησάντωι)
1068 1308 1119 1358 ἐν
1150 1305 1536 1374 Ἑλλησπόντῳ,
1570 1304 1616 1356 οι
1657 1303 1881 1356 σύνοικοι

219 1388 450 1456 ἐγένοντο
503 1390 832 1456 Ἀθηναίοισι,
868 1412 1013 1493 κριι
1030 1391 1128 1467 ὅσα
1186 1389 1321 1442 ἄλλα
1380 1390 1679 1480 Πελασγικὰ
1733 1388 1882 1441 ἐόντα

219 1475 508 1539 πολίσματα
535 1474 591 1526 τὸ
629 1474 814 1541 οὕνομα
851 1459 1118 1540 μετέβαλε,
1154 1476 1195 1527 εἷ
1233 1473 1455 1525 τούτοισι
1480 1473 1879 1539 τεκμαιρόμενον

155 1576 181 1619 3
219 1560 296 1609 δεῖ
314 1556 498 1625 λεγειν,
524 1580 653 1624 ησαν
677 1561 723 1612 οἱ
748 1559 1011 1626 Πελασγοὶ
1041 1558 1306 1626 βάρβαρον
1336 1563 1581 1625 γλῶσσαν
1618 1556 1790 1610 ἱέντες.
1837 1558 1880 1608 εἰ

218 1641 384 1694 τοίνυν
423 1641 484 1706 ἣν
532 1644 611 1695 καὶ
662 1646 760 1696 πᾶν
806 1648 997 1695 τοιοῦτο
1045 1642 1100 1695 τὸ
1151 1642 1491 1709 Πελασγικόν,
1549 1640 1605 1692 τὸ
1651 1639 1880 1692 Ἀττικὸν

219 1725 359 1779 ἔθνος
403 1726 485 1779 ἐὸν
524 1727 849 1795 Πελασγικὸν
894 1726 994 1792 ἅμα
1045 1725 1104 1799 τῇ
1141 1732 1403 1798 μεταβολῇ
1440 1726 1498 1797 τῇ
1546 1727 1596 1779 ἐς
1618 1723 1879 1790 ’Έλληνας

65 1820 167 1878 01„
221 1811 300 1862 καὶ
330 1831 419 1875 την
449 1816 693 1877 γλῶσσαν
715 1810 974 1877 μετέμαθε.
1066 1811 1144 1863 καὶ
1175 1812 1270 1878 γὰρ
1303 1810 1360 1875 δὴ
1397 1811 1508 1862 οὔτε
1551 1811 1596 1861 οἱ
1638 1813 1876 1876 Κρηστω-

219 1882 675 1960 νιῆταιῷὐδαμοῖσι
719 1901 817 1948 τῶν
862 1900 947 1947 νῦν
987 1902 1151 1963 σφεας
1197 1871 1584 1967 περιοικεόντωιῇ
1615 1894 1714 1945 εἰσὶ
1760 1893 1876 1958 ὁμό-

1907 1071 1957 1102 10

1907 1491 1954 1534 15

1904 1913 1956 1943 20

218 1979 1178 2114 γλωσσοινιὲὒῆεἴοὶ-Πλωςιωῳσφίσι
1210 1981 1264 2031 δὲ
1279 1959 1678 2081 ὁμόγλωσσοιὶ]
1669 1976 1884 2041 δηλοῦσί
1908 2031 1910 2033 ,

217 2082 271 2113 τε
294 2062 370 2113 ὅτι
399 2062 454 2114 τὸ
515 2084 773 2127 ηνεικαντο
802 2063 1053 2130 γλώσσης
1068 2084 1368 2138 χαρακτηρα
1409 2067 1797 2128 μεταβαινοντες
1827 2062 1878 2114 ἐς

116 2146 181 2207 58
219 2149 369 2197 ταῦτα
390 2148 452 2198 τὰ
474 2169 601 2214 χωρι
672 2152 851 2203 τοῦτον
871 2146 1048 2216 ἔχουσι
1073 2149 1126 2199 ἐν
1147 2147 1364 2225 φυλακη.
1425 2146 1482 2198 τὸ
1501 2148 1555 2198 δὲ
1576 2144 1879 2210 Ἑλληνικὸν

221 2228 609 2302 yhdcrffpug'vst
588 2233 752 2307 επείτε
768 2230 992 2313 ἐγένετο,
1019 2232 1119 2283 αἰεί
1147 2253 1256 2283 κοτε
1279 2232 1337 2302 τῇ
1360 2204 1837 2331 dfflcaxpfirab‘
1813 2249 1878 2282 ως

0 2315 243 2410 &sm
222 2314 330 2377 εμοὶ
361 2300 716 2382 καταφαίνεται
741 2336 881 2367 ειναι·
881 2300 1234 2415 ἆπᾷσχιᾴέν
1264 2285 1561 2417 μέντοιζάπὸ
1592 2318 1676 2364 τοῦ
1707 2317 1876 2364 Πελα-

222 2374 451 2463 σγικοῦ)’
429 2397 513 2451 εὸν
545 2398 768 2458 ἀσθενές,
803 2397 900 2451 ἀπὸ
932 2419 1140 2466 σμικρου
1171 2419 1255 2451 τεο
1283 2419 1373 2463 την
1405 2396 1563 2465 ἀρχην
1594 2392 1879 2463 ὁρμώμενον

222 2479 478 2546 αὔξηται’
457 2503 508 2536 ες
549 2485 737 2546 πλῆθος
774 2487 872 2534 τῶν
910 2482 1109 2541 ἐθνέων,
1150 2486 1435 2549 Πελασγῶν
1465 2480 1690 2546 μάλιστα
1720 2501 1876 2547 προσ-

0 2585 103 2622 mnu
14 2572 169 2611 w&
176 2600 187 2646 ἱ
222 2566 576 2635 κεχωρηκότων
617 2565 743 2617 αὐτῶ
786 2566 865 2618 καὶ
905 2565 1075 2618 ἄλλων
1117 2565 1298 2618 ἐθνέων
1341 2563 1617 2631 βαρβάρων
1662 2568 1877 2634 συχνῶν.

0 2619 126 2700 Ἴ.)-
136 2666 141 2671 ’
192 2647 344 2715 (πρὸς
380 2648 436 2712 δὴ
474 2647 562 2701 ὠν
558 2651 748 2717 ἔμοιγε
786 2649 944 2701 δοκέει
980 2650 1092 2702 οὐδὲ
1128 2648 1184 2701 τὸ
1219 2647 1544 2716 Πελασγικὸν
1591 2647 1749 2707 ἔθνος,
1796 2647 1880 2699 ἐὸν

221 2730 502 2803 βάρβαρον,
525 2733 714 2798 οὐδαμὰ
742 2732 973 2800 μεγάλως
1011 2731 1295 2798 αὐξηθῆναι.

282 2882 299 2908 1
332 2873 413 2923 γῆν
433 2884 515 2911 om.
540 2871 691 2923 Steph.
716 2871 819 2922 ByZ.
845 2885 884 2922 p.
910 2883 989 2922 253
1013 2871 1068 2911 M.
1215 2871 1246 2909 8
1275 2870 1405 2922 χρεών
1427 2869 1497 2909 Pb
1641 2883 1669 2919 9
1697 2873 1779 2911 τῶν
1797 2868 1882 2923 (τε)

225 2925 347 2966 Stein
541 2939 592 2970 ,12
622 2930 703 2968 τῶν
724 2927 921 2966 Dobree.
912 2940 922 2950 ·
936 2927 1027 2975 τὴν
1049 2927 1082 2965 L
1296 2937 1343 2974 13
1372 2924 1612 2966 οἰκισάντων
1630 2923 1881 2974 Wesseling

225 2992 277 3029 24
308 2980 369 3021 ἀεί
388 2979 462 3020 Ac
615 2993 667 3030 25
698 2983 785 3031 ἐμοὶ
804 2994 886 3021 om.
912 2993 934 3020 c
1084 2981 1138 3020 26
1167 2981 1336 3033 ὁρμεώμ.
1363 2979 1434 3018 Pb
1571 2991 1639 3027 27·
1651 2983 1881 3031 Πελασγῶν

226 3035 424 3086 Sauppe:
453 3039 620 3076 πολλῶν
645 3037 676 3074 L
867 3048 921 3086 29
951 3036 1045 3088 πρὸς
1065 3034 1109 3075 δὲ
1129 3034 1264 3074 Vatic.
1295 3047 1393 3073 122:
1425 3034 1521 3087 πρὸς
1541 3034 1563 3075 ὃ
1583 3034 1632 3083 δη
1657 3032 1886 3084 Krueger:

224 3089 372 3142 πρόσθε
393 3089 436 3131 δὲ
458 3091 578 3129 Stein
692 3090 828 3143 ἔμοιγε
851 3090 1034 3130 Reiske:
1067 3090 1153 3140 ἐμοί
1172 3106 1217 3130 τε
1241 3089 1274 3127 L

711 3159 1206 3250 ἕηῩέΜῗι-έῖἷέηιᾌ
1364 3166 1735 3237 συΧνὸς,ἷῑ,’ἷν
1791 3187 1812 3209 >³
1851 3189 1877 3201 ’-

1904 2333 1952 2372 25

1903 2751 1981 2791 30⁷

1891 3181 1969 3226 ..χ
