2098 3320
148 90 232 141 IV.
265 91 294 138 8

962 89 1386 137 ΙἸΡΟΔΟΤΟΎ

334 220 720 288 ἐπειρυσάμενον
750 218 839 283 τὴν
875 218 1114 286 λεοντέην
1153 225 1486 290 κατυπνῶσαι,
1519 223 1607 276 τὰς
1643 221 1698 274 δέ
1736 225 1781 274 οἱ
1819 223 1997 278 ἵππους

334 301 457 372 [τὰς]
488 304 585 358 ὑπὸ
615 309 702 356 τοῦ
731 303 947 369 ἅρματος
977 304 1250 370 νεμομένας
1281 306 1333 356 ἐν
1365 306 1518 376 τούτῳ
1555 310 1632 376 τῷ
1662 308 1824 376 χρόνῳ
1863 308 1992 375 ἀφα-

335 393 566 454 νισθῆναι
586 390 691 460 θείῃ
712 388 854 459 τύχῃ.
925 388 990 442 ὡς
1009 387 1052 440 δ’
1073 390 1332 455 ἐγερθῆναι
1349 388 1437 441 τὸν
1455 389 1725 457 ςΗρακλέα,
1748 392 1994 456 δίζησθαι,
2013 400 2017 404 ’

335 473 497 526 πάντα
532 475 586 524 δὲ
621 475 707 537 τῆς
747 473 913 541 χώρης
952 471 1287 538 ἐπεξελθόντα
1325 472 1471 528 τέλος
1510 473 1778 527 ἀπικέσθαι
1817 477 1868 528 ἐς
1906 475 1996 540 τὴν

334 557 542 621 ’Ὑλαίην
573 556 878 622 καλεομένην
908 560 1018 624 γῆν·
1060 559 1269 609 ἐνθαῦτα
1298 560 1353 610 δὲ
1383 557 1532 610 αὐτὸν
1563 559 1721 626 εὑρεῖν
1752 561 1806 613 ἐν
1833 558 1994 630 ἄντρῳ
2017 581 2040 623 5

333 639 724 708 μειξοπάρθενόν
746 662 857 692 τινα
880 641 1083 709 ἔχιδναν
1107 640 1302 708 διφυέα,
1327 644 1413 706 τῆς
1442 643 1503 694 τὰ
1525 645 1617 708 μὲν
1646 642 1746 695 ἄνω
1769 642 1868 696 ἀπὸ
1897 648 1995 696 τῶν

335 730 559 793 γλουτῶν
590 725 716 777 εἶναι
745 725 989 792 γυναικός,
1022 726 1083 776 τὰ
1113 727 1168 776 δὲ
1199 725 1366 792 ἔνερθε
1398 727 1558 793 ὄφιος.
1635 727 1803 782 ἰδόντα
1829 730 1885 780 δὲ
1915 729 1994 780 καὶ

335 807 637 875 θωμάσαντα
668 808 955 876 ἐπειρέσθαι
983 830 1077 875 μιν
1107 811 1152 862 εἴ
1187 830 1272 862 κου
1305 812 1400 861 ἴδοι
1436 811 1614 865 ἵππους
1649 811 1992 877 πλανωμένας·

333 894 424 958 τὴν
454 896 508 946 δὲ
538 890 692 961 φάναι
729 893 916 957 ἑωυτὴν
952 892 1087 962 ἔχειν
1126 894 1204 945 καὶ
1239 893 1326 945 οὐκ
1363 895 1644 948 ἀποδώσειν
1679 896 1848 966 ἐκείνῳ
1879 897 1994 964 πρὶν

334 978 366 1045 ἥ
401 981 447 1031 οἳ
480 981 762 1046 μειχθῆναι·
809 976 896 1030 τὸν
932 979 985 1029 δὲ
1019 977 1276 1044 (Ηρακλέα
1309 982 1575 1046 μειχθῆναι
1610 979 1692 1032 ἐπὶ
1727 985 1795 1050 τῷ
1828 984 1993 1050 μισθῷ
2021 999 2067 1030 10

334 1063 506 1132 τούτῳ.
595 1063 758 1127 κείνην
802 1083 858 1114 τε
901 1061 959 1126 δὴ
1005 1059 1423 1129 ὑπερβάλλεσθαι
1467 1063 1558 1127 τὴν
1605 1064 1850 1117 ἀπόδοσιν
1895 1069 1994 1117 τῶν

333 1148 514 1206 ἵππων,
547 1146 864 1212 βουλομένην
895 1146 960 1200 ὡς
990 1151 1232 1198 πλεῖστον
1261 1148 1446 1215 χρόνον
1483 1152 1706 1200 συνεῖναι
1739 1153 1806 1219 τῷ
1835 1147 1991 1216 Ἡρα-

334 1231 458 1292 κλέϊ,
501 1232 581 1284 καὶ
620 1230 708 1283 τὸν
751 1229 1084 1296 κομισάμενον
1126 1230 1319 1283 ἐθέλειν
1359 1230 1802 1285 ἀπαλλάσσεσθαι·
1847 1232 1992 1288 τέλος

333 1318 386 1368 δὲ
417 1317 751 1369 ἀποδιδοῦσαν
780 1314 931 1383 αὐτὴν
963 1317 1136 1367 εἰπεῖν·
1170 1314 1378 1369 Ἵππους
1406 1319 1499 1381 μὲν
1529 1316 1588 1382 δὴ
1610 1317 1790 1371 ταύτας
1818 1318 1990 1370 ἀπικο-

329 1399 482 1466 μένας
515 1398 687 1452 ἐνθάδε
719 1396 892 1452 ἔσωσά
922 1421 998 1451 τοι
1029 1400 1145 1467 ἐγώ,
1173 1405 1376 1467 σῶστρα
1408 1403 1461 1452 δὲ
1492 1400 1556 1452 σὺ
1577 1400 1844 1470 παρέσχες·
1891 1402 1992 1470 ἔχω
2022 1399 2035 1451 i
2046 1423 2068 1464 5

267 1507 295 1550 4
332 1487 427 1551 γὰρ
461 1487 514 1536 ἐκ
546 1483 635 1536 σέο
666 1487 844 1538 παῖδας
865 1489 1011 1550 τρεῖς.
1086 1484 1301 1544 τούτους,
1331 1486 1480 1537 ἐπεὰν
1509 1484 1752 1552 γένωνται
1773 1487 2097 1561 τρό-φιεςΛωα

334 1570 362 1619 ὅ
397 1590 445 1620 τι
484 1567 580 1636 χρὴ
622 1567 825 1627 ποιέειν,
860 1566 1035 1635 ἐξηγέο
1077 1568 1155 1627 σύ,
1191 1570 1288 1620 εἴτε
1329 1568 1476 1620 αὐτοῦ
1517 1570 1770 1634 κατοικίζω
1809 1568 1994 1639 (χώρης

334 1655 430 1720 γὰρ
460 1655 614 1717 τῆσδε
651 1653 753 1721 ἔχω
792 1652 849 1704 τὸ
891 1650 1066 1720 κράτος
1102 1651 1243 1717 αὐτή)
1282 1655 1381 1705 εἴτε
1421 1652 1700 1719 ἀποπέμπω
1737 1657 1872 1721 παρὰ
1914 1653 1991 1707 σε’.

334 1737 425 1802 τὴν
461 1739 552 1803 μὲν
594 1737 653 1800 ’δὴ
699 1742 851 1788 ταῦτα
889 1738 1176 1803 ἐπειρωτᾶν,
1218 1736 1304 1788 τὸν
1341 1740 1396 1789 δὲ
1434 1737 1642 1806 λέγουσι
1680 1739 1803 1806 πρὸς
1841 1743 1995 1792 ταῦτα

274 1842 294 1890 5
335 1823 506 1874 εἰπεῖν·
552 1821 741 1873 Ἐπεὰν
772 1820 1109 1888 ἀνδρωθέντας
1145 1823 1225 1893 ἴδῃ
1260 1821 1373 1875 τοὺς
1409 1826 1601 1882 παῖδας,
1633 1822 1749 1875 τάδε
1783 1827 1994 1876 ποιεῦσα
2019 1843 2071 1872 20

331 1905 419 1957 οὐκ
449 1904 510 1958 ἂν
539 1905 854 1972 ἁμαρτάνοις·
899 1905 986 1957 τὸν
1020 1908 1112 1970 μὲν
1142 1903 1203 1957 ἂν
1234 1906 1350 1976 ὁρᾷς
1387 1906 1547 1959 αὐτῶν
1581 1907 1695 1959 τόδε
1723 1904 1816 1973 [τὸ]
1845 1903 1994 1970 τόξον

331 1991 426 2041 ὧδε
467 1990 831 2055 διατεινόμενον
872 1990 951 2041 καὶ
990 1994 1056 2059 τῷ
1096 1990 1306 2056 ζωστῆρι
1340 1993 1463 2059 τῷδε
1500 1992 1620 2042 κατὰ
1655 1989 1771 2043 τάδε
1813 1991 1989 2055 ζωννύ-

327 2095 496 2139 μενον,
530 2078 703 2124 τοῦτον
741 2076 832 2139 μὲν
872 2076 1026 2138 τῆσδε
1060 2076 1148 2137 τῆς
1187 2074 1353 2142 χώρης
1389 2072 1620 2142 οἰκήτορα
1655 2079 1810 2127 ποιεῦ·
1856 2074 1910 2134 ὃς
1949 2074 1991 2126 δ’

331 2157 392 2210 ἂν
421 2158 610 2209 τούτων
638 2162 737 2210 τῶν
768 2158 926 2225 ἔργων
955 2162 1052 2209 τῶν
1084 2156 1382 2224 ἐντέλλομαι
1410 2160 1661 2224 λείπηται,
1689 2158 1907 2224 ἔκπεμπε
1938 2160 1991 2210 ἐκ

329 2245 416 2307 τῆς
455 2242 636 2311 χώρης.
727 2242 805 2294 καὶ
835 2246 986 2293 ταῦτα
1019 2246 1230 2294 ποιεῦσα
1266 2241 1386 2306 αὐτή
1422 2264 1476 2295 τε
1513 2242 1780 2311 εὐφρανέαι
1817 2243 1896 2295 καὶ
1930 2244 2067 2312 τὰῗες,

390 2392 407 2417 1
440 2378 485 2420 δὲ
504 2380 582 2430 τὴν
601 2379 640 2418 Λ
656 2379 689 2418 Β
706 2379 738 2418 C
754 2380 787 2418 P
916 2389 1089 2428 λεοντην
1111 2381 1144 2419 L
1336 2396 1361 2421 2
1390 2385 1462 2425 τὰς
1482 2383 1564 2423 del.
1591 2383 1786 2433 Krueger
1914 2385 1990 2426 ἀπὸ

334 2435 374 2485 R
391 2435 420 2474 S
433 2434 471 2473 V
583 2435 668 2483 θείη
687 2434 795 2486 τύχη
817 2435 935 2486 ἀφαν.
958 2435 996 2472 R
1012 2435 1041 2473 S
1054 2434 1094 2472 V
1259 2450 1283 2486 4
1327 2437 1378 2478 τᾶ
1398 2437 1530 2479 πάντα
1552 2438 1590 2476 R
1605 2437 1635 2477 S
1650 2437 1689 2477 V
1843 2450 1867 2488 5
1897 2447 1990 2480 καλ.

331 2491 414 2542 γῆν
433 2502 515 2528 om.
538 2489 577 2526 R
592 2489 622 2527 S
635 2489 673 2525 V
782 2490 809 2526 6
836 2495 912 2540 μιξ.
937 2489 970 2527 L
1056 2507 1147 2531 τινα
1167 2503 1250 2530 om.
1279 2491 1317 2529 R
1334 2492 1364 2531 S
1377 2492 1413 2530 V
1504 2540 1512 2542 a
1525 2505 1547 2542 7
1576 2491 1786 2545 γλουτέων
1807 2492 1841 2531 Ρ
1854 2493 1893 2531 R
1909 2494 1939 2534 S
1953 2494 1992 2533 V

334 2544 492 2595 ἔνερθεν
510 2543 542 2582 C
558 2544 590 2582 P
606 2543 643 2581 R
660 2543 690 2582 S
703 2544 741 2582 V
850 2544 875 2581 8
906 2548 1023 2596 θωυμ.
1044 2544 1083 2582 Α
1098 2545 1132 2583 Β
1149 2545 1182 2583 C
1197 2546 1231 2584 P
1313 2563 1389 2587 που
1410 2547 1514 2588 εἶδεν
1532 2547 1573 2585 Α
1586 2548 1620 2586 Β
1637 2548 1670 2586 C
1786 2560 1836 2587 10
1863 2551 1890 2597 ἥ
1903 2561 1984 2589 om.

332 2598 471 2637 ΑΒΕ
582 2597 1242 2650 μιχθ.ΑΒΟΡ;μιχθῆΗ5ν
1350 2602 1520 2654 μιχθ.[
1652 2615 1696 2642 11
1730 2602 1990 2652 δὴοῐη.5ν

336 2666 387 2702 14
416 2654 466 2702 δὴ
484 2665 563 2691 om.
593 2652 727 2692 RSV
906 2666 955 2703 15
986 2656 1155 2695 ἐνθαῦτα
1178 2654 1311 2694 RSV
1435 2655 1500 2707 δὲ]
1523 2656 1774 2697 τεΑΒΟΡ
1883 2657 1986 2709 ἔχω]

335 2709 416 2760 ἐγὼ
435 2706 476 2745 Α
489 2706 524 2745 Β
540 2707 572 2745 C
588 2707 621 2745 P
862 2709 911 2746 16
950 2712 1023 2750 σεῦ
1051 2708 1091 2747 Α
1106 2708 1139 2746 Β
1155 2708 1187 2746 C
1205 2709 1238 2747 P
1410 2714 1551 2752 παῖδας
1580 2712 1707 2764 τρεῖς]
1737 2729 1798 2766 τρ.
1829 2730 1872 2753 π.
1904 2712 1989 2764 ἔχω

332 2762 372 2801 Α
388 2762 422 2800 Β
438 2762 500 2801 C:
537 2779 579 2803 π.
605 2779 666 2815 τρ.
699 2761 781 2814 ἔχω
805 2762 838 2801 Ρ
984 2778 1037 2803 20
1066 2764 1160 2804 τοὺς
1178 2779 1219 2803 π.
1243 2766 1348 2814 ἴδηαι
1373 2765 1451 2815 (sic
1474 2765 1527 2813 L)
1552 2766 1590 2804 R
1607 2766 1688 2805 SV
1795 2765 1998 2809 ἰιοιέουσα4

333 2816 369 2854 C
383 2815 417 2855 P
431 2816 469 2856 R
480 2816 515 2855 S
528 2816 566 2855 V
785 2829 832 2856 21
878 2819 926 2859 τὸ
955 2831 1037 2858 orn.
1073 2817 1112 2856 A
1128 2815 1163 2855 Β
1178 2817 1211 2855 C
1430 2832 1482 2857 22
1522 2820 1820 2872 διατεινάμενον
1851 2821 1890 2860 R
1906 2821 1936 2860 S
1948 2820 1988 2860 V

331 2872 438 2926 κατὰ
463 2870 561 2913 τάδε
583 2869 637 2923 ςῖ]
660 2869 800 2922 καταζ.
821 2871 910 2911 ΑΒ
926 2872 959 2911 C
974 2873 1008 2911 P
1145 2884 1196 2924 23
1224 2872 1320 2924 μὲν]
1339 2873 1415 2924 μὲν
1435 2875 1484 2923 δὴ
1507 2874 1546 2912 R
1561 2875 1591 2914 S
1605 2874 1641 2913 V
1749 2878 1878 2924 τῆσδε
1900 2887 1982 2916 om.
2004 2910 2010 2913 .
2054 2907 2064 2912 ,

334 2924 365 2963 S
378 2925 417 2963 V
587 2938 639 2976 24
668 2925 846 2969 τουτέων
863 2926 904 2966 Α
918 2927 953 2965 Β
970 2927 1010 2966 R
1026 2927 1056 2966 S
1068 2927 1107 2966 V
1217 2927 1287 2969 alt.
1312 2932 1394 2970 τῶν
1413 2941 1496 2967 om.
1517 2929 1551 2968 C
1662 2929 1829 2980 λίπηται
1852 2929 1891 2970 R
1906 2929 1936 2970 S
1948 2929 1986 2970 V
2005 2966 2010 2967 γ
2068 2967 2077 2982 ,

335 2982 380 3021 ἐκ
401 2991 482 3022 om.
506 2979 560 3021 Β1
734 2993 787 3034 25
816 2980 1006 3025 ποιέουσαι
1027 2982 1061 3024 C
1075 2981 1109 3022 P
1220 2981 1452 3038 εὐφρανέεαι
1475 2983 1509 3025 Ρ
1947 3000 1959 3004 “
1979 3000 1981 3002 ·
2003 3006 2009 3013 -·
