2098 3320
789 157 1170 210 ΙΣΤΟΡΙΩΝ
1229 161 1274 210 Α
1906 169 1947 222 1.
1968 183 2059 236 123

1154 256 1482 296 ωυιῖηζκκοιίῖῖι
1656 254 1662 260 “
1741 253 1889 287 «ΑΛ-*ὅς’
1913 282 1921 289 ·

197 293 298 342 τῶν
327 289 456 343 ὁδῶν
485 289 908 359 φυλασσομένων,
942 293 969 344 ὁ
1000 296 1053 346 δὲ
1084 295 1636 362 ἐπιτεχνᾶται-[οιόνδε.
1746 301 1869 365 αγὸν
1904 317 1935 363 4

0 360 174 449 *ui-«3
195 373 617 446 μηχανησάμενος
643 375 720 428 καὶ
751 378 1036 446 ἀνασχίσας
1058 378 1231 431 τούτου
1252 378 1343 443 τὴν
1364 378 1586 447 γαστέρα
1617 379 1696 432 καὶ
1725 381 1868 435 οὐδὲν

197 459 455 524 ἀποζίλας,
490 459 555 514 ὦς
585 462 639 513 δὲ
668 459 790 530 εἶχε,
824 463 950 515 οὕτω
982 462 1191 529 ἐσέθηκε
1226 465 1467 530 βυβλίον,
1498 462 1701 532 γράψας
1729 464 1790 517 τά
1820 468 2098 531 οἱδῦνίβμᾶαι

195 543 378 596 ἐδόκεε·
424 543 722 612 ἀπορράψας
766 549 820 599 δὲ
860 551 947 599 τοῦ
989 552 1149 615 λαγοῦ
1187 547 1279 612 τὴν
1317 547 1540 616 γαστέρα
1581 549 1659 601 καὶ
1698 550 1867 603 δίκτυα
1952 532 2027 563 “a
2049 531 2098 583 b*

147 653 169 693 5
195 627 306 682 δοὺς
335 626 423 682 ἅτε
453 631 661 702 θηρευτῇ
691 635 791 684 τῶν
814 631 1043 685 οἰκετέων
1074 637 1140 702 τῷ
1173 631 1473 704 πιστοτάτῳ,
1499 632 1786 687 ἀπέστελλε
1815 636 1867 689 ἐς

193 711 306 767 τοὺς
329 712 544 780 Πέρσας,
567 715 914 782 ἐντειλάμενός
937 719 982 770 οἱ
1009 716 1105 769 ἀπὸ
1124 717 1366 784 γλώσσης
1385 718 1582 771 διδόντα
1603 717 1689 771 τὸν
1705 717 1866 786 λαγὸν

195 797 338 867 Κύρῳ
373 799 596 852 ἐπειπεῖν
633 799 917 873 αὐτοχειρίῃ
953 823 1037 867 μιν
1073 805 1257 868 διᾴιεῖν
1293 803 1372 854 καὶ
1407 800 1595 868 μηδένα
1630 804 1677 854 οἳ
1712 807 1865 855 ταῦτα
1881 816 2098 870 emt-obn

192 886 412 934 ποιεῦντι
442 889 683 950 παρεῖναι.
771 885 925 937 ταῦτά
954 907 1009 938 τε
1046 886 1103 950 δὴ
1135 883 1204 939 ὧν
1235 885 1467 939 ἐπιτελέα
1504 887 1695 954 ἐγίνετο
1728 886 1807 939 καὶ
1839 888 1864 939 ὁ
1902 902 1992 952 124

193 968 353 1034 Κῦρος
383 969 694 1035 παραλαβὼν
724 969 809 1022 τὸν
839 970 998 1038 λαγὸν
1028 969 1288 1039 ἀνέσχισε.
1382 972 1536 1038 εὑρὼν
1566 973 1619 1024 δὲ
1650 972 1705 1024 ἐν
1734 972 1863 1042 αὐτῷ

120 1073 170 1104 10
190 1049 247 1102 τὸ
276 1053 499 1117 βυβλίον
524 1052 663 1106 ἐνεὸν
694 1055 874 1120 λαβὼν
897 1054 1181 1123 ἐπελέγετο.
1248 1057 1309 1106 τὰ
1340 1057 1393 1107 δὲ
1422 1055 1687 1123 γράμματα
1717 1055 1864 1124 ἔλεγε

190 1133 322 1188 τάδε·
361 1135 434 1187 9Ω.
471 1142 563 1190 παῖ
596 1139 902 1204 Καμβύσεω,
943 1142 1002 1192 σὲ
1038 1141 1134 1207 γὰρ
1171 1140 1274 1192 θεοὶ
1312 1141 1548 1206 ἐπορῶσι,
1586 1139 1643 1192 οὐ
1677 1142 1772 1208 γὰρ
1802 1140 1863 1193 ἄν

193 1240 304 1272 κοτε
329 1222 379 1275 ἐς
402 1226 614 1274 τοσοῦτο
638 1224 792 1293 τύχης
816 1225 1005 1283 ἀπίκευ,
1034 1225 1099 1276 σύ
1120 1245 1206 1276 νυν
1230 1222 1515 1291 Ἀστυάγεα
1538 1228 1623 1277 τὸν
1644 1229 1862 1277 σεωυτοῦ

190 1304 351 1370 φονέα
373 1311 552 1359 τεῖσαι.
621 1310 744 1359 κατὰ
765 1310 856 1373 μὲν
880 1310 976 1376 γὰρ
994 1307 1085 1373 τὴν
1109 1308 1282 1361 τούτου
1305 1309 1579 1376 προθυμίην
1602 1307 1857 1373 τέθνηκας,
1897 1332 1923 1364 2

185 1387 245 1440 τὸ
275 1392 329 1443 δὲ
360 1392 482 1442 κατὰ
507 1393 645 1447 θεούς
668 1414 721 1445 τε
753 1393 832 1444 καὶ
864 1395 950 1459 ἐμὲ
974 1394 1174 1460 περίεις.
1242 1392 1303 1444 τά
1334 1414 1394 1445 σε
1425 1394 1504 1445 καὶ
1527 1391 1684 1445 πάλαι
1706 1392 1860 1445 δοκέω

119 1496 164 1537 15
189 1472 350 1527 πάντα
380 1476 770 1542 ἐκμεμαθηκέναι
800 1476 890 1530 σέο
914 1499 967 1531 τε
998 1477 1146 1530 αὐτοῦ
1176 1476 1288 1544 πέρι
1319 1476 1384 1531 ὡς
1415 1475 1639 1545 ἐπρήχθη
1671 1477 1751 1529 καὶ
1781 1478 1862 1529 οἶα

189 1559 288 1626 ἐγὼ
324 1559 420 1612 ὑπὸ
449 1559 755 1629 Ἀστυάγεος
793 1561 1033 1622 πέπονθα,
1071 1563 1147 1614 ὅτι
1184 1583 1245 1614 σε
1281 1563 1368 1614 οὐκ
1406 1560 1685 1621 ἀπέκτεινα,
1725 1562 1860 1613 ἀλλὰ

187 1642 346 1696 ἔδωκα
375 1649 441 1715 τῷ
473 1647 722 1716 βουκόλῳ.
805 1647 870 1698 σύ
899 1667 1003 1706 νυν,
1036 1642 1098 1711 ἢν
1126 1647 1290 1718 βούλῃ
1322 1645 1431 1712 ἐμοὶ
1461 1647 1738 1705 πείθεσθαι,
1771 1648 1859 1710 τῆς

186 1749 278 1796 περ
301 1728 585 1798 Ἀστυάγης
608 1729 752 1799 ἄρχει
772 1731 954 1799 χώρης,
980 1732 1159 1796 ταύτης
1181 1729 1379 1796 ἁπάσης
1401 1728 1581 1797 ἄρξεις.
1652 1728 1857 1798 Πέρσας

154 1815 280 1881 ,γὰρ
317 1815 593 1869 ἀναπείσας
627 1815 938 1868 ἀπίστασθαι
974 1814 1313 1883 στρατηλάτεε
1353 1814 1433 1867 ἐπὶ
1470 1812 1688 1879 Μήδους.
1777 1813 1856 1867 καὶ
1891 1837 1917 1882 3
2076 1867 2077 1870 ,

111 1917 162 1947 20
183 1896 244 1962 ἤν
274 1919 330 1959 τε
360 1900 459 1966 ἐγὼ
489 1898 584 1953 ὑπὸ
607 1898 914 1967 Ἀστυάγεος
945 1898 1544 1969 ἀποδεχθέω-στρατηγὸς
1574 1899 1718 1951 ἀντία
1748 1903 1853 1959 σεῦ,
1866 1892 2098 1994 &w

183 1981 293 2035 ἔστι
316 2004 392 2036 τοι
412 1985 474 2036 τὰ
498 1983 562 2035 σὺ
591 1984 820 2050 βούλεαι,
846 1983 906 2049 ἥν
930 2006 982 2036 τε
1014 1989 1111 2036 τῶν
1134 2005 1208 2038 τις
1232 1985 1444 2049 δοκίμων
1469 1982 1625 2038 ἄλλος
1650 1981 1853 2048 Μήδων.
1942 2040 1945 2042 ,

183 2071 371 2133 πρῶτοι
400 2070 495 2136 γὰρ
518 2068 652 2121 οὗτοι
682 2067 993 2123 ἀποστάντες
1025 2067 1108 2120 ἀπ’
1136 2069 1325 2121 ἐκείνου
1349 2067 1428 2120 καὶ
1449 2068 1711 2135 γενόμενοι
1734 2066 1855 2135 πρὸς

185 2150 275 2203 σέο
293 2151 578 2220 Ἀστυάγεα
603 2153 875 2221 καταιρέειν
896 2151 1234 2221 πειρήσονται.
1298 2152 1363 2206 ὡς
1385 2149 1453 2204 ὧν
1474 2152 1670 2218 ἑτοίμου
1692 2156 1778 2204 τοῦ
1796 2173 1855 2219 γε

183 2235 359 2290 ἐνθάδε
389 2238 573 2298 ἐόντος,
607 2238 744 2291 ποίεε
774 2243 926 2291 ταῦτα
958 2237 1037 2289 καὶ
1067 2238 1202 2290 ποίεε
1236 2238 1359 2288 κατὰ
1386 2235 1558 2305 τάχος.

109 2338 156 2378 25
264 2320 510 2377 Ἀκούσας
533 2327 686 2375 ταῦτα
711 2324 736 2374 ὁ
759 2326 919 2390 Κῦρος
951 2321 1208 2388 ἐφρόντιζε
1238 2322 1360 2392 ὅτεῳ
1385 2321 1550 2391 τρόπῳ
1576 2319 1852 2391 σοφωτάτῳ
1890 2336 1976 2388 125

181 2403 386 2473 Πέρσας
433 2408 694 2460 ἀναπείσει
744 2407 1073 2467 ἀπίστασθαι,
1124 2406 1400 2473 φροντίζων
1446 2407 1501 2458 δὲ
1552 2404 1749 2472 εὕρισκέ
1788 2426 1852 2457 ,τε

110 2567 112 2572 ’
238 2557 254 2583 1
287 2547 414 2588 οὖδῶν
436 2545 475 2585 R
491 2546 521 2586 S
535 2546 574 2585 V
793 2559 819 2597 3
849 2546 1049 2588 ἀποτίλας
1069 2542 1127 2584 Α2
1143 2542 1199 2583 B²
1219 2558 1228 2584 :
1259 2542 1476 2587 ἀποτείλας
1497 2543 1532 2583 L
1682 2542 1850 2593 ἐπέθηκε

182 2599 219 2638 R
236 2601 266 2641 S
281 2600 319 2640 V
429 2602 600 2650 βιβλίον
621 2601 655 2641 Ρ
670 2601 709 2641 R
726 2601 756 2641 S
769 2601 807 2642 V
827 2601 894 2656 (it.
922 2601 993 2652 10)
1133 2613 1158 2649 4
1189 2599 1354 2640 δείκτυα
1374 2597 1430 2638 Βι
1565 2609 1590 2649 5
1621 2598 1852 2639 ἂπέστελεν

181 2654 221 2693 R
235 2655 274 2694 V
292 2669 302 2694 t
343 2655 590 2700 ἀπέστειλεν
624 2658 655 2698 S
878 2670 899 2707 7
944 2657 1070 2697 εἰπεῖν
1106 2654 1145 2693 R
1163 2655 1191 2694 S
1205 2654 1244 2692 V
1465 2654 1671 2706 αὐτοχειρὶ
1713 2651 1751 2691 R
1768 2652 1798 2692 S
1812 2653 1852 2691 V

178 2711 204 2749 8
252 2714 391 2752 ποιεῦν
429 2710 469 2750 R
488 2725 498 2751 ε
545 2715 739 2754 ποιεῦντα
779 2712 808 2751 S
822 2709 875 2749 V¹
1101 2721 1150 2749 11v
1194 2711 1396 2761 ἐπηρῶσιν
1431 2707 1471 2747 R
1508 2708 1550 2761 (η
1580 2708 1622 2747 in
1652 2706 1733 2758 lit.)
1767 2707 1798 2747 S
1811 2707 1851 2746 V

183 2777 232 2804 12
253 2766 420 2807 ἆπικνεῦ
441 2766 471 2806 S
484 2766 546 2806 V:
569 2769 750 2809 ἐπικνεῦς
768 2766 808 2805 R
922 2767 1094 2807 σεαυτοῦ
1107 2763 1167 2803 A:
1192 2765 1341 2804 ἑωυτοῦ
1359 2763 1397 2801 R
1414 2763 1443 2802 S
1457 2762 1496 2801 V
1610 2774 1658 2811 13
1683 2778 1794 2803 τισαι
1813 2761 1847 2800 L

182 2832 231 2871 15
263 2823 398 2872 ἐκμαθ.
437 2821 477 2860 R
702 2823 753 2861 16
783 2819 1011 2863 ἀπέστειλα
1039 2819 1074 2858 C
1301 2831 1347 2868 17
1378 2818 1429 2866 ἢν
1457 2817 1521 2858 R:
1555 2817 1590 2858 εἰ
1615 2816 1671 2857 S:
1703 2829 1784 2856 om.
1810 2815 1851 2855 V

178 2874 322 2922 βούλει
343 2875 383 2914 R
399 2875 429 2916 S
443 2874 498 2915 V1
624 2875 808 2918 πίθέσθαι
832 2875 870 2914 R
1057 2887 1110 2913 20
1140 2874 1352 2925 ἀποδεχθῶ
1372 2871 1412 2911 Α
1428 2871 1463 2911 Β
1479 2871 1512 2911 C
1528 2871 1561 2911 P
1579 2884 1589 2910 t
1619 2873 1847 2922 ἀποδειχθῶ

180 2928 318 2969 RSV
456 2930 574 2973 ἀντία
605 2930 699 2982 σεῦ]
735 2931 907 2980 ἀντῆσαι
944 2929 1080 2969 RSV
1301 2939 1349 2966 21
1394 2927 1447 2968 τὰ
1479 2925 1730 2978 συμβούλεαι
1764 2923 1847 2966 SV

179 2981 319 3026 ἄλλων
340 2984 374 3024 C
541 2987 595 3026 26
624 2987 838 3028 ἀναπεισαι
858 2985 898 3025 Α
912 2984 947 3024 Β
963 2984 996 3024 C
1109 2980 1269 3036 εὕρισκέ
1286 2998 1333 3022 τε
1355 2980 1558 3021 Cantabr.
1578 2995 1587 3020 τ
1618 2980 1844 3035 εὑρίσκεται

179 3037 394 3079 ABCP:
434 3041 594 3094 εὕρισκε
625 3039 765 3080 RSV
