2098 3320
73 111 135 158 II.
165 113 251 172 158

125 264 127 268 ν
163 242 252 302 158

908 112 955 160 H
972 112 1339 160 ΡΟΔΟΤΟὙ

372 243 699 310 Ψαμμητίχου
751 244 804 295 δὲ
858 246 1031 297 Νεκῶς
1083 248 1199 297 παῖς
1250 243 1448 310 ἐγένετο
1502 244 1581 295 καὶ
1639 244 1950 309 ἐβασίλευσε

290 327 558 393 Αἰγύπτου,
609 326 663 380 ὃς
708 328 768 398 τῇ
821 327 1024 396 διώρυχι
1075 329 1371 396 ἐπεχείρησε
1422 333 1614 394 πρῶτος
1657 329 1716 399 τῇ
1761 329 1812 381 ἐς
1857 326 1950 393 τὴν

289 410 532 477 Ἐρυθρὴν
556 409 824 463 θάλασσαν
850 411 1092 484 φερούσῃ,
1119 411 1210 476 τὴν
1235 416 1445 478 Δαρεῖος
1469 413 1495 462 ὁ
1521 411 1724 479 Πέρσης
1747 411 1950 478 δεύτερα

288 493 506 561 διώρυξε.
602 498 689 559 τῆς
739 490 894 560 μῆκος
942 495 1034 561 μέν
1087 498 1198 547 ἐστι
1248 497 1404 549 πλόος
1454 494 1630 562 ἡμέραι
1687 495 1945 563 τέσσερες,
2011 526 2014 528 v
2060 541 2070 550 .

289 580 429 645 εὖρος
461 582 513 630 δὲ
545 579 741 648 ὠρύχθη
773 580 905 632 ὥστε
935 578 1162 647 τριήρεας
1198 580 1283 632 δύο
1320 578 1493 632 πλέειν
1523 581 1644 646 ὁμοῦ
1677 564 2098 647 ἐλαστρε-ρ-ἷμω

287 662 453 727 μένας.
542 662 683 727 ἦκται
715 666 768 715 δὲ
799 663 897 716 ἀπὸ
928 669 1014 715 τοῦ
1046 666 1236 716 Νείλου
1270 663 1327 716 τὸ
1362 665 1493 730 ὕδωρ
1525 666 1575 718 ἐς
1605 662 1772 728 αὐτήν,
1803 662 1948 729 ἦκται

289 750 341 798 δὲ
386 747 659 814 κατύπερθε
702 749 878 815 ὀλίγον
923 747 1238 814 Βουβάστιος
1285 748 1462 802 πόλιος
1505 750 1636 815 παρὰ
1680 747 1947 814 Πάτουμον

287 831 377 895 τὴν
408 831 653 898 Ἀραβίην
686 833 850 884 πόλιν·
899 831 1070 900 ἐσέχει
1101 823 1154 884 δὲ
1184 832 1238 886 ἐς
1267 831 1358 896 τὴν
1389 832 1631 899 Ἐρυθρὴν
1662 831 1946 884 θάλασσαν.

287 916 556 982 ὀρώρυκται
587 919 640 967 δὲ
672 921 867 983 πρῶτον
896 919 988 982 μὲν
1011 921 1097 968 τοῦ
1127 918 1296 969 πεδίου
1325 921 1412 968 τοῦ
1435 919 1706 983 Αἰγυπτίου
1735 918 1796 968 τὰ
1826 923 1947 984 πρὸς
1961 957 2098 1007 Μ

287 999 534 1066 Ἀραβίην
565 1000 764 1068 ἔχοντα,
798 1000 968 1073 ἔχε-ται
1004 1003 1057 1052 δὲ
1102 1001 1374 1068 κατύ-περθε
1413 1005 1498 1052 τοῦ
1533 1002 1703 1053 πεδίου
1736 999 1794 1052 τὸ
1825 1002 1947 1052 κατὰ
1976 1015 2022 1044 ¹0

288 1083 499 1151 Μέμφιν
539 1090 703 1136 τεῖνον
740 1087 866 1152 ὄρος,
902 1087 955 1136 ἐν
991 1090 1058 1155 τῷ
1099 1087 1148 1137 αἱ
1177 1086 1462 1150 λιθοτομίαι
1496 1084 1674 1136 ἔνεισι.
1761 1089 1848 1137 τοῦ
1877 1081 1947 1137 ὧν

286 1167 344 1232 δὴ
390 1170 529 1235 ὄρεος
577 1170 752 1220 τούτου
799 1171 931 1236 παρὰ
974 1169 1063 1234 τὴν
1111 1170 1338 1237 ὑπώρεαν
1382 1168 1524 1234 ἦκται
1566 1170 1595 1234 ἡ
1641 1167 1822 1236 διῶρυξ
1861 1167 1946 1222 ἀπ’

287 1252 503 1319 ἑσπέρης
532 1253 691 1321 urge-<937
723 1252 844 1320 πρὸς
867 1253 956 1318 τὴν
980 1254 1051 1318 ἠῶ
1084 1255 1163 1306 καὶ
1194 1253 1363 1306 ἔπειτα
1386 1255 1535 1306 τείνει
1560 1255 1610 1307 ἐς
1640 1252 2098 1324 διασφάγαςμ-Μ*

287 1335 514 1404 φέρουσα
561 1338 657 1390 ἀπὸ
710 1342 795 1389 τοῦ
844 1340 983 1405 ὄρεος
1033 1338 1155 1404 πρὸς
1206 1339 1524 1405 μεσαμβρίην
1572 1359 1625 1390 τε
1673 1338 1752 1390 καὶ
1800 1338 1947 1390 νότον

231 1443 259 1484 4
286 1420 468 1486 ἄνεμον
521 1423 570 1475 ἐς
616 1421 702 1473 τὸν
751 1423 939 1474 κόλπον
987 1422 1071 1473 τὸν
1121 1421 1378 1488 Ἀράβιον.
1468 1423 1527 1494 τῇ
1572 1424 1625 1474 δὲ
1671 1421 1946 1490 ἐλάχιστόν
1974 1440 2022 1481 15

287 1507 397 1557 ἐστι
428 1506 506 1557 καὶ
538 1507 919 1571 συντομώτατον
944 1506 997 1558 ἐκ
1020 1510 1108 1571 τῆς
1139 1507 1348 1573 βορηίης
1375 1505 1638 1571 θαλάσσης
1666 1507 1946 1573 ὑπερβῆναι

219 1656 222 1659 ᾗ
288 1591 338 1643 ἐς
366 1581 458 1654 τὴν
489 1592 657 1654 νοτίην
691 1592 768 1642 καὶ
807 1590 1051 1658 Ἐρυθρὴν
1091 1591 1182 1655 τὴν
1226 1590 1376 1655 αὐτὴν
1406 1588 1587 1655 ταύτην
1621 1589 1941 1656 καλεομένην,

286 1674 384 1726 ἀπὸ
434 1679 520 1725 τοῦ
573 1677 766 1726 Κασίου
815 1677 954 1739 ὄρεος
1001 1680 1086 1726 τοῦ
1139 1675 1415 1742 οὐρίζοντος
1462 1675 1714 1742 Αἴγυπτόν
1759 1696 1811 1726 τε
1864 1674 1943 1726 καὶ

287 1760 484 1825 Συρίην,
536 1759 632 1810 ἀπὸ
680 1756 854 1811 τούτου
901 1761 1000 1810 εἰσὶ
1050 1758 1244 1810 στάδιοι
1291 1755 1518 1827 <ὀιπ,ᾳρτὶ>
1562 1760 1719 1826 χίλιοι
1765 1761 1814 1813 ἐς
1858 1758 2098 1812 τὸννφυά

237 1841 531 1910 5Ἀράβιον
585 1843 787 1894 κόλπον.
895 1848 1039 1894 τοῦτο
1090 1845 1180 1908 μὲν
1239 1843 1297 1894 τὸ
1356 1843 1748 1908 συντομώτατον,
1801 1842 1831 1907 ἡ
1874 1845 1944 1894 -δὲ
1971 1863 2022 1892 20

155 2355 247 2404 159

286 1924 466 1992 διῶρυξ
502 1931 675 1995 πολλῷ
719 1926 1013 1994 μακροτέρη,
1058 1928 1161 1996 ὅσῳ
1209 1926 1514 1994 σκολιωτέρη
1556 1927 1682 1978 ἐστί·
1731 1926 1822 1991 τὴν
1862 1927 1944 1978 ἐπὶ

286 2014 431 2062 Νεκῶ
471 2009 720 2075 βασιλέος
760 2009 1060 2077 ὀρύσσοντες
1105 2013 1384 2078 Αἰγυπτίων
1428 2011 1689 2062 ἀπώλοντο
1730 2011 1944 2063 δυώδεκα

283 2093 528 2160 μυριάδες.
633 2099 805 2148 Νεκῶς
862 2094 954 2160 μέν
1013 2117 1098 2147 νυν
1157 2092 1342 2160 μεταξὺ
1401 2092 1633 2162 ὀρύσσων
1690 2092 1944 2147 ἐπαύσατο

283 2180 522 2242 μαντηίου
564 2180 799 2243 ἐμποδίου
839 2178 1109 2246 γενομένου
1152 2182 1355 2237 τοιοῦδε,
1397 2184 1464 2248 τῷ
1503 2177 1749 2248 βαρβάρῳ
1795 2179 1943 2230 αὐτὸν

285 2261 692 2328 προεργάζεσθαι.
756 2262 1049 2330 βαρβάρους
1072 2266 1125 2315 δὲ
1143 2262 1332 2316 πάντας
1355 2265 1400 2315 οἱ
1421 2260 1682 2330 Αἰγύπτιοι
1706 2261 1944 2314 καλέουσι
1970 2280 2019 2321 25

286 2345 397 2398 τοὺς
425 2345 491 2410 μὴ
524 2347 679 2413 σφίσι
710 2348 1087 2414 ὁμογλώσσους.
1159 2346 1475 2412 παυσάμενος
1506 2349 1558 2398 δὲ
1588 2349 1676 2411 τῆς
1705 2347 1943 2414 διώρυχος

285 2430 313 2479 ὁ
345 2433 517 2483 Νεκῶς
547 2429 785 2496 ἐτράπετο
819 2431 939 2497 πρὸς
971 2431 1255 2497 στρατηίας,
1293 2431 1369 2481 καὶ
1405 2429 1623 2496 τριήρεες
1653 2433 1702 2482 αἱ
1740 2432 1832 2496 μὲν
1863 2430 1942 2482 ἐπὶ

339 2580 365 2615 4
385 2566 534 2620 διόρυξε
558 2567 596 2606 R
611 2567 649 2604 V
758 2567 834 2615 μέν
849 2581 930 2606 om.
951 2567 992 2606 A
1006 2567 1040 2605 Β
1057 2567 1090 2606 C
1107 2567 1140 2606 P
1250 2566 1447 2620 τέσσαρες
1465 2566 1498 2605 C
1513 2565 1595 2606 SV
1704 2577 1729 2616 5
1750 2567 1858 2621 εἷ’]ρος
1871 2596 1881 2606 .
1900 2597 1910 2607 .
1928 2597 1938 2607 .

288 2620 608 2673 ἐλαστρεομένας
636 2620 837 2672 (-ευμε’νας
858 2623 892 2661 C
909 2622 942 2661 P
964 2622 1079 2662 Eust.
1106 2622 1153 2661 Il.
1182 2621 1302 2669 1161)
1328 2634 1408 2660 om.
1435 2622 1474 2660 R
1490 2621 1520 2660 S
1535 2621 1573 2659 V
1735 2622 1762 2659 6
1790 2621 1944 2670 ταύτην

289 2676 327 2713 R
345 2675 374 2713 S
390 2676 429 2714 V
594 2689 615 2725 7
647 2676 890 2729 καθύπερθεν
912 2677 950 2714 R
965 2677 1003 2714 V
1167 2691 1194 2726 9
1223 2676 1438 2729 ὀρώρυκται
1466 2676 1661 2714 Bekker:
1692 2675 1854 2729 ὅρυκται
1876 2676 1941 2716 R:

287 2733 457 2783 ὥρυκται
479 2729 569 2770 rell.
685 2735 757 2771 τοῦ
777 2732 997 2784 Αἰγυπτίου
1022 2733 1131 2783 (-του
1154 2731 1279 2780 SV).
1299 2761 1308 2771 .
1328 2761 1336 2769 .
1351 2731 1487 2771 πεδίου
1509 2743 1591 2770 orn.
1618 2730 1657 2767 R
1773 2743 1817 2768 11
1851 2733 1894 2771 ἐν
1913 2729 1943 2770 ι’ἶῖ

287 2789 368 2825 λιθ.
403 2783 480 2835 μὲν
515 2785 638 2826 ἔνεισι
671 2785 708 2822 R
726 2786 755 2824 S
771 2786 807 2823 V
1031 2799 1079 2824 12
1122 2785 1301 2838 ὑπωρέην
1332 2785 1371 2823 Α
1387 2785 1421 2823 Β
1438 2785 1471 2823 C
1487 2785 1544 2824 P:
1584 2785 1778 2838 ὑπωρείην
1809 2785 1847 2822 R
1863 2784 1944 2823 SV

292 2851 341 2886 14
371 2838 569 2892 φερούσας
592 2839 625 2878 Ρ
641 2840 674 2876 R
695 2840 724 2879 S
739 2841 776 2878 V
936 2841 1191 2893 μεσημβρίην
1212 2839 1248 2877 Α
1263 2840 1297 2877 Β
1313 2839 1345 2877 C
1541 2851 1590 2889 15
1619 2838 1663 2879 δὲ
1685 2839 1718 2877 C
1739 2853 1747 2877 τ
1779 2841 1826 2888 δὴ
1848 2839 1938 2878 rell.

291 2905 338 2940 17
369 2892 523 2941 ταύτην
548 2906 629 2933 om.
655 2894 687 2932 C
858 2897 907 2934 18
937 2894 1137 2948 ὁρίζοντος
1169 2893 1351 2933 PRSV
1517 2906 1566 2943 19
1596 2895 1737 2947 ἀπαρτὶ
1765 2894 1860 2932 add.
1888 2906 1944 2932 ex

290 2946 423 2986 Bekk.
447 2947 613 2987 Anecd.
641 2950 733 2998 418,
760 2949 901 2989 Schol.
926 2950 1057 2989 Arist.
1082 2949 1189 2988 Plut.
1215 2949 1308 2999 388,
1333 2947 1448 2987 Suid.
1471 2960 1503 2988 s,
1520 2962 1559 2988 v.
1684 2959 1736 2999 25
1765 2963 1941 3002 περιεργ.

290 3000 360 3041 R:
388 3017 577 3055 προσεργ.
603 3002 633 3041 S
799 3006 852 3042 26
882 3012 955 3056 σφι
978 3004 1011 3043 Ρ
