2098 3320
822 174 1199 223 ιΣΤοΡΙΩΝ
1261 176 1303 223 Α
1951 181 2090 243 1.171

231 305 353 360 τέως
391 307 443 357 δὲ
485 305 600 361 ἄνευ
640 304 838 373 ὀχάνων
875 306 1086 373 ἐφόρεον
1124 308 1210 360 τὰς
1254 308 1471 360 ἀσπίδας
1508 307 1689 361 πάντες
1731 310 1782 360 οἵ
1818 332 1910 376 περ

231 391 455 443 ἐώθεσαν
491 391 677 442 ἀσπίσι
712 392 947 458 χρᾶσθαι,
981 395 1239 456 τελαμῶσι
1278 393 1557 444 σκυτίνοισι
1594 394 1906 458 οἰηκίζοντες,

230 475 341 541 περὶ
386 479 519 527 τοῖσι
564 473 744 542 αὐχέσι
789 496 842 526 τε
889 477 967 527 καὶ
1012 481 1145 527 τοῖσι
1192 477 1501 543 ἀριστεροῖσι
1547 476 1727 542 ὤμοισι
1771 484 2093 551 περι-«πελά

231 561 462 625 κείμενοι.
527 561 651 624 μετὰ
674 562 727 611 δὲ
750 559 863 612 τοὺς
884 563 1052 627 Κᾶρας
1077 561 1240 631 χρόνῳ
1265 561 1476 628 ὕστερον
1494 565 1669 632 πολλῶ
1691 562 1910 630 Δωριέες
1943 585 1962 630 5

181 669 203 708 5
230 666 284 696 τε
322 644 402 696 καὶ
425 642 595 697 Ἴωνες
630 639 976 708 ἐξανέστησαν
1009 646 1063 695 ἐκ
1101 649 1197 697 τῶν
1229 644 1398 709 νήσων
1435 645 1513 697 καὶ
1549 647 1703 701 οὕτως
1739 648 1789 702 ἐς
1819 647 1909 712 τὴν

229 727 433 794 ἤπειρον
457 728 713 780 ἀπίκοντο.
789 730 911 780 κατὰ
941 731 1033 794 μὲν
1059 728 1115 793 δὴ
1145 733 1313 796 Κᾶρας
1336 731 1461 781 οὕτω
1488 733 1678 797 Κρῆτες
1700 731 1908 799 λέγουσι

230 811 483 881 γενέσθαι·
531 811 587 863 οὐ
616 811 786 878 μέντοι
811 812 955 865 αὐτοί
974 835 1032 880 γε
1057 813 1388 881 ὁμολογέουσι
1412 815 1634 867 τούτοισι
1658 819 1703 868 οἱ
1730 820 1905 883 Κᾶρες,

230 898 366 950 ἀλλὰ
402 898 658 963 νομίζουσι
698 897 834 949 αὐτοὶ
873 898 1083 952 ἑωυτοὺς
1122 897 1248 950 εἶναι
1286 898 1593 967 αὐτόχθονας
1632 900 1909 967 ἠπειρώτας

233 982 311 1034 καὶ
347 987 414 1053 τῷ
454 982 687 1047 οὐνόματι
724 987 790 1052 τῷ
829 982 957 1052 αὐτῷ
1001 983 1096 1035 αἰεὶ
1143 983 1535 1052 διαχρεωμένους
1571 989 1637 1054 τῷ
1679 1007 1771 1052 περ
1806 990 1905 1038 νῦν.

158 1090 207 1119 10
231 1069 554 1120 ἀποδεικνῦσι
597 1069 649 1119 δὲ
694 1068 748 1119 ἐν
793 1066 1086 1119 Μυλάσοισι
1131 1067 1254 1121 Διὸς
1299 1069 1482 1134 Καρίου
1530 1067 1635 1135 ἱρὸν
1681 1070 1906 1138 ἀρχαῖον,
1946 1079 1974 1123 6

231 1156 317 1204 τοῦ
343 1156 572 1204 Μυσοῖσι
601 1154 691 1218 μὲν
718 1151 795 1203 καὶ
820 1155 1028 1203 Λυδοῖσι
1056 1150 1261 1217 μέτεστι
1295 1153 1359 1206 ὡς
1390 1151 1737 1220 κασιγνήτοισι
1768 1156 1909 1207 ἐοῦσι

231 1241 366 1288 τοῖσι
403 1238 584 1302 Καρσί·
629 1235 717 1288 τὸν
754 1238 849 1303 γὰρ
881 1236 1040 1287 Λυδὸν
1079 1236 1157 1287 καὶ
1194 1236 1280 1288 τὸν
1318 1236 1500 1289 Μυσὸν
1534 1236 1745 1304 λέγουσι
1782 1238 1908 1291 εἶναι

231 1320 396 1387 Καρὸς
425 1320 720 1388 ἀδελφεούς.
801 1320 1024 1372 τούτοισι
1052 1323 1143 1386 μὲν
1174 1320 1231 1385 δὴ
1262 1320 1482 1386 μέτεστι,
1515 1322 1628 1373 ὅσοι
1659 1325 1711 1374 δὲ
1742 1323 1908 1377 ἐόντες

231 1404 389 1457 ἄλλου
419 1405 586 1458 ἔθνεος
617 1406 945 1471 ὁμόγλωσσοι
974 1410 1108 1457 τοῖσι
1134 1405 1297 1471 Καρσὶ
1329 1404 1576 1472 ἐγένοντο,
1603 1406 1823 1459 τούτοισι
1854 1410 1906 1459 δὲ

161 1512 206 1553 15
233 1488 289 1540 οὐ
315 1488 457 1555 μέτα.
534 1492 580 1541 οἱ
611 1491 664 1541 δὲ
698 1489 904 1540 Καύνιοι
934 1489 1235 1557 αὐτόχθονες
1266 1488 1454 1542 δοκέειν
1485 1491 1598 1555 ἐμοί
1625 1492 1741 1550 εἶσι,
1769 1491 1906 1544 αὐτοὶ
1944 1503 2033 1555 172

232 1573 402 1639 μέντοι
433 1575 485 1624 ἐκ
512 1571 706 1640 Κρήτης
733 1573 861 1641 φασὶ
893 1573 1034 1625 εἶναι.
1103 1572 1555 1643 προσκεχωρήκασι
1586 1577 1638 1626 δὲ
1662 1579 1907 1641 γλῶσσαν

232 1661 325 1724 μὲν
362 1657 482 1725 πρὸς
518 1657 576 1709 τὸ
611 1656 830 1724 Καρικὸν
867 1657 1024 1716 ἔθνος,
1063 1653 1093 1721 ἢ
1130 1660 1175 1710 οἱ
1213 1661 1374 1725 Κᾶρες
1409 1658 1532 1725 πρὸς
1570 1658 1626 1710 τὸ
1661 1661 1907 1712 Καυνικόν

232 1741 394 1806 (τοῦτο
419 1745 513 1810 γὰρ
538 1743 624 1794 οὐκ
649 1742 749 1810 ἔχω
784 1741 1026 1808 ἀτρεκέως
1050 1740 1324 1808 διακρῖναι),
1353 1743 1550 1808 νόμοισι
1582 1746 1633 1795 δὲ
1662 1742 1907 1811 χρέωνται

111 1883 129 1893 ,
234 1825 653 1895 κεχωρισμένοισι
682 1826 876 1879 πολλὸν
902 1831 1000 1878 τῶν
1024 1848 1077 1878 τε
1109 1826 1280 1878 ἄλλων
1304 1827 1576 1893 ἀνθρώπων
1609 1827 1687 1878 καὶ
1713 1831 1905 1895 Καρῶν·
2082 1863 2084 1866 -

0 1923 84 1973 24«
183 1884 240 1962 (ξς
233 1915 367 1967 τοῖσι
386 1912 481 1978 γὰρ
506 1909 780 1962 κάλλιστόν
806 1913 914 1962 ἐστι
941 1910 1045 1962 κατ’
1064 1911 1262 1975 ἡλικίην
1285 1932 1338 1962 τε
1364 1911 1442 1962 καὶ
1465 1912 1713 1984 φιλότητα
1738 1875 2098 2035 &016va

0 1981 194 2018 '‘tw“
236 1996 566 2063 συγγίνεσθαι
606 1997 657 2048 ἐς
695 1996 861 2054 πόσιν,
905 1994 985 2046 καὶ
1025 1993 1235 2062 ἀνδράσι
1283 1995 1361 2046 καὶ
1398 1994 1595 2062 γυναιξὶ
1633 1996 1711 2047 καὶ
1747 1999 1907 2049 παισί.

236 2078 530 2147 ἱδρυθέντων
553 2078 608 2131 δέ
638 2084 733 2145 σφι
768 2082 885 2145 ἱρῶν
918 2076 1142 2143 ξεινικῶν
1171 2077 1451 2144 μετέπειτα,
1478 2080 1543 2133 ὥς
1574 2085 1671 2146 σφι
1701 2079 1910 2150 ἀπέδοξε
1946 2104 1971 2135 2

233 2161 393 2228 (ἔδοξε
429 2166 482 2215 δὲ
517 2168 650 2215 τοῖσι
689 2165 940 2229 πατρίοισι
978 2168 1161 2228 μοῦνον
1198 2167 1416 2230 χρᾶσθαι
1455 2159 1648 2227 θεοῖσι),
1688 2164 1912 2219 ἐνδύντες

235 2250 296 2299 τὰ
326 2249 461 2300 ὅπλα
491 2247 704 2301 ἅπαντες
728 2247 932 2299 Καύνιοι
957 2248 1164 2316 ἡβ-ῃδόν,
1193 2248 1457 2302 τύπτοντες
1482 2249 1658 2315 δόρασι
1680 2248 1767 2300 τὸν
1791 2245 2098 2315 hemah-bd*

162 2353 210 2393 25
234 2331 383 2401 μέχρι
413 2332 570 2399 οὔρων
600 2337 699 2384 τῶν
725 2335 1046 2383 Καλυνδικῶν
1071 2333 1269 2384 εἵποντο
1302 2333 1381 2384 καὶ
1412 2331 1612 2399 ἔφασαν
1636 2331 1911 2398 ἐκβάλλειν

235 2416 349 2471 τοὺς
392 2415 633 2481 ξεινικοὺς
678 2417 833 2470 θεούς.
926 2416 1005 2468 καὶ
1050 2416 1185 2469 οὗτοι
1235 2419 1326 2482 μὲν
1370 2417 1600 2483 τρόποισι
1643 2417 1911 2468 τοιούτοισι
1947 2430 2034 2481 173

236 2500 496 2570 χρέωνται,
519 2503 564 2553 οἱ
589 2503 642 2553 δὲ
655 2501 839 2583 ’Λύκιοι
865 2502 918 2552 ἐκ
941 2499 1136 2567 Κρήτης
1159 2500 1406 2569 τώρχαῖον
1430 2501 1672 2568 γεγόνασι
1689 2499 1797 2566 (τὴν
1816 2503 1910 2568 γὰρ

239 2583 438 2652 Κρήτην
469 2587 608 2654 εἶχον
637 2578 694 2637 τὸ
725 2584 939 2638 παλαιὸν
970 2589 1142 2637 πᾶσαν
1171 2583 1457 2652 βάρβαροι).
1537 2584 1910 2654 διενε-ιχθέντων
1946 2586 2098 2639 ρῑωΰῑ

237 2671 290 2721 δὲ
342 2670 395 2722 ἐν
443 2668 610 2742 Κρήτῃ
659 2670 771 2736 περὶ
817 2673 905 2734 τῆς
955 2670 1231 2734 βασιληίης
1282 2673 1380 2720 τῶν
1429 2668 1668 2735 Εὐρώπης
1718 2647 2098 2741 παίδωννιω

163 2773 213 2813 30
237 2754 555 2820 Σαρπηδόνος
591 2775 645 2806 τε
683 2755 761 2806 καὶ
794 2755 956 2812 Μίνω,
990 2753 1054 2807 ὡς
1091 2751 1398 2819 ἐπεκράτησε
1432 2759 1492 2824 τῇ
1531 2751 1685 2804 στάσι
1716 2753 1905 2811 Μίνως,

238 2835 458 2902 ἐξήλασε
487 2838 637 2890 αὐτόν
666 2859 720 2890 τε
752 2837 1048 2905 Σαρπηδόνα
1087 2838 1165 2889 καὶ
1195 2836 1308 2890 τοὺς
1339 2837 1622 2890 στασιώτας
1652 2836 1814 2888 αὐτοῦ·
1862 2838 1906 2888 οἱ

292 2990 317 3016 2
347 2957 536 3031 χρέεσθαι
560 2977 594 3016 L
729 2989 756 3026 9
785 2975 949 3027 ὀνόματι
969 2974 1008 3014 Α
1023 2975 1057 3014 Β
1229 2988 1276 3014 12
1306 2978 1414 3016 τοῖσι
1435 2988 1517 3014 om.
1540 2973 1594 3013 Λ1
1746 2987 1800 3014 20
1827 2975 1908 3028 γὰρ

237 3031 320 3072 del.
343 3032 463 3072 Stein
577 3032 716 3073 ἰλαδὸν
738 3031 772 3069 Ρ
790 3045 799 3070 :
831 3032 993 3072 εἰλαδὸν
1013 3030 1050 3068 Α
1067 3029 1101 3070 Β
1117 3029 1150 3070 C
1328 3042 1380 3079 23
1413 3033 1522 3082 ἔδοξε
1543 3029 1587 3072 δὲ
1607 3043 1688 3070 om.
1715 3029 1748 3069 C
1862 3028 1907 3071 δὲ

238 3086 398 3128 Aldus:
428 3087 478 3138 δὴ
499 3086 534 3126 L
698 3099 751 3135 24
781 3085 943 3139 δούρασι
967 3085 1000 3124 Ρ
1165 3097 1220 3135 3ο
1250 3085 1394 3127 στάσει
1418 3085 1451 3125 L
