2098 3320
129 88 217 145 IV·
238 102 305 152 42

241 318 309 368 43

0 370 315 415 mannan-unum

14 434 247 467 vtem<

286 746 313 778 2

974 92 1397 140 HPOAOTOT

346 219 400 272 δέ
434 216 534 287 [δη]
565 241 676 290 τεῳ,
712 220 776 274 ὡς
812 220 1164 288 περιπλέοντες
1200 222 1290 286 τὴν
1325 222 1521 287 Λιβύην
1552 221 1640 274 τὸν
1674 223 1818 287 ἥλιον
1850 222 2008 291 ἔσχον

347 306 398 359 ἐς
429 306 490 356 τὰ
527 303 682 369 δεξιά.
756 306 880 356 οὕτω
916 308 1008 371 μὲν
1044 306 1164 371 αὕτη
1204 307 1432 373 ἐγνώσθη
1468 306 1525 358 τὸ
1561 311 1770 373 πρῶτον,
1801 309 1924 373 μετὰ
1954 310 2007 359 δὲ

345 390 688 458 Καρχηδόνιοι
707 391 807 441 εἶσι
830 391 876 441 οἱ
905 388 1155 456 λέγοντες,
1191 392 1299 464 ἐπεὶ
1329 389 1599 455 Σατάσπης
1622 412 1680 458 γε
1705 393 1731 441 ὁ
1752 389 2008 446 Τεάσπιος

346 473 469 540 ἀνὴρ
509 473 861 542 Ἀχαιμενίδης
896 475 952 526 οὗ
986 473 1303 541 περιέπλωσε
1341 475 1556 540 Λιβύην,
1594 474 1672 527 ἐπ’
1709 475 1826 527 αὐτὸ
1864 481 2022 528 τοῦτο·

347 559 609 626 πεμφθείς,
657 558 791 609 ἀλλὰ
835 559 1005 611 δείσας
1051 559 1111 609 τό
1156 579 1211 611 τε
1254 562 1409 624 μῆκος
1455 564 1542 610 τοῦ
1586 560 1746 611 πλόου
1794 559 1873 611 καὶ
1919 559 2009 624 τὴν
2032 584 2054 624 5

347 643 551 709 ἐρημίην
598 643 794 707 ἀπῆλθε
838 643 1019 702 ὀπίσω,
1063 642 1164 694 οὐδ’
1207 642 1479 696 ἐπετέλεσε
1521 642 1608 696 τὸν
1653 641 1862 709 ἐπέταξέ
1895 646 1942 696 οἱ
1977 644 2008 709 ἡ

345 725 506 793 μήτηρ
556 725 755 778 ἄεθλον.
788 753 793 759 ·
831 725 1076 794 θυγατέρα
1125 729 1221 794 γὰρ
1281 728 1519 795 Ζωπύρου
1569 732 1655 779 τοῦ
1689 728 2009 796 ’Μεγαβύζου

347 809 593 877 ἐβιήσατο
637 809 899 878 παρθένον·
961 812 1132 864 ἔπειτα
1171 811 1447 877 μέλλοντος
1486 809 1670 879 [αὐτοῦ]
1708 814 1788 864 διὰ
1825 812 2008 877 ταύτην

1243 896 1257 915 X
1298 900 1337 914 Π
1359 896 1371 915 Ι

346 895 436 961 τὴν
462 897 622 960 αἰτίην
654 896 1138 948 ἀνασκολοπιεῖσθαι
1167 898 1263 949 ὑπο
1296 896 1496 964 εερξεω
1527 895 1819 963 βασιλέος“
1795 919 1826 962 η
1849 894 2009 964 μήτηρ

346 984 433 1032 τοῦ
464 979 759 1034 Σατάσπεος
790 982 940 1032 ἐοῦσα
973 982 1188 1048 Δαρείου
1219 981 1441 1049 ἀδελφεὴ
1472 979 1829 1048 παραιτήσατο,
1863 980 2009 1050 φᾶσά

292 1083 318 1129 3
348 1067 393 1117 οἱ
425 1063 546 1129 αὐτὴ
577 1063 706 1130 μέζω
741 1065 914 1130 ζημίην
938 1063 1198 1130 ἐπιθήσειν
1229 1064 1260 1130 ἥ
1290 1087 1382 1132 περ
1415 1067 1619 1118 ἐκεῖνον.
1694 1065 1891 1131 Λιβύην
1912 1064 2008 1134 γάρ

284 1509 312 1552 4

348 1151 394 1201 οἱ
425 1147 646 1216 ἀνάγκην
677 1149 886 1201 ἔσεσθαι
918 1148 1220 1216 περιπλέειν,
1246 1151 1298 1204 ἐς
1329 1149 1355 1201 ὃ
1379 1149 1441 1202 ἂν
1465 1151 1697 1215 ἀπίκηται
1726 1148 2008 1217 περιπλέων

347 1233 500 1298 αὐτὴν
532 1234 582 1287 ἐς
611 1233 698 1285 τὸν
727 1232 974 1300 Ἀράβιον
1006 1234 1208 1286 κόλπον.
1285 1233 1706 1303 συγχωρήσαντος
1728 1236 1781 1286 δὲ
1807 1233 2008 1302 Ξέρξεω

346 1318 428 1370 ἐπὶ
456 1317 678 1370 τούτοισι
709 1318 735 1368 ὁ
766 1316 1038 1383 Σατάσπης
1061 1319 1357 1385 ἀπικόμενος
1380 1321 1431 1373 ἐς
1455 1321 1705 1386 Αἴγυπτον
1730 1319 1808 1370 καὶ
1829 1319 2011 1384 λαβὼν

346 1402 434 1457 νέα
455 1424 510 1455 τε
534 1403 613 1454 καὶ
636 1403 817 1457 ναύτας
846 1404 978 1469 παρὰ
1007 1403 1194 1456 τούτων
1219 1403 1368 1456 ἔπλεε
1392 1404 1472 1456 ἐπὶ
1495 1401 1777 1470 Ἡρακλέας
1799 1401 2006 1468 στήλας·

347 1487 661 1541 διεκπλώσας
701 1489 754 1539 δὲ
796 1487 875 1539 καὶ
915 1486 1119 1554 κάμψας
1154 1487 1210 1540 τὸ
1246 1487 1549 1555 ἀκρωτήριον
1585 1491 1672 1552 τῆς
1707 1488 1901 1553 Λιβύης
1939 1492 2008 1558 τῷ

347 1572 534 1637 οὕνομα
574 1571 784 1625 Σολόεις
823 1572 951 1631 ἐστι’,
983 1571 1136 1625 ἔπλεε
1173 1572 1294 1639 πρὸς
1330 1574 1668 1640 μεσαμβρίην,
1702 1570 1926 1639 περήσας
1954 1573 2008 1624 δὲ

295 1683 298 1686 Δ
348 1655 618 1708 θάλασσαν
660 1654 860 1720 πολλὴν
901 1658 954 1708 ἐν
992 1661 1236 1708 πολλοῖσι
1274 1659 1415 1723 μησί,
1459 1658 1623 1709 ἐπείτε
1666 1662 1753 1708 τοῦ
1795 1661 2008 1710 πλεῦνος

289 1761 311 1808 5

348 1741 444 1793 αἰεὶ
474 1740 596 1800 ἔδεε,
632 1739 960 1808 ἀποστρέψας
991 1741 1153 1793 ὀπίσω
1190 1740 1464 1794 ἀπέπλεε’
1443 1762 1493 1795 ες
1528 1743 1797 1809 Αἴγυπτον.
1870 1742 1924 1792 ἐκ
1954 1742 2008 1792 δὲ

346 1825 526 1890 ταύτης
577 1825 874 1890 ἀπικόμενος
925 1827 1057 1891 παρὰ
1100 1824 1325 1891 βασιλέα
1378 1824 1571 1893 Ξέρξεα
1614 1825 1758 1893 ἔλεγε
1802 1827 1904 1892 φὰς
1947 1826 2008 1876 τὰ

348 1908 656 1977 προσωτάτω
677 1909 963 1976 ἀνθρώπους
983 1910 1219 1976 σμικροὺς
1239 1908 1544 1976 παραπλέειν
1564 1911 1737 1974 ἐσθῆτι
1755 1908 2007 1980 φοινικηίῃ

348 1992 756 2062 διαχρεωμένους,
784 1993 830 2045 οἳ
860 1994 986 2048 ὅκως
1018 1999 1168 2061 σφεῖς
1199 1996 1494 2062 καταγοίατο
1525 2002 1586 2068 τῇ
1615 1995 1695 2059 νηὶ
1725 1994 2009 2062 φεύγεσκον

349 2077 472 2146 πρὸς
506 2079 567 2130 τὰ
598 2080 715 2146 ὄρεα
751 2081 1135 2133 καταλείποντες
1169 2081 1257 2132 τὰς
1291 2080 1486 2133 πόλιας·
1534 2079 1670 2131 αὐτοὶ
1696 2081 1760 2153 ,δὲ
1796 2076 2009 2130 ἀδικέειν

349 2163 492 2215 οὐδὲν
537 2163 775 2222 ἐσιόντες,
809 2163 1042 2229 πρόβατα
1085 2165 1139 2215 δὲ
1181 2158 1337 2230 μοῦνα
1381 2162 1441 2228 ἐξ
1479 2162 1667 2215 αὐτέων
1709 2161 2007 2228 λαμβάνειν.

291 2257 319 2301 6
348 2252 434 2300 τοῦ
457 2249 510 2300 δὲ
538 2246 605 2313 μὴ
635 2251 951 2315 περιπλῶσαι
981 2246 1178 2313 Λιβύην
1203 2247 1486 2302 παντελέως
1516 2250 1673 2300 αἴτιον
1702 2248 1814 2299 τόδε
1845 2247 2006 2313 ἔλεγε,

407 2398 425 2425 1
458 2386 508 2435 δή
529 2398 609 2426 om.
634 2384 720 2424 PR
738 2385 819 2425 SV
946 2388 1242 2439 περιπλώοντες
1265 2387 1298 2425 L
1322 2386 1457 2439 (-πλό-
1480 2387 1532 2438 C)
1664 2389 1741 2437 τὴν
1768 2399 1849 2427 om.
1872 2386 1911 2425 R
1927 2384 2010 2425 SV

347 2453 375 2492 3
407 2441 471 2483 ἐπὶ
493 2440 533 2479 R
700 2439 894 2488 Σατάσπη
917 2439 950 2478 C
1115 2441 1333 2483 Τεάσπειος
1355 2441 1394 2481 R
1410 2442 1439 2482 S
1453 2443 1492 2481 V
1683 2444 1710 2481 6
1741 2440 1893 2483 ἐπιτέλ.
1917 2439 1957 2478 R
1971 2439 2010 2478 V

347 2497 375 2534 8
403 2500 517 2549 παρθ.
540 2494 736 2544 ἐβιάσατο
760 2494 798 2532 R
815 2494 844 2533 S
859 2495 898 2533 V
1009 2498 1131 2536 αὐτοῦ
1152 2508 1233 2536 om.
1257 2496 1289 2534 C
1418 2510 1468 2536 10
1497 2496 1780 2540 Σατανάσπεος
1795 2496 1834 2535 V
1852 2497 1916 2545 (it.
1930 2495 2009 2534 sub

349 2553 421 2594 fin.
439 2550 555 2601 cap.)
659 2549 760 2591 οὖσα
779 2549 819 2588 Α
834 2550 868 2587 Β
883 2549 917 2589 C
1025 2550 1346 2603 παρη(ι)τήσατο
1362 2550 1401 2589 Α
1416 2552 1450 2590 Β
1466 2551 1500 2590 C
1515 2552 1548 2590 P
1561 2552 1590 2591 S
1711 2564 1760 2590 12
1788 2551 1959 2591 -πλῶειν
1973 2549 2008 2588 L

349 2606 486 2658 (·πλό-
508 2605 562 2656 C)
703 2605 894 2657 ἀφίκηται
915 2603 954 2643 Α
969 2604 1003 2642 Β
1021 2604 1054 2643 C
1229 2617 1278 2655 15
1310 2606 1456 2647 ἔπλεεν
1477 2606 1516 2644 R
1648 2606 1734 2657 ἐπὶ]
1755 2606 1846 2658 παρ’
1867 2604 1906 2643 Α
1923 2604 1958 2643 Β
1974 2603 2007 2643 C

354 2674 399 2710 17
430 2660 688 2713 μεσημβρίην
707 2659 746 2698 Α
760 2659 795 2697 Β
925 2660 1081 2712 πρήσας
1102 2660 1135 2699 C
1324 2663 1372 2700 18
1400 2660 1568 2711 μήνεσιν
1591 2661 1675 2707 RS
1690 2661 1725 2699 V
1835 2658 2008 2700 πλέονος

349 2717 388 2755 A
404 2715 438 2754 B
599 2728 653 2754 20
683 2713 831 2768 Ξέρξην
850 2713 891 2752 Α
906 2714 939 2752 Β
956 2714 989 2752 C
1104 2723 1231 2766 σφεας
1254 2715 1292 2753 R
1309 2715 1338 2754 S
1357 2715 1392 2753 V
1536 2728 1584 2754 21
1618 2716 1859 2769 προσώτατα
1880 2714 1910 2754 S
1928 2711 2007 2766 [V]

347 2771 509 2823 μικροὺς
532 2770 566 2809 L
783 2782 837 2808 22
866 2767 1117 2822 χρεωμένους
1139 2769 1178 2807 R
1201 2770 1231 2809 S
1251 2770 1316 2809 V:
1346 2787 1486 2824 χμ.ρεο
1511 2770 1545 2809 Ρ
1709 2782 1760 2821 23
1789 2768 2002 2811 καταλείπ.

351 2825 650 2866 Herwerden:
689 2823 986 2866 καταλιπόντες
1017 2823 1050 2863 Ρ
1066 2824 1104 2863 R
1120 2824 1150 2864 S
1163 2823 1222 2865 V:
1263 2825 1475 2868 λείποντες
1502 2824 1541 2865 Α
1555 2825 1638 2865 BC
1801 2823 1920 2866 πόλις
1939 2822 1980 2862 Α
1997 2836 2008 2863 2

2037 1007 2084 1037 10

2035 1428 2081 1469 15

2034 1849 2084 1878 20

2033 2268 2082 2308 25

347 2881 489 2923 πόλεις
510 2880 545 2920 Β
560 2880 593 2920 C
813 2892 864 2928 24
894 2879 1077 2921 σίνοντες
1095 2878 1136 2918 Α
1150 2878 1184 2917 Β
1199 2879 1233 2918 C
1384 2882 1521 2932 βρωτὰ
1541 2879 1581 2918 A
1595 2879 1630 2919 B
1647 2879 1679 2919 C
1696 2879 1730 2920 P
1877 2879 2009 2921 αὐτῶν
2052 2909 2061 2914 -

347 2937 385 2975 A
400 2936 434 2976 Β
449 2937 482 2976 C
666 2946 719 2985 25
748 2938 957 2976 παντελῶς
979 2934 1013 2972 L
1144 2934 1314 2989 ἐλέγετο
1334 2935 1373 2974 Α
1387 2935 1421 2975 Β
1437 2935 1470 2975 C
1485 2935 1537 2974 Ρο
