2098 3320
838 51 1218 102 ΙΣΤΟΡΙΩΝ
1278 53 1318 102 Β

1958 54 2022 106 ΙΙ.
2051 69 2096 106 11

254 187 378 238 κατὰ
417 188 570 237 ταῦτα
612 186 666 237 δὲ
710 185 772 235 τὰ
815 183 938 236 ἔπεα
979 184 1059 235 καὶ
1095 184 1208 236 τόδε
1248 179 1323 249 [τὸ
1362 179 1566 253 χωρίον]
1606 183 1694 237 οὐκ
1738 183 1919 249 ἥκιστα
1955 198 2033 249 117

254 271 389 323 ἀλλὰ
418 269 642 336 μάλιστα
670 271 819 334 δηλοῖ
851 269 927 320 ὅτι
963 268 1051 320 οὐκ
1085 266 1307 335 Ὁμήρου
1335 269 1397 319 τὰ
1428 268 1624 335 Κύπρια
1655 267 1778 321 ἔπεά
1808 269 1920 320 ἐστι

177 366 182 371 ’
253 353 371 407 ἀλλ’
401 353 560 406 ἄλλου
596 353 744 406 τινός·
793 354 847 405 ἐν
882 355 973 418 μὲν
1015 355 1111 420 γὰρ
1151 357 1286 405 τοῖσι
1319 354 1587 419 Κυπρίοισι
1626 355 1815 420 εἴρηται
1852 353 1918 407 ὡς

253 443 468 507 τριταῖος
499 439 552 490 ἐκ
583 436 811 504 Σπάρτης
834 435 1167 504 Ἀλέξανδρος
1191 438 1396 490 ἀπίκετο
1427 438 1478 492 ἐς
1508 437 1565 489 τὸ
1589 435 1751 490 Ἴλιον
1782 436 1919 505 ἄγων

205 548 229 590 5
252 522 484 588 Ἑλένην,
518 521 652 574 εὐαέι·
684 544 740 574 τε
774 521 1018 587 πνεύματι
1052 520 1371 590 χρησάμενος
1405 522 1484 574 καὶ
1517 521 1756 594 θαλάσσῃ
1786 522 1917 594 λείῃ·

180 621 186 625 ’
253 609 309 660 ἐν
355 610 409 660 δὲ
454 599 631 659 Ἰλιάδι
676 606 818 674 λέγει
863 606 928 660 ὡς
973 606 1216 670 ἐπλάζετο
1260 605 1397 674 ἄγων
1441 604 1610 672 αὐτήν.
1690 605 1919 674 ’Όμηρος

251 691 344 758 μέν
375 712 463 745 νυν
494 692 572 743 καὶ
602 693 663 743 τὰ
695 691 891 759 Κύπρια
922 691 1045 744 ἔπεα
1076 690 1307 761 χαιρέτω.

339 775 613 845 Εἶρομένου
649 773 703 828 δέ
738 797 828 842 μευ
865 776 979 829 τοὺς
1017 775 1150 842 ἱρέας
1186 778 1228 828 εἰ
1263 775 1474 842 μάταιον
1513 777 1669 844 λόγον
1710 774 1921 844 λέγουσι

254 864 301 915 οἱ
335 859 590 926 ”Ελληνες
635 862 698 912 τὰ
740 861 853 928 περὶ
889 859 1053 913 Ἴλιον
1092 859 1331 928 γενέσθαι
1371 857 1401 925 ἢ
1439 861 1511 920 οὔ,
1555 860 1759 928 ἔφασαν
1799 865 1922 928 πρὸς

182 967 232 998 10
253 950 408 998 ταῦτα
436 945 570 1006 τάδε,
597 946 848 1018 ἱστορίῃσι
878 944 1094 1013 φάμενοι
1125 944 1310 998 εἰδέναι
1333 945 1448 1013 παρ’
1480 945 1629 998 αὐτοῦ
1659 945 1919 999 Μενέλεω·

255 1033 423 1084 ἐλθεῖν
451 1033 543 1096 μὲν
573 1032 668 1098 γὰρ
698 1032 823 1097 μετὰ
852 1030 943 1094 τὴν
973 1029 1184 1095 Ἑλένης
1214 1029 1445 1098 ἁρπαγὴν
1477 1032 1528 1084 ἐς
1558 1030 1648 1095 τὴν
1677 1031 1923 1098 Τευκρίδα

256 1119 350 1184 γῆν
406 1113 673 1180 Ἑλλήνων
739 1114 978 1182 στρατιὴν
1041 1114 1240 1179 πολλὴν
1304 1118 1595 1181 βοηθεῦσαν
1658 1113 1919 1185 Μενέλεῳ,

255 1202 486 1267 ἐκβᾶσαν
525 1202 579 1252 δὲ
618 1202 669 1254 ἐς
708 1203 804 1267 γῆν
851 1200 929 1252 καὶ
971 1201 1255 1267 ἱδρυθεῖσαν
1295 1199 1387 1264 τὴν
1428 1199 1670 1267 στρατιὴν
1706 1195 1922 1265 πέμπειν

254 1287 306 1339 ἐς
328 1284 386 1338 τὸ
402 1283 564 1337 Ἴλιον
587 1283 849 1352 ἀγγέλους,
879 1283 973 1336 σὺν
996 1283 1051 1336 δέ
1074 1290 1172 1352 σφι
1193 1277 1317 1337 ἰέναι
1344 1284 1423 1336 καὶ
1447 1283 1597 1336 αὐτὸν
1630 1282 1919 1337 Μενέλεων.

185 1395 231 1438 15
255 1369 368 1424 τοὺς
405 1369 448 1421 δ’
488 1369 652 1422 ἐπείτε
687 1371 918 1422 ἐσελθεῖν
948 1371 1000 1424 ἐς
1030 1368 1088 1420 τὸ
1118 1374 1301 1437 τεῖχος,
1331 1367 1587 1421 ἀπαιτέειν
1616 1367 1830 1434 Ἑλένην
1866 1390 1922 1422 τε

256 1455 337 1507 καὶ
381 1454 443 1505 τὰ
485 1451 715 1522 χρήματα
758 1452 819 1505 τά
867 1456 914 1506 οἱ
966 1455 1134 1522 οἴχετο
1183 1453 1379 1522 κλέψας
1427 1451 1774 1521 Ἀλέξανδρος,
1821 1458 1923 1506 τῶν

255 1560 310 1591 τε
346 1537 657 1604 ἀδικημάτων
697 1540 835 1592 δίκας
871 1537 1072 1590 αἰτέειν·
1119 1537 1232 1592 τοὺς
1272 1541 1327 1590 δὲ
1360 1538 1607 1605 Τευκροὺς
1642 1537 1731 1590 τὸν
1771 1537 1923 1590 αὐτὸν

256 1622 413 1690 λόγον
435 1622 607 1689 λέγειν
634 1623 749 1676 τότε
779 1623 859 1674 καὶ
888 1621 1169 1688 μετέπειτα,
1200 1624 1278 1675 καὶ
1302 1621 1545 1688 ὀμνύντας
1577 1623 1656 1675 καὶ
1688 1623 1921 1689 ἀνωμοτί,

255 1706 322 1773 μὴ
353 1709 445 1773 μὲν
475 1706 611 1774 ἔχειν
640 1706 856 1772 Ἑλένην
885 1709 1009 1774 μηδὲ
1038 1709 1099 1759 τὰ
1129 1707 1495 1772 ἐπικαλεύμενα
1525 1705 1772 1775 χρήματα,
1806 1705 1923 1759 ἀλλ’

184 1817 236 1852 ‚20
258 1791 382 1845 εἶναι
423 1790 546 1843 αὐτὰ
586 1790 749 1844 πάντα
794 1793 848 1844 ἐν
888 1791 1141 1861 Αἰγύπτῳ,
1184 1791 1262 1844 καὶ
1307 1791 1394 1843 οὐκ
1438 1790 1500 1844 ἂν
1540 1793 1740 1845 δικαίως
1783 1791 1925 1845 αὐτοὶ

256 1876 393 1946 δίκας
437 1874 659 1945 ὑπέχειν,
709 1876 741 1928 ἃ
789 1875 1024 1943 Πρωτεὺς
1073 1877 1099 1926 ὁ
1147 1876 1417 1943 Αἰγύπτιος
1464 1871 1749 1942 [βασιλεὺς]
1798 1877 1924 1944 ἔχει.

255 1962 302 2013 οἱ
349 1963 402 2014 δὲ
440 1959 698 2026 ’Έλληνες
746 1963 1118 2028 καταγελᾶσθαι
1165 1959 1422 2015 δοκέοντες
1465 1959 1545 2012 ὑπ’
1590 1960 1750 2013 αὐτῶν
1798 1961 1924 2012 οὕτω

256 2044 316 2110 δὴ
347 2045 686 2113 ἐπολιόρκεον,
721 2047 772 2099 ἐς
808 2044 834 2096 ὃ
871 2043 1082 2110 ἐξεῖλον·
1132 2048 1308 2097 ἑλοῦσι
1344 2047 1397 2098 δὲ
1437 2043 1494 2096 τὸ
1534 2050 1702 2113 τεῖχος
1741 2044 1806 2100 ὡς
1837 2044 1924 2098 οὐκ

258 2131 491 2198 ἐφαίνετο
535 2129 565 2194 ἡ
613 2128 812 2194 Ἑλένη,
865 2130 1000 2182 ἀλλὰ
1046 2133 1132 2182 τὸν
1183 2129 1333 2182 αὐτὸν
1379 2129 1536 2196 λόγον
1582 2135 1649 2200 τῷ
1699 2128 1924 2199 προτέρῳ

183 2236 231 2280 25
257 2213 603 2274 ἐπυνθάνοντο,
651 2215 777 2266 οὕτω
823 2213 881 2278 δὴ
926 2213 1292 2268 πιστεύσαντες
1337 2219 1405 2284 τῷ
1451 2215 1588 2284 λόγῳ
1634 2219 1701 2285 τῷ
1747 2214 1924 2284 πρώτῳ

256 2301 303 2351 οἱ
325 2297 579 2364 ’Έλληνες
617 2297 765 2351 αὐτὸν
803 2298 1075 2352 Μενέλεων
1113 2297 1492 2352 ἀποστέλλουσι
1528 2300 1661 2366 παρὰ
1693 2297 1923 2366 Πρωτέα.

257 2383 554 2449 ἀπικόμενος
584 2385 637 2436 δὲ
668 2384 694 2434 ὁ
725 2382 995 2437 Μενέλεως
1019 2385 1070 2437 ἐς
1100 2382 1191 2448 τὴν
1222 2384 1476 2452 Αἴγυπτον
1508 2383 1587 2435 καὶ
1617 2383 1924 2438 ἀναπλώσας

257 2469 309 2522 ἐς
347 2466 440 2533 τὴν
476 2466 705 2536 Μέμφιν,
749 2470 891 2521 ε’ίπας
926 2466 1016 2532 τὴν
1058 2469 1298 2536 ἀληθείην
1338 2472 1438 2520 τῶν
1478 2466 1798 2536 πρηγμάτων,
1844 2467 1924 2519 καὶ

255 2550 450 2617 ξεινίων
467 2551 654 2618 ἤντησε
674 2551 910 2620 μεγάλων
934 2552 1015 2604 καὶ
1037 2551 1252 2617 Ἑλένην
1273 2551 1469 2604 ἀπαθέα
1487 2557 1648 2604 κακῶν
1673 2551 1920 2618 ἀπέλαβε,

315 2704 332 2731 1
364 2692 414 2732 τὸ
433 2690 584 2745 χωρίον
603 2690 684 2730 del.
708 2689 977 2730 Valckenaer
1141 2702 1167 2728 2
1198 2689 1296 2731 ἔπεσί
1315 2701 1396 2729 om.
1424 2689 1506 2730 SV
1658 2703 1683 2739 4
1714 2692 1755 2732 ἐς
1776 2701 1856 2730 om.
1883 2689 1924 2729 R

256 2757 282 2795 5
320 2763 366 2787 τε
396 2759 478 2786 om.
511 2745 649 2785 ABC
834 2747 862 2784 6
900 2746 1026 2794 αὐτὴν
1055 2744 1166 2796 ἄγων
1196 2744 1287 2784 RV
1477 2757 1523 2784 11
1564 2743 1638 2795 μὲν
1666 2756 1748 2783 om.
1781 2744 1924 2784 ABC

260 2814 309 2840 12
337 2800 437 2854 γῆν]
467 2802 545 2850 τὴν
563 2800 750 2840 ABCP
974 2811 1022 2849 13
1051 2798 1199 2851 πέμπει
1227 2799 1318 2838 RV
1544 2812 1592 2850 15
1622 2800 1656 2841 δ’
1677 2812 1760 2839 om.
1786 2798 1926 2840 RSV

261 2858 311 2896 16
348 2858 386 2897 οἱ
413 2869 494 2895 om.
530 2855 614 2895 PR
631 2856 711 2896 SV
888 2867 936 2893 21
982 2854 1027 2906 a]
1058 2858 1140 2895 τῶν
1172 2855 1328 2894 struve
1442 2855 1639 2903 βασιλεὺς
1669 2854 1751 2894 del.
1786 2855 1924 2895 Cobet

257 2923 309 2961 24
341 2909 631 2961 {ymmABC

1958 779 2041 829 118

1962 2400 2046 2449 119
