2098 3320
55 73 149 122 111.
176 85 241 135 72

176 1486 239 1536 73

899 73 1327 124 HPOAOTOT

279 204 462 255 ἐόντων
492 207 694 256 τοιῶνδε
725 203 882 258 οὐδεὶς
919 205 1057 257 ὅστις
1088 204 1144 255 οὐ
1179 203 1408 271 παρήσει,
1441 202 1501 254 τά
1536 203 1626 269 μέν
1660 225 1744 256 κου
1775 226 1938 257 καται-

280 289 512 352 δεόμενος
556 287 726 353 ἡμέας,
773 290 832 340 τὰ
877 288 931 340 δέ
977 310 1061 340 κου
1109 289 1186 341 καὶ
1231 289 1509 354 δειμαίνων·
1556 293 1698 340 τοῦτο
1742 291 1795 341 δὲ
1839 289 1940 358 ἔχω

280 372 423 425 αὐτὸς
457 375 650 439 σκῆψιν
682 373 1084 439 εὐπρεπεστάτην
1106 375 1164 444 τῇ
1198 373 1424 440 πάριμεν,
1451 374 1552 440 φὰς
1580 372 1691 440 ἄρτι
1719 394 1773 425 τε
1803 373 1940 438 ἥκειν

278 457 331 507 ἐκ
357 455 600 523 Περσέων
625 457 704 508 καὶ
727 458 1013 522 βούλεσθαί
1037 479 1085 509 τι
1108 457 1224 510 ἔπος
1254 459 1386 524 παρὰ
1409 462 1495 508 τοῦ
1518 460 1701 523 πατρὸς
1724 461 1939 523 σημῆναι

278 546 346 610 τῷ
384 541 610 606 βασιλέϊ.
701 541 820 593 ἔνθα
854 541 951 609 γάρ
985 564 1035 593 τι
1068 545 1146 594 δεῖ
1177 546 1362 609 ψεῦδος
1397 540 1653 609 λέγεσθαι,
1691 541 1937 609 λεγέσθω.
1967 565 1989 605 5

279 630 366 681 τοῦ
395 628 490 692 γὰρ
520 626 668 677 αὐτοῦ
691 627 973 694 γλιχόμεθα
997 627 1047 677 οἵ
1072 648 1127 678 τε
1149 626 1452 693 ψευδόμενοι
1478 626 1555 677 καὶ
1578 628 1625 678 οῖ
1647 627 1708 697 τῇ
1733 626 1941 700 ἀληθείῃ

279 710 648 777 διαχρεώμενοι.
737 713 783 762 οἱ
812 709 904 775 μέν
935 732 992 778 γε
1025 711 1294 777 ψεύδονται
1323 711 1437 762 τότε
1469 708 1619 762 ἐπεάν
1643 731 1691 761 τι
1711 709 1942 775 μέλλωσι

278 798 412 845 τοῖσι
442 795 654 861 ψεύδεσι
686 796 953 848 πείσαντες
984 793 1330 861 κερδήσεσθαι,
1365 797 1411 847 οἱ
1442 793 1484 846 δ’
1515 784 1832 859 ἀληθίζονται
1861 796 1942 847 ἵνα

278 899 324 929 τι
369 879 427 949 τῇ
472 879 679 950 ἀληθείῃ
725 879 1103 931 ἐπισπάσωνται
1149 878 1317 946 κέρδος
1363 881 1448 931 καί
1485 900 1559 933 τις
1601 880 1799 944 μᾶλλόν
1844 886 1942 947 σφι

278 962 617 1029 ἐπιτράπηται.
691 964 818 1014 οὕτω
841 964 897 1014 οὐ
919 963 1073 1015 ταύτὰ
1096 962 1363 1017 ἀσκέοντες
1385 963 1570 1015 τώυτοῦ
1594 963 1938 1031 περιεχόμεθα.
1969 984 2017 1013 ιο

278 1048 320 1098 εἰ
351 1049 403 1098 δὲ
431 1050 584 1112 μηδὲν
615 1046 945 1114 κερδήσεσθαι
975 1047 1227 1113 μέλλοιεν,
1261 1048 1440 1112 ὁμοίως
1475 1046 1537 1099 ἂν
1567 1049 1596 1097 ὅ
1622 1068 1676 1098 τε
1705 1048 1936 1112 ἀληθιζό-

277 1152 424 1196 μενος
467 1132 657 1199 ψευδὴς
702 1134 774 1196 εἵη
824 1133 902 1184 καὶ
940 1133 966 1182 ὁ
1002 1133 1309 1199 ψευδόμενος
1353 1130 1557 1196 ἀληθής.
1646 1130 1700 1185 ὃς
1743 1130 1805 1183 ἂν
1847 1130 1938 1197 μέν

278 1237 364 1267 νυν
393 1221 491 1268 τῶν
521 1221 781 1282 πυλουρῶν
817 1217 942 1268 ἑκὼν
982 1215 1313 1288 παρίῃ,-αὐτῷ
1345 1218 1391 1268 οἱ
1430 1215 1630 1281 ἄμεινον
1667 1217 1718 1272 ἐς
1753 1216 1937 1284 χρόνον

278 1301 435 1351 ἔσται·
482 1299 536 1353 ὃς
566 1300 609 1351 δ’
640 1299 701 1352 ἂν
732 1301 1042 1365 ἀντιβαίνειν
1073 1303 1315 1366 πειρᾶται,
1342 1299 1695 1357 διαδεικνύσθω
1727 1301 1938 1351 ἐνθαῦτα

278 1385 372 1436 ἐὼν
417 1383 669 1449 πολέμιος,
718 1386 798 1437 καὶ
844 1383 1015 1437 ἔπειτα
1058 1383 1455 1449 ὠσάμενοιέσω
1500 1384 1646 1451 ἔργου
1690 1384 1934 1451 ἐχώμεθα.
1969 1404 2013 1443 15

275 1468 414 1535 λέγει
437 1469 675 1535 Γωβρύης
696 1471 820 1534 μετὰ
837 1473 1006 1521 ταῦτα·
1045 1467 1255 1534 ’Άνδρες
1277 1469 1436 1535 φίλοι,
1458 1469 1573 1534 ἡμῖν
1593 1468 1704 1519 κότε
1729 1466 1936 1519 κάλλιον

274 1551 475 1618 παρέξει
506 1553 873 1605 ἀνασώσασθαι
903 1553 994 1617 τὴν
1022 1551 1199 1622 ἀρχήν,
1225 1548 1255 1616 ἢ
1281 1554 1403 1620 εἴγε
1431 1551 1498 1618 μὴ
1523 1553 1623 1603 οἶοί
1640 1572 1695 1604 τε
1718 1552 1937 1617 ἐσόμεθα

218 1648 222 1652 “
274 1636 427 1700 αὐτὴν
467 1638 763 1703 ἀναλαβεῖν,
799 1638 1089 1698 ἀποθανεῖν,·
1136 1638 1218 1689 ὅτε
1252 1658 1311 1703 γε
1351 1637 1605 1706 ἀρχόμεθα
1640 1638 1732 1701 μὲν
1770 1636 1936 1692 ἐόντες

212 1828 237 1860 2

212 2164 236 2207 3

276 1720 473 1787 Πέρσαι
501 1723 596 1773 ὑπὸ
629 1720 804 1786 Μήδου
840 1721 1016 1788 ἀνδρὸς
1050 1721 1211 1788 μάγου
1245 1717 1351 1787 [τε],
1394 1721 1472 1772 καὶ
1502 1721 1674 1772 τούτου
1709 1717 1811 1771 ὦτα
1848 1719 1935 1771 οὐκ

276 1805 493 1872 ἔχοντος.
582 1807 695 1857 ὅσοι
730 1827 783 1858 τε
823 1804 986 1871 ὑμέων
1026 1805 1280 1876 Καμβύσῃ
1318 1804 1548 1857 νοσέοντι
1582 1802 1931 1872 παρεγένοντο,
1963 1825 2012 1863 ²0

275 1888 469 1943 πάντως
502 1912 586 1941 κου
619 1889 875 1955 μέμνησθε
911 1893 972 1942 τὰ
1007 1888 1268 1956 ἐπέσκηψε
1306 1889 1541 1961 Πέρσῃσι
1575 1892 1819 1941 τελευτῶν
1848 1887 1934 1943 τὸν

273 1975 392 2039 βίον
425 1974 491 2039 μὴ
527 1973 880 2041 πειρωμένοισι
916 1975 1225 2026 ἀνακτᾶσθαι
1262 1973 1352 2039 τὴν
1383 1972 1559 2041 ἀρχήν·
1604 1975 1665 2023 τὰ
1699 1973 1813 2024 τότε
1847 1971 1933 2029 οὐκ

275 2059 613 2123 ἐνεδεκόμεθα,
648 2058 763 2111 ἀλλ’
794 2059 874 2111 ἐπὶ
906 2059 1121 2131 διαβολῇ
1150 2056 1410 2123 ἐδοκέομεν
1441 2060 1598 2109 εἰπεῖν
1635 2047 1930 2122 Καμβύσεα.

274 2145 360 2194 νῦν
390 2139 458 2194 ὧν
487 2144 681 2208 τίθεμαι
709 2145 888 2210 ψῆφον
919 2144 1180 2195 πείθεσθαι
1212 2143 1406 2211 Δαρείῳ
1439 2141 1516 2193 καὶ
1544 2141 1611 2206 μὴ
1643 2139 1933 2192 διαλύεσθαι

273 2228 327 2277 ἐκ
357 2231 442 2277 τοῦ
473 2229 728 2294 συλλόγου
757 2231 900 2279 τοῦδε
930 2226 1047 2278 ἄλλ’
1078 2222 1108 2290 ἢ
1141 2227 1306 2279 ἰόντας
1343 2226 1424 2277 ἐπὶ
1461 2225 1548 2277 τὸν
1582 2224 1741 2292 μάγον
1773 2223 1928 2277 ἰθέως.
1959 2243 2006 2283 25

271 2314 423 2361 ταῦτα
454 2310 561 2363 εἶπε
592 2311 847 2378 Γωβρύης,
885 2311 963 2362 καὶ
996 2310 1176 2364 πάντες
1207 2310 1356 2381 ταύτῃ
1387 2311 1569 2362 αἴνεον.

327 2460 344 2486 1
376 2449 495 2490 τοίων
508 2448 549 2488 Α
565 2449 599 2488 Β
615 2449 648 2488 C
664 2449 697 2488 P
786 2447 1078 2500 καταδεόμενος
1096 2447 1136 2485 R
1245 2460 1270 2485 2
1299 2463 1369 2487 κου
1387 2445 1471 2498 καὶ]
1490 2447 1553 2487 καὶ
1570 2447 1614 2486 οὐ
1632 2445 1666 2484 C
1759 2458 1786 2496 3
1815 2444 1926 2499 ἄρτι]

268 2502 349 2556 γάρ
370 2503 409 2541 R
425 2503 507 2543 SV
698 2516 722 2553 5
753 2506 815 2545 καὶ
838 2507 981 2556 ψεῦδος
1003 2503 1123 2547 Stob.
1148 2503 1238 2541 flor.
1269 2514 1331 2548 12,
1354 2514 1407 2550 23
1611 2513 1633 2549 7
1663 2499 1763 2541 τότε
1781 2513 1862 2540 om.
1886 2501 1927 2539 R

268 2558 295 2596 8
323 2561 430 2599 τοῖσι
450 2571 533 2598 om.
556 2559 595 2599 A
814 2573 841 2609 9
869 2576 909 2598 τι
930 2571 1011 2597 om.
1036 2556 1075 2595 A
1091 2557 1125 2596 B
1142 2557 1174 2595 C
1191 2557 1224 2595 P
1386 2573 1426 2596 τι
1445 2554 1485 2593 A
1500 2555 1534 2593 B
1550 2555 1582 2593 C
1597 2553 1647 2593 Pl
1811 2563 1929 2606 σφισι

268 2612 468 2665 τράπηται
489 2614 530 2653 Α
546 2615 580 2653 Β
597 2615 630 2653 C
647 2615 681 2653 P
868 2626 917 2652 10
946 2613 1015 2653 οὖν
1035 2612 1071 2650 Α
1087 2612 1121 2650 Β
1138 2612 1172 2650 Ρ
1189 2626 1198 2650 :
1226 2611 1280 2652 ὧν
1301 2610 1334 2649 C
1445 2610 1574 2651 ταυτᾶ
1594 2609 1633 2648 Α
1649 2623 1659 2649 2
1687 2613 1816 2650 ταῦτα
1835 2609 1926 2650 rell.

273 2680 320 2716 13
359 2673 551 2722 πυλωρῶν
580 2669 618 2707 Α
633 2664 667 2707 Β
806 2668 1003 2720 παρείη<ι)
1034 2666 1073 2705 Α
1087 2667 1122 2705 Β
1137 2667 1170 2705 C
1185 2666 1218 2704 P
1413 2678 1460 2714 14
1499 2663 1715 2706 δεικνύσθω
1742 2663 1782 2701 Α
1797 2664 1831 2702 Β
1847 2663 1880 2702 C
1895 2663 1930 2702 P

273 2735 321 2772 15
353 2723 530 2775 ἐχόμεθα
551 2724 590 2762 R
607 2725 636 2763 S
649 2725 685 2763 V
928 2724 976 2760 16
1006 2721 1182 2774 Γοβρύης
1201 2720 1241 2759 Α
1254 2721 1288 2759 Β
1302 2721 1336 2759 C
1352 2720 1385 2758 P
1618 2719 1666 2756 18
1697 2720 1821 2767 αὐτὴν
1840 2731 1924 2758 om.

269 2780 373 2820 Lex.
405 2779 529 2818 Vind.
564 2792 617 2819 20
760 2776 1005 2825 ἀναλαβέειν
1035 2774 1269 2817 ἀποθανέειν
1298 2776 1337 2814 R
1356 2774 1439 2814 SV
1578 2772 1650 2826 γε]
1681 2775 1760 2826 γὰρ
1787 2772 1926 2811 ABC

271 2848 321 2885 19
348 2853 395 2875 τε
417 2847 498 2873 om.
521 2833 560 2872 A
578 2834 609 2872 B
625 2834 659 2873 C
675 2834 708 2872 P
893 2846 945 2872 20
973 2848 1116 2884 παρεγ.
1140 2844 1226 2872 νοσ.
1251 2830 1290 2868 R
1306 2829 1387 2874 SV
1568 2841 1617 2867 21
1650 2827 1798 2868 πάντες
1812 2827 1867 2877 (ἓ)
1891 2827 1924 2864 C

265 2902 319 2939 23
363 2892 518 2939 ἐνεδεχ.
558 2888 598 2927 Α
613 2888 647 2928 Β
815 2900 867 2937 25
908 2888 1004 2927 ἀλλ’
1037 2886 1063 2934 ἢ
1094 2885 1229 2929 ἰόντας
1269 2884 1386 2923 Palm
1405 2897 1415 2922 z
1458 2881 1554 2924 ἀλλ’
1589 2882 1723 2923 ἰόντας
1763 2882 1803 2920 R
1817 2881 1923 2920 SV:

266 2943 578 3037 ἄλλοθιέόέτὸς
617 2945 641 2992 ἢ
673 2943 808 2983 ABC
831 2942 906 2994 (-θί
935 2940 1017 2992 ὅν·)
1056 2939 1090 2979 Ρ
1238 2941 1291 2978 26
1332 2943 1447 2991 Γοβρ.
1481 2936 1688 2982 ABCP:
1736 2941 1854 2988 Γαβρ.
1887 2934 1924 2972 V

264 3016 394 3041 ταυτα
