2098 3320
763 87 1141 137 ΙΣΤΟΡΙΩΝ
1203 90 1242 136 Β

173 218 426 285 κατέλαβε
448 218 628 273 Ἴωνάς
657 240 712 270 τε
744 218 823 270 καὶ
858 222 1026 285 Κᾶρας
1058 214 1275 286 [ἄνδρας]
1310 219 1430 269 κατὰ
1467 218 1614 283 ληίην
1646 217 1838 269 ἐκπλώ-

172 324 360 357 σαντας
390 304 746 371 ἀπενειχθῆναι
786 304 837 355 ἐς
877 304 1146 370 Αἴγυπτον,
1183 301 1431 367 ἐκβάντας
1468 305 1521 354 δὲ
1554 303 1603 356 ἐς
1633 304 1728 368 γῆν
1762 301 1841 354 καὶ

170 386 502 441 ὁπλισθέντας
530 392 703 457 χαλκῷ
735 386 978 454 ἀγγέλλει
1003 392 1103 438 τῶν
1133 407 1207 440 τις
1233 388 1517 454 Αἰγυπτίων
1548 387 1598 440 ἐς
1629 387 1690 437 τὰ
1722 386 1841 438 ἕλεα

170 472 467 537 ἀπικόμενος
502 477 570 542 τῷ
610 472 939 541 Ψαμμητίχῳ,
987 471 1052 524 ὡς
1094 472 1182 523 οὐκ
1224 472 1340 522 ἰδὼν
1381 471 1622 538 πρότερον
1666 474 1840 539 χαλκῷ

123 555 349 624 5ἄνδρας
401 555 752 614 ὁπλισθέντας,
809 555 874 609 ὡς
934 554 1144 623 χάλκεοι
1203 554 1374 621 ἄνδρες
1427 553 1692 621 ἀπιγμένοι
1742 553 1841 607 ἀπὸ

169 639 436 705 θαλάσσης
481 637 787 705 λεηλατεῦσι
834 639 891 691 τὸ
943 641 1129 692 πεδίον.
1220 641 1246 689 6
1293 642 1345 691 δὲ
1393 641 1564 704 μαθὼν
1612 638 1667 690 τὸ
1715 660 1837 707 χρη-

170 723 374 792 στήριον
427 725 811 790 ἐπιτελεύμενον
866 726 996 791 φίλα
1047 746 1102 776 τε
1161 728 1295 775 τοῖσι
1339 722 1487 775 Ἴωσι
1542 723 1621 775 καὶ
1674 713 1839 790 Καρσὶ

169 807 389 862 ποιέεται
442 811 527 862 καί
581 816 747 877 σφεας
801 806 1000 876 μεγάλα
1058 806 1455 877 ὑπισχνεύμενος
1514 809 1674 860 πείθει
1730 806 1837 872 μετ’

170 896 353 946 ἑωυτοῦ
404 892 658 962 γενέσθαι·
729 894 794 947 ὡς
848 896 902 945 δὲ
955 892 1144 953 ἔπεισε,
1199 894 1324 944 οὕτω
1378 891 1479 958 ἅμα
1530 897 1662 944 τοῖσι
1712 887 1837 958 [μετ’

97 1001 148 1031 10
169 975 369 1045 ἑωυτοῦ]
416 977 779 1044 βουλομένοισι
834 979 1155 1046 Αἰγυπτίοισι
1210 977 1288 1028 καὶ
1346 982 1478 1029 τοῖσι
1532 974 1837 1043 ἐπικούροισι

171 1059 414 1130 καταιρέει
458 1062 571 1117 τοὺς
615 1061 886 1129 βασιλέας.
979 1060 1228 1129 κρατήσας
1274 1065 1326 1115 δὲ
1371 1059 1626 1129 Αἰγύπτου
1670 1058 1835 1126 πάσης

169 1149 196 1200 6
223 1146 550 1217 Ψαμμήτιχος
586 1148 795 1212 ἐποίησε
832 1152 898 1217 τῷ
936 1146 1209 1217 ζΗφαίστῳ
1242 1143 1524 1213 προπύλαια
1561 1147 1614 1197 ἐν
1654 1145 1836 1212 Μέμφι

168 1235 230 1284 τὰ
269 1231 390 1299 πρὸς
427 1233 576 1286 νότον
618 1232 800 1298 ἄνεμον
837 1230 1165 1298 τετραμμένα,
1209 1229 1367 1296 αὐλήν
1411 1251 1466 1282 τε
1503 1235 1571 1300 τῷ
1604 1228 1745 1289 ’'An-t,
1782 1231 1837 1281 ἐν

168 1324 229 1390 τῇ
257 1316 495 1384 τρέφεται
525 1318 678 1369 ἐπεὰν
710 1317 845 1389 φανῇ
882 1318 908 1367 6
937 1314 1103 1375 ῒΑπις,
1140 1315 1440 1381 οἰκοδόμησε
1478 1315 1702 1366 ἐναντίον
1737 1318 1837 1366 τῶν

96 1425 143 1468 15
169 1402 506 1469 προπυλαίων,
534 1400 703 1454 πᾶσάν
733 1423 787 1453 τε
819 1402 1123 1468 περίστυλον
1147 1402 1331 1451 ἐοῦσαν
1356 1399 1435 1451 καὶ
1458 1397 1624 1452 τύπων
1655 1397 1834 1463 πλέην·

168 1487 278 1539 ἀντὶ
310 1488 364 1538 δὲ
396 1487 574 1538 κιόνων
604 1483 856 1538 ὑπεστᾶσι
890 1485 1135 1537 κολοσσοὶ
1168 1482 1572 1551 δυωδεκαπήχεες
1604 1484 1662 1555 τῇ
1695 1482 1833 1554 αὐλῇ.

169 1571 196 1622 6
243 1573 296 1623 δὲ
319 1568 471 1624 9Απις
520 1572 642 1622 κατὰ
688 1570 779 1634 τὴν
826 1567 1092 1634 Ἑλλήνων
1140 1568 1386 1636 γλῶσσάν
1433 1570 1542 1620 ἐστι
1579 1566 1833 1635 ’Έπαφος.

168 1659 301 1707 τοῖσι
340 1658 392 1708 δὲ
413 1654 561 1707 Ἴωσι
594 1656 672 1707 καὶ
709 1659 844 1707 τοῖσι
876 1654 1041 1722 Καρσὶ
1078 1658 1213 1706 τοῖσι
1250 1655 1836 1720 συγκατεργασαμένοισι

169 1739 298 1810 αὐτῷ
359 1740 385 1790 6
446 1738 773 1808 Ψαμμήτιχος
833 1740 1009 1791 δίδωσι
1066 1739 1257 1806 χώρους
1321 1740 1575 1802 ἐνοικῆσαι
1639 1737 1836 1790 ἀντίους

95 1848 146 1877 20
169 1822 425 1888 ἀλλήλων,
468 1828 554 1875 τοῦ
598 1825 788 1877 Νείλου
833 1823 890 1875 τὸ
933 1822 1091 1888 μέσον
1138 1823 1361 1890 ἔχοντος,
1409 1826 1543 1873 τοῖσι
1588 1821 1836 1886 οὐνόματα

169 1907 311 1973 ἐτέθη
343 1909 680 1976 Στρατόπεδα.
755 1905 955 1961 τούτους
986 1929 1039 1959 τε
1071 1905 1129 1971 δή
1161 1913 1259 1974 σφι
1290 1906 1403 1960 τοὺς
1435 1907 1628 1974 χώρους
1658 1905 1836 1956 δίδωσι

169 1992 250 2045 καὶ
277 1993 444 2045 τᾶλλα
472 1995 534 2044 τὰ
563 1991 814 2060 ὑπέσχετο
839 1990 1001 2044 πάντα
1032 1990 1272 2043 ἀπέδωκε.
1345 1991 1422 2042 καὶ
1454 1989 1511 2054 δὴ
1545 1990 1623 2041 καὶ
1655 1992 1834 2042 παῖδας

166 2075 431 2144 παρέβαλε
461 2078 670 2130 αὐτοῖσι.
695 2077 994 2143 Αἰγυπτίους
1029 2075 1119 2140 τὴν
1153 2074 1379 2126 Ἑλλάδα
1415 2070 1662 2142 γλῶσσαν
1703 2075 1831 2125 ἐκδι-

167 2160 462 2221 δάσκεσθαι,
496 2161 594 2214 ἀπὸ
624 2164 678 2213 δὲ
709 2161 895 2213 τούτων
927 2160 1241 2226 ἐκμαθόντων
1271 2159 1361 2224 τὴν
1392 2164 1638 2226 γλῶσσαν
1670 2160 1716 2210 οἱ
1747 2162 1834 2210 νῦν

96 2268 139 2298 2·
169 2245 401 2312 ἑρμηνέες
441 2247 496 2298 ἐν
533 2246 768 2316 Αἰγύπτῳ
808 2245 1067 2313 γεγόνασι.
1157 2247 1203 2296 οἱ
1245 2246 1298 2296 δὲ
1328 2242 1500 2297 Ἴωνες
1540 2239 1628 2309 [τε]
1667 2242 1745 2294 καὶ
1787 2244 1832 2294 οἱ

168 2332 329 2396 Κᾶρες
372 2330 572 2384 τούτους
614 2329 729 2384 τοὺς
772 2330 963 2398 χώρους
1009 2330 1219 2393 οἴκησαν
1264 2329 1448 2396 χρόνον
1494 2328 1575 2379 ἐπὶ
1618 2327 1831 2378 πολλόν·

168 2414 268 2466 ⁶on
303 2417 357 2466 δὲ
394 2414 529 2466 οῦτοι
566 2417 611 2467 οἱ
647 2419 802 2482 χῶροι
832 2413 954 2480 πρὸς
981 2410 1254 2483 ,θαλάσσης
1289 2413 1464 2479 ὀλίγον
1501 2412 1669 2478 ἔνερθε
1707 2416 1827 2462 Βου-

165 2496 382 2560 βάστιος
418 2499 596 2553 πόλιος
632 2499 712 2550 ἐπὶ
748 2503 815 2568 τῷ
855 2498 1128 2567 Πηλουσίῳ
1170 2496 1454 2565 καλεομένῳ
1493 2497 1706 2560 στόματι
1746 2499 1834 2546 τοῦ

166 2584 370 2635 Νείλου.
457 2583 659 2637 τούτους
688 2585 780 2648 μὲν
810 2582 867 2646 δὴ
900 2583 1063 2651 χρόνῳ
1094 2583 1305 2648 ὕστερον
1341 2580 1588 2646 βασιλεὺς
1611 2578 1833 2644 ’Ἄμασις

223 2733 240 2759 1
275 2721 346 2762 ἄνδ
373 2736 418 2762 ας
438 2733 517 2760 om.
540 2719 580 2758 R
701 2733 727 2770 4
757 2722 835 2771 οὐχ
856 2718 895 2758 Α
911 2719 946 2757 Β
1070 2719 1096 2756 8
1125 2717 1443 2769 ὑπισχνούμενος
1463 2717 1502 2755 Α
1518 2718 1551 2755 Β
1570 2731 1578 2756 :
1611 2715 1832 2768 ὑπεσχνεύ-

164 2791 282 2825 μενος
455 2789 483 2826 9
510 2773 602 2826 μετ’
623 2777 773 2816 ἑωυτοῦ
789 2775 873 2814 del.
892 2773 1090 2824 Krueger
1204 2785 1251 2822 14
1283 2776 1305 2813 ὁ
1325 2786 1405 2811 om.
1427 2773 1465 2810 R
1578 2784 1632 2810 20
1659 2772 1832 2823 ἔχοντας

167 2828 207 2868 R
222 2829 253 2869 S
267 2829 307 2868 V
417 2843 463 2868 21
499 2831 553 2870 τὰ
573 2834 717 2902 Στρατ.
748 2829 883 2924 Ιθὶὸἔ
896 2883 926 2923 S
939 2884 978 2923 V
994 2841 1045 2867 22
1075 2833 1172 2921 tzert.
1194 2828 1422 2921 1(αέῐὲωῄίέ
1434 2828 1472 2920 13
1485 2827 1519 2867 C
1584 2839 1684 2920 2623
1704 2825 1833 2933 'vu-³524]-

164 2884 398 2998 ἓῖῗῖἷυῗιὲ
411 2884 495 2978 ἔν
559 2887 753 2993 δ’ξῗέζῖἷ
762 2902 818 2979 8⁰⁶⁴
961 2939 1012 2977 28
1042 2895 1276 2989 καλῗυῇἓνω
1299 2913 1337 2975 1}
1352 2937 1382 2977 S
1396 2937 1433 2976 v
1657 2897 1741 2934 χωρ
1766 2897 1809 2922 ⁰⁵

222 3035 323 3063 um,
347 3035 374 3064 1.
1617 3020 1668 3060 14

1122 3065 1147 3076 ο

1882 89 1946 137 II.
1976 100 2064 151 152

1874 1076 1961 1129 153

1873 1670 1961 1722 154
