2098 3320
42 128 189 188 [ηδ

120 432 204 482 177

117 770 204 830 178

862 128 908 174 H
924 127 1290 176 ΡΟΔΟΤΟΤ

233 254 509 324 ‘'Apa-aym,
547 258 908 324 παραπλησίως
947 261 998 310 δὲ
1038 259 1117 310 καὶ
1153 258 1242 324 τὴν
1281 262 1476 310 Καῦνον
1514 257 1655 327 ἔσχε·
1705 259 1782 311 καὶ
1819 261 1913 328 γᾶρ

244 344 289 392 οἱ
325 342 528 393 Καύνιοι
558 342 671 395 τοὺς
702 343 910 397 Λυκίους
942 342 1248 408 ἐμιμήσαντο
1277 346 1337 395 τὰ
1370 343 1522 395 πλέω.

327 428 404 476 Τὰ
434 425 525 490 μέν
558 448 642 477 νυν
676 426 805 477 κάτω
837 429 922 490 τῆς
954 427 1131 492 Ἀσίης
1151 426 1411 494 ‘'Apa-ayo?
1442 427 1697 478 ἀνάστατα
1734 429 1912 487 ἐποίεε,

243 512 303 562 τὰ
341 513 393 562 δὲ
432 510 532 562 ἄνω
572 511 719 575 αὐτῆς
757 511 901 564 αὐτὸς
934 515 1107 578 Κῦρος,
1141 515 1240 564 πᾶν
1271 512 1412 564 ἔθνος
1450 512 1916 577 καταστρεφόμενος

245 595 322 645 καὶ
353 594 493 646 οὐδὲν
526 596 732 662 παριείς.
821 597 882 647 τὰ
917 595 1008 661 μέν
1039 617 1126 647 νυν
1156 596 1317 647 αὐτῶν
1347 595 1484 647 πλέω
1515 594 1822 662 παρήσομεν,
1855 598 1916 648 τὰ
1940 618 1962 658 5

243 678 297 730 δέ
327 681 372 730 οἱ
403 678 628 746 παρέσχε
657 701 711 731 τε
742 679 896 731 πόνον
927 685 1171 731 πλεῖστον
1204 680 1281 730 καὶ
1317 677 1752 746 ἆξιαπηγητότατά
1788 681 1914 738 ἐστι,

242 763 428 814 τούτων
465 762 815 828 ἐπιμνήσομαι.
908 768 1066 831 Κῦρος
1101 764 1263 816 ἐπείτε
1300 766 1360 814 τὰ
1395 763 1558 815 πάντα
1593 766 1680 827 τῆς
1713 763 1916 831 ἠπείρου

242 848 504 915 ὑποχείρια
541 846 826 911 ἐποιήσατο,
868 847 1189 914 Ἀσσυρίοισι
1226 849 1495 900 ἐπετίθετο.
1584 850 1671 911 τῆς
1708 850 1761 900 δὲ
1789 847 1913 899 Ἀσ-

243 933 416 998 συρίης
460 932 569 983 ἐστὶ
609 930 701 996 μέν
743 954 830 984 κου
872 932 951 984 καὶ
991 931 1126 983 ἄλλα
1163 933 1453 998 πολίσματα
1491 931 1689 999 μεγάλα
1729 931 1912 991 πολλά,

241 1015 297 1067 τὸ
334 1018 385 1067 δὲ
427 1017 830 1081 ὀνομαστότατον
870 1018 950 1068 καὶ
988 1017 1318 1084 ἰσχυρότατον
1357 1017 1436 1068 καὶ
1474 1016 1591 1068 ἔνθα
1629 1023 1726 1084 σφι
1759 1017 1918 1068 Νίνου
1943 1036 1992 1064 10

241 1099 522 1152 ἀναστάτου
551 1100 822 1168 γενομένης
853 1103 913 1153 τὰ
943 1101 1195 1167 βασιλήια
1226 1099 1539 1166 κατεστήκεε,
1565 1099 1626 1165 ἢν
1651 1101 1914 1166 Βαβυλών,

242 1186 396 1236 ἐοῦσα
414 1186 612 1250 τοιαύτη
634 1184 691 1250 δή
713 1207 786 1239 τις
807 1187 966 1239 πόλις.
1038 1190 1191 1237 κεῖται
1214 1187 1266 1237 ἐν
1287 1187 1435 1255 πεδίῳ
1458 1185 1679 1254 μεγάλῳ,
1700 1184 1918 1251 μέγαθος

242 1271 395 1320 ἐοῦσα
428 1269 658 1335 μέτωπον
697 1270 912 1322 ἕκαστον
950 1272 1111 1322 εἴκοσι
1149 1271 1227 1322 καὶ
1264 1270 1438 1322 ἑκατὸν
1470 1270 1702 1329 σταδίων,
1737 1269 1917 1334 ἐούσης

241 1354 567 1422 τετραγώνου·
616 1355 751 1406 οὗτοι
782 1354 976 1406 στάδιοι
1006 1358 1092 1419 τῆς
1115 1356 1342 1421 περιόδου
1373 1358 1460 1419 τῆς
1490 1355 1666 1407 πόλιος
1694 1354 1917 1421 γίνονται

244 1437 555 1492 συνάπαντες
579 1440 860 1507 ὀγδώκοντα
887 1439 963 1490 καὶ
986 1440 1316 1506 τετρακόσιοι.
1383 1438 1440 1490 τὸ
1468 1438 1561 1504 μέν
1583 1459 1670 1490 νυν
1698 1436 1917 1505 μέγαθος
1942 1457 1988 1498 15

241 1523 484 1575 τοσοῦτόν
508 1525 618 1575 ἐστι
640 1528 727 1575 τοῦ
755 1522 935 1577 ἄστεος
958 1529 1044 1576 τοῦ
1070 1525 1412 1589 Βαβυλωνίου,
1439 1523 1743 1588 ἐκεκόσμητο
1767 1525 1821 1574 δὲ
1851 1521 1917 1575 ὡς

244 1608 383 1659 οὐδὲν
418 1607 546 1659 ἄλλο
582 1608 810 1673 πόλισμα
847 1613 944 1660 τῶν
980 1608 1120 1673 ἡμεῖς
1154 1610 1308 1673 ἴδμεν.
1397 1607 1587 1675 τάφρος
1620 1610 1713 1672 μὲν
1747 1605 1917 1674 πρῶτά

242 1714 327 1757 μιν
356 1691 520 1758 βαθέα
549 1714 602 1744 τε
641 1693 720 1744 καὶ
757 1692 899 1759 εὐρέα
929 1690 1047 1759 [καὶ]
1079 1691 1206 1757 πλέη
1239 1695 1415 1745 ὕδατος
1445 1690 1676 1758 περιθέει,
1707 1693 1831 1756 μετὰ
1861 1693 1915 1742 δὲ

244 1782 411 1844 τεῖχος
434 1775 740 1841 πεντήκοντα
761 1779 853 1842 μὲν
878 1777 1080 1847 πήχεων
1109 1779 1398 1843 βασιληίων
1424 1776 1505 1828 ἐὸν
1528 1774 1584 1828 τὸ
1608 1776 1760 1842 εῦρος,
1785 1776 1916 1842 ὕψος

246 1863 297 1912 δὲ
322 1862 588 1925 διηκοσίων
611 1860 830 1930 πήχεων.
892 1864 917 1912 ὁ
938 1866 989 1913 δὲ
1013 1860 1285 1927 βασιλήιος
1305 1864 1569 1928 πῆχυςτοῦ
1590 1860 1787 1927 μετρίου
1807 1859 1916 1910 ἐστὶ
1942 1877 1992 1907 20

115 1953 207 2004 179
246 1943 446 2013 πήχεος*
468 1944 628 2010 μέζων
663 1947 797 2013 τρισὶ
833 1947 1139 1998 δακτύλοισι.
1229 1949 1307 1998 δεῖ
1343 1944 1399 2009 δή
1438 1967 1500 2011 με
1537 1943 1659 2013 πρὸς
1695 1943 1917 1995 τούτοισι

4 2030 317 2097 Μμσῳέτι
355 2028 548 2096 φράσαι
585 2031 667 2082 ἵνα
701 2052 752 2082 τε
795 2033 847 2082 ἐκ
885 2035 970 2095 τῆς
1006 2030 1200 2097 τάφρου
1235 2031 1264 2095 ἡ
1295 2034 1357 2097 γῆ
1397 2029 1703 2099 ἆνα-ιίιμώθη
1745 2029 1823 2079 καὶ
1857 2026 1914 2078 τὸ

245 2118 409 2180 τεῖχος
440 2115 609 2166 ὅντινα
639 2116 823 2182 τρόπον
848 2116 1078 2182 ἔργαστο.
1147 2114 1450 2181 ὀρύσσοντες
1480 2113 1582 2179 ἅμα
1611 2111 1700 2177 τὴν
1722 2110 1913 2179 τάφρον

246 2198 539 2250 ἐπλίνθευον
561 2198 651 2263 τὴν
674 2202 770 2266 γῆν
794 2199 883 2264 τὴν
908 2202 959 2251 ἐκ
982 2204 1068 2250 τοῦ
1091 2199 1364 2266 ὀρύγματος
1388 2195 1740 2264 ἐκφερομένην,
1768 2195 1910 2266 ἑλκιὲ

246 2302 426 2335 σαντες
449 2285 503 2334 δὲ
523 2284 759 2336 πλίνθους
786 2286 954 2337 ἱκανὰς
975 2284 1213 2347 ὤπτησαν
1235 2283 1385 2335 αὐτὰς
1408 2284 1462 2333 ἐν
1482 2282 1749 2346 καμίνοισι·
1790 2281 1913 2345 μετὰ
1938 2297 1986 2338 ²5

244 2367 297 2416 δὲ
342 2365 550 2433 τέλματι
595 2367 870 2435 χρεώμενοι
913 2367 1161 2436 ἀσφάλτῳ
1209 2367 1360 2438 θερμῇ
1407 2366 1485 2416 καὶ
1530 2367 1609 2416 διὰ
1652 2363 2098 2430 τριήκονταῦὕιόω

245 2450 409 2516 δόμων
449 2451 659 2502 πλίνθου
699 2431 913 2520 mohs*
958 2451 1193 2517 καλάμων
1237 2449 1671 2516 διαστοιβάζοντες
1714 2448 2098 2517 &emanata-5

246 2539 414 2600 πρῶτα
441 2537 531 2600 μὲν
555 2538 643 2599 τῆς
673 2536 864 2603 τάφρου
893 2539 952 2588 τὰ
983 2538 1175 2605 χείλεα,
1202 2537 1401 2603 δεύτερα
1430 2538 1484 2587 δὲ
1513 2533 1632 2586 αὐτὸ
1661 2532 1719 2585 τὸ
1747 2536 1911 2600 τεῖχος

293 2681 324 2722 ¹7
356 2666 478 2722 Κύρος
499 2667 543 2709 δὲ
566 2667 605 2706 R
622 2668 651 2707 S
666 2669 704 2708 V
869 2670 895 2717 8
925 2672 1120 2724 ὖποχεΐρα
1140 2670 1179 2708 R
1196 2669 1225 2708 S
1238 2670 1277 2708 V
1440 2683 1467 2720 9
1499 2670 1588 2710 ἐστὶ
1608 2669 1660 2709 τὰ
1677 2666 1754 2719 μέν
1772 2665 1812 2706 Α
1826 2667 1859 2705 C
1876 2667 1902 2705 P

250 2735 299 2762 12
329 2722 466 2763 κέεται
490 2723 522 2761 L
547 2724 720 2765 (καίεται
743 2724 773 2762 S
787 2724 843 2770 V)
975 2726 1143 2777 μέγεθος
1165 2725 1195 2763 S
1209 2725 1248 2763 V
1436 2737 1483 2773 14
1513 2724 1780 2777 τετραγώνων
1802 2720 1904 2760 RV¹

246 2777 355 2830 γίγν.
380 2777 419 2814 R
434 2778 472 2816 V
695 2791 742 2829 15
771 2777 942 2831 μέγεθος
964 2780 1003 2818 R
1023 2779 1104 2818 SV
1327 2792 1373 2829 17
1403 2780 1522 2829 ἴσμεν
1545 2777 1579 2816 L
1723 2776 1851 2827 τάφος
1873 2776 1906 2814 C

249 2833 298 2869 18
326 2849 394 2883 μιν
414 2845 494 2872 om.
518 2833 556 2871 R
573 2833 602 2872 S
616 2834 655 2872 V
766 2837 910 2881 βαθεῖα
931 2834 965 2873 L
1077 2836 1208 2887 εὖρεια
1226 2833 1265 2872 Α
1280 2833 1315 2871 Β
1331 2833 1364 2872 C
1382 2833 1414 2871 P
1429 2833 1468 2871 R
1576 2833 1641 2874 καὶ
1661 2845 1746 2871 om.
1772 2830 1811 2869 R
1827 2830 1856 2868 S
1871 2830 1908 2869 V

245 2898 293 2924 21
344 2882 465 2936 μέζον
507 2888 543 2926 R
563 2902 570 2927 ε
619 2887 757 2939 μεῖζον
792 2889 832 2928 V
996 2901 1047 2928 22
1093 2889 1153 2930 ἔτι
1192 2888 1341 2942 φράσαι
1374 2887 1569 2929 Bekker:
1619 2885 1833 2938 ἐπιφράσαι
1873 2885 1907 2923 L

246 2941 401 2991 ἆνεσιμ.
414 2940 458 3034 ἃ
471 2940 509 2978 V
632 2944 686 2981 26
712 2942 852 2996 χρεόμ.
881 2942 919 2982 R
935 2942 965 2983 S
978 2943 1017 2982 V
1146 2955 1195 2994 27
1227 2943 1407 2984 πλίνθοις
1429 2941 1459 2982 S
1472 2941 1510 2981 V
1629 2942 1682 2981 28
1712 2939 1761 2983 αὖ
1779 2940 1830 2980 τὸ
1849 2938 1878 2976 S
1897 2953 1906 2975 ²

246 2997 294 3036 αὖ
308 3004 337 3035 -Ξ-
361 3004 390 3035 ÷
