<?xml version="1.0" encoding="UTF-8"?>
<!DOCTYPE html PUBLIC "-//W3C//DTD XHTML 1.0 Transitional//EN"
    "http://www.w3.org/TR/xhtml1/DTD/xhtml1-transitional.dtd">
<html xmlns="http://www.w3.org/1999/xhtml" xml:lang="en" lang="en">
 <head>
  <title>
</title>
<meta http-equiv="Content-Type" content="text/html;charset=utf-8" />
  <meta name='ocr-system' content='tesseract 3.04.00' />
  <meta name='ocr-capabilities' content='ocr_page ocr_carea ocr_par ocr_line ocrx_word'/>
</head>
<body>
  <div class='ocr_page' id='page_1' title='image "./herodotihistoria01herouoft_0349.png"; bbox 0 0 2098 3320; ppageno 0'>
   <div class='ocr_carea' id='block_1_1' title="bbox 717 120 2013 203">
    <p class='ocr_par' dir='ltr' id='par_1_1' title="bbox 717 120 2013 203">
     <span class='ocr_line' id='line_1_1' title="bbox 717 120 2013 203; baseline 0.002 -14"><span class='ocrx_word' id='word_1_1' title='bbox 717 120 1096 190; x_wconf 74' lang='grc' dir='ltr'>ΙΣΤΟΡΙΩΝ</span> <span class='ocrx_word' id='word_1_2' title='bbox 1160 143 1205 189; x_wconf 83' lang='grc' dir='ltr'>Δ</span> <span class='ocrx_word' id='word_1_3' title='bbox 1841 143 1928 191; x_wconf 81' lang='lat' dir='ltr'>lv,</span> <span class='ocrx_word' id='word_1_4' title='bbox 1957 155 2013 203; x_wconf 88' lang='lat'>31</span> 
     </span>
    </p>
   </div>
   <div class='ocr_carea' id='block_1_2' title="bbox 0 272 1924 2625">
    <p class='ocr_par' dir='ltr' id='par_1_2' title="bbox 130 272 1863 595">
     <span class='ocr_line' id='line_1_2' title="bbox 130 272 1801 343; baseline -0.003 -15"><span class='ocrx_word' id='word_1_5' title='bbox 130 276 242 343; x_wconf 86' lang='grc' dir='ltr'>περὶ</span> <span class='ocrx_word' id='word_1_6' title='bbox 282 274 441 327; x_wconf 81' lang='grc' dir='ltr'>αὐτῶν</span> <span class='ocrx_word' id='word_1_7' title='bbox 482 273 698 340; x_wconf 93' lang='grc' dir='ltr'>γνώμην·</span> <span class='ocrx_word' id='word_1_8' title='bbox 745 274 806 324; x_wconf 83' lang='grc' dir='ltr'>τὰ</span> <span class='ocrx_word' id='word_1_9' title='bbox 845 272 1117 341; x_wconf 90' lang='grc' dir='ltr'>κατύπερθε</span> <span class='ocrx_word' id='word_1_10' title='bbox 1154 272 1334 337; x_wconf 84' lang='grc' dir='ltr'>ταύτης</span> <span class='ocrx_word' id='word_1_11' title='bbox 1375 275 1462 337; x_wconf 86' lang='grc' dir='ltr'>τῆς</span> <span class='ocrx_word' id='word_1_12' title='bbox 1502 272 1668 341; x_wconf 81' lang='grc' dir='ltr'>χώρης</span> <span class='ocrx_word' id='word_1_13' title='bbox 1705 272 1801 324; x_wconf 83' lang='grc' dir='ltr'>αἰεὶ</span> 
     </span>
     <span class='ocr_line' id='line_1_3' title="bbox 132 352 1799 428; baseline -0.002 -15"><span class='ocrx_word' id='word_1_14' title='bbox 132 362 346 428; x_wconf 80' lang='grc' dir='ltr'>νίφεται,</span> <span class='ocrx_word' id='word_1_15' title='bbox 373 357 620 410; x_wconf 84' lang='grc' dir='ltr'>ἐλάσσονι</span> <span class='ocrx_word' id='word_1_16' title='bbox 649 359 703 409; x_wconf 83' lang='grc' dir='ltr'>δὲ</span> <span class='ocrx_word' id='word_1_17' title='bbox 734 361 820 409; x_wconf 87' lang='grc' dir='ltr'>τοῦ</span> <span class='ocrx_word' id='word_1_18' title='bbox 852 356 1020 424; x_wconf 81' lang='grc' dir='ltr'>θέρεος</span> <span class='ocrx_word' id='word_1_19' title='bbox 1050 352 1080 421; x_wconf 83' lang='grc' dir='ltr'>ἢ</span> <span class='ocrx_word' id='word_1_20' title='bbox 1113 361 1200 408; x_wconf 81' lang='grc' dir='ltr'>τοῦ</span> <span class='ocrx_word' id='word_1_21' title='bbox 1229 362 1490 425; x_wconf 84' lang='grc' dir='ltr'>χειμῶνος,</span> <span class='ocrx_word' id='word_1_22' title='bbox 1517 357 1688 424; x_wconf 84' lang='grc' dir='ltr'>ὥσπερ</span> <span class='ocrx_word' id='word_1_23' title='bbox 1721 358 1799 410; x_wconf 81' lang='grc' dir='ltr'>καὶ</span> 
     </span>
     <span class='ocr_line' id='line_1_4' title="bbox 132 440 1863 510; baseline -0.001 -14"><span class='ocrx_word' id='word_1_24' title='bbox 132 446 280 498; x_wconf 87' lang='grc' dir='ltr'>οἶκός·</span> <span class='ocrx_word' id='word_1_25' title='bbox 326 442 417 509; x_wconf 84' lang='grc' dir='ltr'>ἤδη</span> <span class='ocrx_word' id='word_1_26' title='bbox 450 440 520 494; x_wconf 69' lang='grc' dir='ltr'>ὧν</span> <span class='ocrx_word' id='word_1_27' title='bbox 549 443 690 496; x_wconf 86' lang='grc' dir='ltr'>ὅστις</span> <span class='ocrx_word' id='word_1_28' title='bbox 725 442 945 510; x_wconf 82' lang='grc' dir='ltr'>ἀγχόθεν</span> <span class='ocrx_word' id='word_1_29' title='bbox 985 442 1132 510; x_wconf 92' lang='grc' dir='ltr'>χιόνα</span> <span class='ocrx_word' id='word_1_30' title='bbox 1173 441 1327 508; x_wconf 82' lang='grc' dir='ltr'>ἁδρὴν</span> <span class='ocrx_word' id='word_1_31' title='bbox 1366 443 1652 494; x_wconf 84' lang='grc' dir='ltr'>πίπτουσαν</span> <span class='ocrx_word' id='word_1_32' title='bbox 1683 440 1798 501; x_wconf 74' lang='grc' dir='ltr'>εἶδε,</span> <span class='ocrx_word' id='word_1_33' title='bbox 1840 465 1863 494; x_wconf 90' lang='lat'>2</span> 
     </span>
     <span class='ocr_line' id='line_1_5' title="bbox 132 526 1798 595; baseline -0.002 -14"><span class='ocrx_word' id='word_1_34' title='bbox 132 529 235 581; x_wconf 77' lang='grc' dir='ltr'>οἶδε</span> <span class='ocrx_word' id='word_1_35' title='bbox 264 528 333 581; x_wconf 67' lang='lat' dir='ltr'>‘rb‘</span> <span class='ocrx_word' id='word_1_36' title='bbox 351 526 503 595; x_wconf 87' lang='grc' dir='ltr'>λέγω·</span> <span class='ocrx_word' id='word_1_37' title='bbox 550 526 654 579; x_wconf 70' lang='grc' dir='ltr'>οἶκε</span> <span class='ocrx_word' id='word_1_38' title='bbox 694 528 790 594; x_wconf 75' lang='grc' dir='ltr'>γὰρ</span> <span class='ocrx_word' id='word_1_39' title='bbox 819 527 849 591; x_wconf 87' lang='grc' dir='ltr'>ἡ</span> <span class='ocrx_word' id='word_1_40' title='bbox 880 527 1007 594; x_wconf 86' lang='grc' dir='ltr'>χιὼν</span> <span class='ocrx_word' id='word_1_41' title='bbox 1045 531 1290 593; x_wconf 82' lang='grc' dir='ltr'>πτεροῖσι·</span> <span class='ocrx_word' id='word_1_42' title='bbox 1338 526 1417 578; x_wconf 87' lang='grc' dir='ltr'>καὶ</span> <span class='ocrx_word' id='word_1_43' title='bbox 1455 528 1535 578; x_wconf 78' lang='grc' dir='ltr'>διὰ</span> <span class='ocrx_word' id='word_1_44' title='bbox 1565 526 1651 578; x_wconf 84' lang='grc' dir='ltr'>τὸν</span> <span class='ocrx_word' id='word_1_45' title='bbox 1692 547 1798 594; x_wconf 86' lang='grc' dir='ltr'>χει-</span> 
     </span>
    </p>

    <p class='ocr_par' dir='ltr' id='par_1_3' title="bbox 83 610 1924 933">
     <span class='ocr_line' id='line_1_6' title="bbox 83 610 1801 680; baseline -0.001 -15"><span class='ocrx_word' id='word_1_46' title='bbox 83 632 105 674; x_wconf 89' lang='grc'>5</span> <span class='ocrx_word' id='word_1_47' title='bbox 129 619 269 680; x_wconf 86' lang='grc' dir='ltr'>μῶνα</span> <span class='ocrx_word' id='word_1_48' title='bbox 304 617 480 665; x_wconf 85' lang='grc' dir='ltr'>τοῦτον</span> <span class='ocrx_word' id='word_1_49' title='bbox 516 612 663 664; x_wconf 78' lang='grc' dir='ltr'>ἐόντα</span> <span class='ocrx_word' id='word_1_50' title='bbox 698 615 923 663; x_wconf 78' lang='grc' dir='ltr'>τοιοῦτον</span> <span class='ocrx_word' id='word_1_51' title='bbox 964 611 1201 676; x_wconf 81' lang='grc' dir='ltr'>ἀνοίκητα</span> <span class='ocrx_word' id='word_1_52' title='bbox 1236 612 1298 667; x_wconf 78' lang='grc' dir='ltr'>τὰ</span> <span class='ocrx_word' id='word_1_53' title='bbox 1334 610 1457 677; x_wconf 80' lang='grc' dir='ltr'>πρὸς</span> <span class='ocrx_word' id='word_1_54' title='bbox 1496 614 1659 678; x_wconf 89' lang='grc' dir='ltr'>βορῆν</span> <span class='ocrx_word' id='word_1_55' title='bbox 1691 613 1801 663; x_wconf 88' lang='grc' dir='ltr'>ε’στι</span> 
     </span>
     <span class='ocr_line' id='line_1_7' title="bbox 129 693 1802 765; baseline -0.002 -15"><span class='ocrx_word' id='word_1_56' title='bbox 129 701 218 763; x_wconf 90' lang='grc' dir='ltr'>τῆς</span> <span class='ocrx_word' id='word_1_57' title='bbox 255 697 460 765; x_wconf 88' lang='grc' dir='ltr'>ἠπείρου</span> <span class='ocrx_word' id='word_1_58' title='bbox 503 696 700 762; x_wconf 83' lang='grc' dir='ltr'>ταύτης.</span> <span class='ocrx_word' id='word_1_59' title='bbox 787 698 848 748; x_wconf 80' lang='grc' dir='ltr'>τὰ</span> <span class='ocrx_word' id='word_1_60' title='bbox 895 693 962 747; x_wconf 73' lang='grc' dir='ltr'>ὧν</span> <span class='ocrx_word' id='word_1_61' title='bbox 1003 697 1157 762; x_wconf 78' lang='grc' dir='ltr'>πτερὰ</span> <span class='ocrx_word' id='word_1_62' title='bbox 1199 694 1482 759; x_wconf 77' lang='grc' dir='ltr'>εἰκάζοντας</span> <span class='ocrx_word' id='word_1_63' title='bbox 1520 694 1612 761; x_wconf 79' lang='grc' dir='ltr'>τὴν</span> <span class='ocrx_word' id='word_1_64' title='bbox 1651 696 1802 764; x_wconf 89' lang='grc' dir='ltr'>χιόνα</span> 
     </span>
     <span class='ocr_line' id='line_1_8' title="bbox 129 779 1801 848; baseline -0.001 -14"><span class='ocrx_word' id='word_1_65' title='bbox 129 782 244 837; x_wconf 85' lang='grc' dir='ltr'>τοὺς</span> <span class='ocrx_word' id='word_1_66' title='bbox 275 783 467 835; x_wconf 88' lang='grc' dir='ltr'>Σκύθας</span> <span class='ocrx_word' id='word_1_67' title='bbox 502 803 556 834; x_wconf 91' lang='grc' dir='ltr'>τε</span> <span class='ocrx_word' id='word_1_68' title='bbox 595 781 673 832; x_wconf 85' lang='grc' dir='ltr'>καὶ</span> <span class='ocrx_word' id='word_1_69' title='bbox 708 780 822 834; x_wconf 85' lang='grc' dir='ltr'>τοὺς</span> <span class='ocrx_word' id='word_1_70' title='bbox 857 781 1136 845; x_wconf 88' lang='grc' dir='ltr'>περιοίκους</span> <span class='ocrx_word' id='word_1_71' title='bbox 1175 779 1330 832; x_wconf 84' lang='grc' dir='ltr'>δοκέω</span> <span class='ocrx_word' id='word_1_72' title='bbox 1370 779 1557 848; x_wconf 89' lang='grc' dir='ltr'>λέγειν.</span> <span class='ocrx_word' id='word_1_73' title='bbox 1647 784 1801 832; x_wconf 86' lang='grc' dir='ltr'>ταῦτα</span> 
     </span>
     <span class='ocr_line' id='line_1_9' title="bbox 129 864 1924 933; baseline -0.002 -13"><span class='ocrx_word' id='word_1_74' title='bbox 129 866 222 933; x_wconf 87' lang='grc' dir='ltr'>μέν</span> <span class='ocrx_word' id='word_1_75' title='bbox 252 887 340 919; x_wconf 91' lang='grc' dir='ltr'>νυν</span> <span class='ocrx_word' id='word_1_76' title='bbox 368 867 429 918; x_wconf 80' lang='grc' dir='ltr'>τὰ</span> <span class='ocrx_word' id='word_1_77' title='bbox 458 864 663 933; x_wconf 89' lang='grc' dir='ltr'>λέγεται</span> <span class='ocrx_word' id='word_1_78' title='bbox 691 865 977 933; x_wconf 53' lang='grc' dir='ltr'>μακρότατα</span> <span class='ocrx_word' id='word_1_79' title='bbox 1008 865 1211 931; x_wconf 84' lang='grc' dir='ltr'>ε’ίρηται.</span> <span class='ocrx_word' id='word_1_80' title='bbox 1241 885 1301 920; x_wconf 61' lang='grc' dir='ltr'>ω.»</span> <span class='ocrx_word' id='word_1_81' title='bbox 1320 883 1364 918; x_wconf 67' lang='grc' dir='ltr'>«ς</span> <span class='ocrx_word' id='word_1_82' title='bbox 1390 882 1469 916; x_wconf 50' lang='lat' dir='ltr'>ut„</span> <span class='ocrx_word' id='word_1_83' title='bbox 1492 872 1924 930; x_wconf 52' lang='lat' dir='ltr'>messrpmss.</span> 
     </span>
    </p>

    <p class='ocr_par' dir='ltr' id='par_1_4' title="bbox 212 948 1904 1019">
     <span class='ocr_line' id='line_1_10' title="bbox 212 948 1904 1019; baseline 0 -17"><span class='ocrx_word' id='word_1_84' title='bbox 212 950 565 1019; x_wconf 73' lang='grc' dir='ltr'>Ὑπερβορέων</span> <span class='ocrx_word' id='word_1_85' title='bbox 595 952 649 1002; x_wconf 81' lang='grc' dir='ltr'>δὲ</span> <span class='ocrx_word' id='word_1_86' title='bbox 679 949 792 1017; x_wconf 88' lang='grc' dir='ltr'>πέρι</span> <span class='ocrx_word' id='word_1_87' title='bbox 821 950 1096 1017; x_wconf 86' lang='grc' dir='ltr'>ἀνθρώπων</span> <span class='ocrx_word' id='word_1_88' title='bbox 1137 949 1249 1001; x_wconf 80' lang='grc' dir='ltr'>οὔτε</span> <span class='ocrx_word' id='word_1_89' title='bbox 1285 970 1333 1001; x_wconf 93' lang='grc' dir='ltr'>τι</span> <span class='ocrx_word' id='word_1_90' title='bbox 1371 950 1555 1002; x_wconf 86' lang='grc' dir='ltr'>Σκύθαι</span> <span class='ocrx_word' id='word_1_91' title='bbox 1592 948 1802 1018; x_wconf 90' lang='grc' dir='ltr'>λέγουσι</span> <span class='ocrx_word' id='word_1_92' title='bbox 1839 966 1904 1015; x_wconf 84' lang='lat'>32</span> 
     </span>
    </p>

    <p class='ocr_par' dir='ltr' id='par_1_5' title="bbox 55 1033 1802 1443">
     <span class='ocr_line' id='line_1_11' title="bbox 55 1033 1801 1106; baseline -0.002 -17"><span class='ocrx_word' id='word_1_93' title='bbox 55 1052 105 1083; x_wconf 90' lang='lat'>10</span> <span class='ocrx_word' id='word_1_94' title='bbox 129 1035 271 1089; x_wconf 79' lang='grc' dir='ltr'>οὐδὲν</span> <span class='ocrx_word' id='word_1_95' title='bbox 315 1035 429 1088; x_wconf 80' lang='grc' dir='ltr'>οὔτε</span> <span class='ocrx_word' id='word_1_96' title='bbox 472 1037 603 1089; x_wconf 79' lang='grc' dir='ltr'>τινὲς</span> <span class='ocrx_word' id='word_1_97' title='bbox 647 1034 797 1086; x_wconf 84' lang='grc' dir='ltr'>ἄλλοι</span> <span class='ocrx_word' id='word_1_98' title='bbox 840 1039 940 1086; x_wconf 83' lang='grc' dir='ltr'>τῶν</span> <span class='ocrx_word' id='word_1_99' title='bbox 985 1035 1136 1106; x_wconf 86' lang='grc' dir='ltr'>ταύτῃ</span> <span class='ocrx_word' id='word_1_100' title='bbox 1184 1033 1474 1100; x_wconf 82' lang='grc' dir='ltr'>οἰκημένων,</span> <span class='ocrx_word' id='word_1_101' title='bbox 1510 1037 1552 1087; x_wconf 86' lang='grc' dir='ltr'>εἷ</span> <span class='ocrx_word' id='word_1_102' title='bbox 1595 1034 1662 1099; x_wconf 83' lang='grc' dir='ltr'>μὴ</span> <span class='ocrx_word' id='word_1_103' title='bbox 1707 1034 1801 1101; x_wconf 83' lang='grc' dir='ltr'>ἄρα</span> 
     </span>
     <span class='ocr_line' id='line_1_12' title="bbox 129 1117 1797 1186; baseline -0.002 -13"><span class='ocrx_word' id='word_1_104' title='bbox 129 1121 438 1186; x_wconf 80' lang='grc' dir='ltr'>Ἰσσηδόνες.</span> <span class='ocrx_word' id='word_1_105' title='bbox 528 1120 594 1173; x_wconf 83' lang='grc' dir='ltr'>ὡς</span> <span class='ocrx_word' id='word_1_106' title='bbox 633 1119 675 1171; x_wconf 88' lang='grc' dir='ltr'>δ’</span> <span class='ocrx_word' id='word_1_107' title='bbox 716 1120 815 1186; x_wconf 82' lang='grc' dir='ltr'>ἐγὼ</span> <span class='ocrx_word' id='word_1_108' title='bbox 854 1117 1027 1178; x_wconf 89' lang='grc' dir='ltr'>δοκέω,</span> <span class='ocrx_word' id='word_1_109' title='bbox 1071 1118 1171 1170; x_wconf 83' lang='grc' dir='ltr'>οὐδ’</span> <span class='ocrx_word' id='word_1_110' title='bbox 1211 1118 1344 1170; x_wconf 76' lang='grc' dir='ltr'>οὗτοι</span> <span class='ocrx_word' id='word_1_111' title='bbox 1386 1118 1598 1186; x_wconf 91' lang='grc' dir='ltr'>λέγουσι</span> <span class='ocrx_word' id='word_1_112' title='bbox 1637 1118 1797 1171; x_wconf 82' lang='grc' dir='ltr'>οὐδέν·</span> 
     </span>
     <span class='ocr_line' id='line_1_13' title="bbox 130 1203 1802 1273; baseline -0.001 -15"><span class='ocrx_word' id='word_1_113' title='bbox 130 1206 308 1272; x_wconf 82' lang='grc' dir='ltr'>ἔλεγον</span> <span class='ocrx_word' id='word_1_114' title='bbox 353 1206 447 1273; x_wconf 79' lang='grc' dir='ltr'>γὰρ</span> <span class='ocrx_word' id='word_1_115' title='bbox 491 1203 553 1256; x_wconf 81' lang='grc' dir='ltr'>ἂν</span> <span class='ocrx_word' id='word_1_116' title='bbox 599 1205 678 1256; x_wconf 86' lang='grc' dir='ltr'>καὶ</span> <span class='ocrx_word' id='word_1_117' title='bbox 730 1204 931 1262; x_wconf 90' lang='grc' dir='ltr'>Σκύθαι,</span> <span class='ocrx_word' id='word_1_118' title='bbox 981 1204 1045 1257; x_wconf 84' lang='grc' dir='ltr'>ὡς</span> <span class='ocrx_word' id='word_1_119' title='bbox 1090 1204 1202 1270; x_wconf 87' lang='grc' dir='ltr'>περὶ</span> <span class='ocrx_word' id='word_1_120' title='bbox 1253 1208 1352 1255; x_wconf 82' lang='grc' dir='ltr'>τῶν</span> <span class='ocrx_word' id='word_1_121' title='bbox 1396 1203 1802 1271; x_wconf 85' lang='grc' dir='ltr'>μουνοφθάλμων</span> 
     </span>
     <span class='ocr_line' id='line_1_14' title="bbox 127 1287 1799 1358; baseline -0.002 -16"><span class='ocrx_word' id='word_1_122' title='bbox 127 1289 354 1358; x_wconf 91' lang='grc' dir='ltr'>λέγουσι.</span> <span class='ocrx_word' id='word_1_123' title='bbox 444 1288 560 1340; x_wconf 82' lang='grc' dir='ltr'>ἀλλ’</span> <span class='ocrx_word' id='word_1_124' title='bbox 595 1287 821 1358; x_wconf 79' lang='grc' dir='ltr'>Ἡσιόδῳ</span> <span class='ocrx_word' id='word_1_125' title='bbox 859 1287 951 1354; x_wconf 88' lang='grc' dir='ltr'>μέν</span> <span class='ocrx_word' id='word_1_126' title='bbox 990 1289 1098 1339; x_wconf 85' lang='grc' dir='ltr'>ἐστι</span> <span class='ocrx_word' id='word_1_127' title='bbox 1136 1288 1249 1354; x_wconf 88' lang='grc' dir='ltr'>περὶ</span> <span class='ocrx_word' id='word_1_128' title='bbox 1279 1287 1632 1355; x_wconf 73' lang='grc' dir='ltr'>Ὑπερβορέων</span> <span class='ocrx_word' id='word_1_129' title='bbox 1668 1290 1799 1355; x_wconf 85' lang='grc' dir='ltr'>εἰρη-</span> 
     </span>
     <span class='ocr_line' id='line_1_15' title="bbox 126 1372 1801 1443; baseline -0.001 -17"><span class='ocrx_word' id='word_1_130' title='bbox 126 1374 267 1440; x_wconf 89' lang='grc' dir='ltr'>μένα,</span> <span class='ocrx_word' id='word_1_131' title='bbox 310 1375 421 1427; x_wconf 87' lang='grc' dir='ltr'>ἔστι</span> <span class='ocrx_word' id='word_1_132' title='bbox 462 1376 515 1426; x_wconf 81' lang='grc' dir='ltr'>δὲ</span> <span class='ocrx_word' id='word_1_133' title='bbox 558 1374 636 1425; x_wconf 90' lang='grc' dir='ltr'>καὶ</span> <span class='ocrx_word' id='word_1_134' title='bbox 676 1372 879 1442; x_wconf 81' lang='grc' dir='ltr'>Ὁμήρῳ</span> <span class='ocrx_word' id='word_1_135' title='bbox 922 1374 976 1424; x_wconf 83' lang='grc' dir='ltr'>ἐν</span> <span class='ocrx_word' id='word_1_136' title='bbox 1017 1372 1354 1439; x_wconf 89' lang='grc' dir='ltr'>Ἐπιγόνοισι,</span> <span class='ocrx_word' id='word_1_137' title='bbox 1390 1374 1432 1424; x_wconf 85' lang='grc' dir='ltr'>εἶ</span> <span class='ocrx_word' id='word_1_138' title='bbox 1469 1372 1526 1437; x_wconf 79' lang='grc' dir='ltr'>δὴ</span> <span class='ocrx_word' id='word_1_139' title='bbox 1564 1378 1630 1443; x_wconf 83' lang='grc' dir='ltr'>τῷ</span> <span class='ocrx_word' id='word_1_140' title='bbox 1667 1373 1801 1424; x_wconf 83' lang='grc' dir='ltr'>ἐόντι</span> 
     </span>
    </p>

    <p class='ocr_par' dir='ltr' id='par_1_6' title="bbox 56 1456 1904 1866">
     <span class='ocr_line' id='line_1_16' title="bbox 56 1456 1904 1527; baseline -0.001 -16"><span class='ocrx_word' id='word_1_141' title='bbox 56 1475 102 1517; x_wconf 86' lang='lat'>15</span> <span class='ocrx_word' id='word_1_142' title='bbox 127 1481 185 1527; x_wconf 92' lang='grc' dir='ltr'>γε</span> <span class='ocrx_word' id='word_1_143' title='bbox 210 1457 436 1526; x_wconf 67' lang='grc' dir='ltr'>’Όμηρος</span> <span class='ocrx_word' id='word_1_144' title='bbox 465 1461 619 1510; x_wconf 79' lang='grc' dir='ltr'>ταῦτα</span> <span class='ocrx_word' id='word_1_145' title='bbox 647 1460 711 1509; x_wconf 82' lang='grc' dir='ltr'>τὰ</span> <span class='ocrx_word' id='word_1_146' title='bbox 741 1458 863 1510; x_wconf 87' lang='grc' dir='ltr'>ἔπεα</span> <span class='ocrx_word' id='word_1_147' title='bbox 901 1458 1126 1521; x_wconf 84' lang='grc' dir='ltr'>ἐποίησε.</span> <span class='ocrx_word' id='word_1_148' title='bbox 1200 1462 1375 1527; x_wconf 83' lang='grc' dir='ltr'>πολλῷ</span> <span class='ocrx_word' id='word_1_149' title='bbox 1408 1456 1463 1508; x_wconf 91' lang='grc' dir='ltr'>δέ</span> <span class='ocrx_word' id='word_1_150' title='bbox 1497 1479 1546 1509; x_wconf 95' lang='grc' dir='ltr'>τι</span> <span class='ocrx_word' id='word_1_151' title='bbox 1581 1461 1800 1509; x_wconf 81' lang='grc' dir='ltr'>πλεῖστα</span> <span class='ocrx_word' id='word_1_152' title='bbox 1837 1466 1904 1515; x_wconf 85' lang='grc'>33</span> 
     </span>
     <span class='ocr_line' id='line_1_17' title="bbox 129 1540 1801 1610; baseline -0.001 -14"><span class='ocrx_word' id='word_1_153' title='bbox 129 1543 240 1610; x_wconf 85' lang='grc' dir='ltr'>περὶ</span> <span class='ocrx_word' id='word_1_154' title='bbox 291 1545 452 1595; x_wconf 84' lang='grc' dir='ltr'>αὐτῶν</span> <span class='ocrx_word' id='word_1_155' title='bbox 506 1542 690 1608; x_wconf 86' lang='grc' dir='ltr'>Δήλιοι</span> <span class='ocrx_word' id='word_1_156' title='bbox 741 1541 968 1609; x_wconf 92' lang='grc' dir='ltr'>λέγουσι,</span> <span class='ocrx_word' id='word_1_157' title='bbox 1016 1540 1232 1608; x_wconf 89' lang='grc' dir='ltr'>φάμενοι</span> <span class='ocrx_word' id='word_1_158' title='bbox 1284 1543 1364 1609; x_wconf 78' lang='grc' dir='ltr'>ἱρὰ</span> <span class='ocrx_word' id='word_1_159' title='bbox 1410 1541 1702 1607; x_wconf 83' lang='grc' dir='ltr'>ἐνδεδεμένα</span> <span class='ocrx_word' id='word_1_160' title='bbox 1746 1544 1801 1594; x_wconf 82' lang='grc' dir='ltr'>ἐν</span> 
     </span>
     <span class='ocr_line' id='line_1_18' title="bbox 129 1625 1800 1699; baseline 0.001 -20"><span class='ocrx_word' id='word_1_161' title='bbox 129 1627 327 1699; x_wconf 85' lang='grc' dir='ltr'>καλάμῃ</span> <span class='ocrx_word' id='word_1_162' title='bbox 371 1632 538 1695; x_wconf 84' lang='grc' dir='ltr'>πυρῶν</span> <span class='ocrx_word' id='word_1_163' title='bbox 583 1626 642 1692; x_wconf 76' lang='grc' dir='ltr'>ἐξ</span> <span class='ocrx_word' id='word_1_164' title='bbox 680 1625 1034 1693; x_wconf 75' lang='grc' dir='ltr'>Ὑπερβορέων</span> <span class='ocrx_word' id='word_1_165' title='bbox 1080 1627 1335 1693; x_wconf 87' lang='grc' dir='ltr'>φερόμενα</span> <span class='ocrx_word' id='word_1_166' title='bbox 1379 1626 1704 1679; x_wconf 84' lang='grc' dir='ltr'>ἀπικνέεσθαι</span> <span class='ocrx_word' id='word_1_167' title='bbox 1748 1628 1800 1680; x_wconf 86' lang='grc' dir='ltr'>ἐς</span> 
     </span>
     <span class='ocr_line' id='line_1_19' title="bbox 127 1710 1796 1776; baseline -0.001 -12"><span class='ocrx_word' id='word_1_168' title='bbox 127 1712 334 1772; x_wconf 90' lang='grc' dir='ltr'>Σκύθας,</span> <span class='ocrx_word' id='word_1_169' title='bbox 370 1713 468 1764; x_wconf 85' lang='grc' dir='ltr'>ἀπὸ</span> <span class='ocrx_word' id='word_1_170' title='bbox 500 1714 553 1764; x_wconf 82' lang='grc' dir='ltr'>δὲ</span> <span class='ocrx_word' id='word_1_171' title='bbox 584 1710 813 1763; x_wconf 91' lang='grc' dir='ltr'>Σκυθέων</span> <span class='ocrx_word' id='word_1_172' title='bbox 848 1710 939 1776; x_wconf 88' lang='grc' dir='ltr'>ἤδη</span> <span class='ocrx_word' id='word_1_173' title='bbox 978 1710 1270 1776; x_wconf 89' lang='grc' dir='ltr'>δεκομένους</span> <span class='ocrx_word' id='word_1_174' title='bbox 1307 1711 1402 1763; x_wconf 83' lang='grc' dir='ltr'>αἰεὶ</span> <span class='ocrx_word' id='word_1_175' title='bbox 1438 1710 1551 1765; x_wconf 83' lang='grc' dir='ltr'>τοὺς</span> <span class='ocrx_word' id='word_1_176' title='bbox 1581 1718 1796 1776; x_wconf 88' lang='grc' dir='ltr'>πλησιο-</span> 
     </span>
     <span class='ocr_line' id='line_1_20' title="bbox 127 1794 1798 1866; baseline -0.001 -18"><span class='ocrx_word' id='word_1_177' title='bbox 127 1797 318 1866; x_wconf 84' lang='grc' dir='ltr'>χώρους</span> <span class='ocrx_word' id='word_1_178' title='bbox 349 1795 589 1850; x_wconf 83' lang='grc' dir='ltr'>ἑκάστους</span> <span class='ocrx_word' id='word_1_179' title='bbox 621 1796 836 1861; x_wconf 79' lang='grc' dir='ltr'>κομίζειν</span> <span class='ocrx_word' id='word_1_180' title='bbox 874 1795 997 1847; x_wconf 83' lang='grc' dir='ltr'>αὗτᾶ</span> <span class='ocrx_word' id='word_1_181' title='bbox 1031 1795 1089 1847; x_wconf 87' lang='grc' dir='ltr'>τὸ</span> <span class='ocrx_word' id='word_1_182' title='bbox 1130 1799 1252 1862; x_wconf 86' lang='grc' dir='ltr'>πρὸς</span> <span class='ocrx_word' id='word_1_183' title='bbox 1288 1794 1505 1862; x_wconf 82' lang='grc' dir='ltr'>ἑσπέρης</span> <span class='ocrx_word' id='word_1_184' title='bbox 1541 1794 1798 1848; x_wconf 82' lang='grc' dir='ltr'>ἑκαστάτω</span> 
     </span>
    </p>

    <p class='ocr_par' dir='ltr' id='par_1_7' title="bbox 53 1879 1882 2202">
     <span class='ocr_line' id='line_1_21' title="bbox 53 1879 1882 1948; baseline 0 -16"><span class='ocrx_word' id='word_1_185' title='bbox 53 1904 103 1932; x_wconf 86' lang='lat'>20</span> <span class='ocrx_word' id='word_1_186' title='bbox 126 1882 208 1934; x_wconf 79' lang='grc' dir='ltr'>ἐπὶ</span> <span class='ocrx_word' id='word_1_187' title='bbox 230 1881 317 1934; x_wconf 90' lang='grc' dir='ltr'>τὸν</span> <span class='ocrx_word' id='word_1_188' title='bbox 339 1881 558 1948; x_wconf 89' lang='grc' dir='ltr'>Ἀδρίην,</span> <span class='ocrx_word' id='word_1_189' title='bbox 586 1882 812 1933; x_wconf 79' lang='grc' dir='ltr'>ἐνθεῦτεν</span> <span class='ocrx_word' id='word_1_190' title='bbox 836 1883 889 1933; x_wconf 85' lang='grc' dir='ltr'>δὲ</span> <span class='ocrx_word' id='word_1_191' title='bbox 918 1879 1040 1947; x_wconf 84' lang='grc' dir='ltr'>πρὸς</span> <span class='ocrx_word' id='word_1_192' title='bbox 1062 1881 1385 1947; x_wconf 89' lang='grc' dir='ltr'>μεσαμβρίην</span> <span class='ocrx_word' id='word_1_193' title='bbox 1410 1882 1799 1947; x_wconf 91' lang='grc' dir='ltr'>προπεμπόμενα</span> <span class='ocrx_word' id='word_1_194' title='bbox 1839 1902 1882 1933; x_wconf 89' lang='lat'>2.</span> 
     </span>
     <span class='ocr_line' id='line_1_22' title="bbox 126 1963 1799 2035; baseline -0.002 -15"><span class='ocrx_word' id='word_1_195' title='bbox 126 1967 348 2035; x_wconf 86' lang='grc' dir='ltr'>πρώτους</span> <span class='ocrx_word' id='word_1_196' title='bbox 393 1966 722 2019; x_wconf 89' lang='grc' dir='ltr'>Δωδωναίους</span> <span class='ocrx_word' id='word_1_197' title='bbox 764 1963 1029 2029; x_wconf 88' lang='grc' dir='ltr'>Ἑλλήνων</span> <span class='ocrx_word' id='word_1_198' title='bbox 1074 1963 1325 2025; x_wconf 89' lang='grc' dir='ltr'>δέκεσθαι,</span> <span class='ocrx_word' id='word_1_199' title='bbox 1373 1964 1472 2017; x_wconf 82' lang='grc' dir='ltr'>ἀπὸ</span> <span class='ocrx_word' id='word_1_200' title='bbox 1515 1967 1568 2017; x_wconf 81' lang='grc' dir='ltr'>δὲ</span> <span class='ocrx_word' id='word_1_201' title='bbox 1612 1965 1799 2017; x_wconf 88' lang='grc' dir='ltr'>τούτων</span> 
     </span>
     <span class='ocr_line' id='line_1_23' title="bbox 128 2048 1798 2117; baseline 0 -14"><span class='ocrx_word' id='word_1_202' title='bbox 128 2051 452 2116; x_wconf 88' lang='grc' dir='ltr'>καταβαίνειν</span> <span class='ocrx_word' id='word_1_203' title='bbox 484 2050 565 2102; x_wconf 85' lang='grc' dir='ltr'>ἐπὶ</span> <span class='ocrx_word' id='word_1_204' title='bbox 599 2049 685 2102; x_wconf 85' lang='grc' dir='ltr'>τὸν</span> <span class='ocrx_word' id='word_1_205' title='bbox 727 2048 931 2114; x_wconf 87' lang='grc' dir='ltr'>Μηλιέα</span> <span class='ocrx_word' id='word_1_206' title='bbox 973 2049 1162 2101; x_wconf 91' lang='grc' dir='ltr'>κόλπον</span> <span class='ocrx_word' id='word_1_207' title='bbox 1202 2050 1280 2101; x_wconf 83' lang='grc' dir='ltr'>καὶ</span> <span class='ocrx_word' id='word_1_208' title='bbox 1323 2049 1707 2117; x_wconf 88' lang='grc' dir='ltr'>διαπορεύεσθαι</span> <span class='ocrx_word' id='word_1_209' title='bbox 1746 2051 1798 2103; x_wconf 81' lang='grc' dir='ltr'>ἐς</span> 
     </span>
     <span class='ocr_line' id='line_1_24' title="bbox 129 2132 1798 2202; baseline -0.001 -15"><span class='ocrx_word' id='word_1_210' title='bbox 129 2136 370 2202; x_wconf 80' lang='grc' dir='ltr'>Εὔβοιαν,</span> <span class='ocrx_word' id='word_1_211' title='bbox 411 2135 564 2188; x_wconf 88' lang='grc' dir='ltr'>πόλιν</span> <span class='ocrx_word' id='word_1_212' title='bbox 599 2157 654 2186; x_wconf 90' lang='grc' dir='ltr'>τε</span> <span class='ocrx_word' id='word_1_213' title='bbox 697 2136 747 2188; x_wconf 82' lang='grc' dir='ltr'>ἐς</span> <span class='ocrx_word' id='word_1_214' title='bbox 787 2135 938 2186; x_wconf 88' lang='grc' dir='ltr'>πόλιν</span> <span class='ocrx_word' id='word_1_215' title='bbox 979 2132 1194 2199; x_wconf 91' lang='grc' dir='ltr'>πέμπειν</span> <span class='ocrx_word' id='word_1_216' title='bbox 1233 2133 1383 2202; x_wconf 91' lang='grc' dir='ltr'>μέχρι</span> <span class='ocrx_word' id='word_1_217' title='bbox 1427 2135 1706 2200; x_wconf 87' lang='grc' dir='ltr'>Καρύστου,</span> <span class='ocrx_word' id='word_1_218' title='bbox 1739 2134 1798 2186; x_wconf 83' lang='grc' dir='ltr'>τὸ</span> 
     </span>
    </p>

    <p class='ocr_par' dir='ltr' id='par_1_8' title="bbox 0 2217 1798 2292">
     <span class='ocr_line' id='line_1_25' title="bbox 0 2217 1798 2292; baseline -0.002 -16"><span class='ocrx_word' id='word_1_219' title='bbox 0 2236 75 2276; x_wconf 57' lang='grc' dir='ltr'>κώ</span> <span class='ocrx_word' id='word_1_220' title='bbox 126 2219 168 2272; x_wconf 88' lang='grc' dir='ltr'>δ’</span> <span class='ocrx_word' id='word_1_221' title='bbox 200 2219 297 2272; x_wconf 81' lang='grc' dir='ltr'>ἀπὸ</span> <span class='ocrx_word' id='word_1_222' title='bbox 327 2220 507 2285; x_wconf 89' lang='grc' dir='ltr'>ταύτης</span> <span class='ocrx_word' id='word_1_223' title='bbox 537 2222 761 2292; x_wconf 47' lang='grc' dir='ltr'>ἐκλ-ιπεῖν</span> <span class='ocrx_word' id='word_1_224' title='bbox 786 2217 1017 2285; x_wconf 78' lang='grc' dir='ltr'>Ἄνδρον·</span> <span class='ocrx_word' id='word_1_225' title='bbox 1066 2220 1378 2284; x_wconf 91' lang='grc' dir='ltr'>Καρυστίους</span> <span class='ocrx_word' id='word_1_226' title='bbox 1408 2220 1503 2286; x_wconf 76' lang='grc' dir='ltr'>γὰρ</span> <span class='ocrx_word' id='word_1_227' title='bbox 1536 2217 1798 2272; x_wconf 74' lang='grc' dir='ltr'>εἶναιτοὺς</span> 
     </span>
    </p>

    <p class='ocr_par' dir='ltr' id='par_1_9' title="bbox 0 2282 1865 2625">
     <span class='ocr_line' id='line_1_26' title="bbox 0 2282 1865 2371; baseline -0.001 -15"><span class='ocrx_word' id='word_1_228' title='bbox 0 2282 414 2371; x_wconf 52' lang='lat' dir='ltr'>“i‘g&#39;xouigovras</span> <span class='ocrx_word' id='word_1_229' title='bbox 455 2306 506 2358; x_wconf 81' lang='grc' dir='ltr'>ἐς</span> <span class='ocrx_word' id='word_1_230' title='bbox 543 2307 726 2369; x_wconf 88' lang='grc' dir='ltr'>Τῆνον,</span> <span class='ocrx_word' id='word_1_231' title='bbox 769 2303 983 2368; x_wconf 90' lang='grc' dir='ltr'>Τηνίους</span> <span class='ocrx_word' id='word_1_232' title='bbox 1023 2305 1078 2355; x_wconf 81' lang='grc' dir='ltr'>δὲ</span> <span class='ocrx_word' id='word_1_233' title='bbox 1113 2304 1164 2356; x_wconf 80' lang='grc' dir='ltr'>ἐς</span> <span class='ocrx_word' id='word_1_234' title='bbox 1207 2306 1396 2368; x_wconf 88' lang='grc' dir='ltr'>Δῆλον.</span> <span class='ocrx_word' id='word_1_235' title='bbox 1473 2302 1797 2356; x_wconf 83' lang='grc' dir='ltr'>ἀπικνέεσθαι</span> <span class='ocrx_word' id='word_1_236' title='bbox 1840 2326 1865 2369; x_wconf 86' lang='lat'>3</span> 
     </span>
     <span class='ocr_line' id='line_1_27' title="bbox 122 2386 1795 2455; baseline -0.001 -13"><span class='ocrx_word' id='word_1_237' title='bbox 122 2388 216 2455; x_wconf 89' lang='grc' dir='ltr'>μέν</span> <span class='ocrx_word' id='word_1_238' title='bbox 250 2410 338 2442; x_wconf 91' lang='grc' dir='ltr'>νυν</span> <span class='ocrx_word' id='word_1_239' title='bbox 376 2389 501 2441; x_wconf 84' lang='grc' dir='ltr'>οὕτω</span> <span class='ocrx_word' id='word_1_240' title='bbox 536 2393 688 2440; x_wconf 81' lang='grc' dir='ltr'>ταῦτα</span> <span class='ocrx_word' id='word_1_241' title='bbox 727 2389 788 2439; x_wconf 80' lang='grc' dir='ltr'>τὰ</span> <span class='ocrx_word' id='word_1_242' title='bbox 830 2389 908 2455; x_wconf 78' lang='grc' dir='ltr'>ἱρὰ</span> <span class='ocrx_word' id='word_1_243' title='bbox 949 2386 1160 2454; x_wconf 85' lang='grc' dir='ltr'>λέγουσι</span> <span class='ocrx_word' id='word_1_244' title='bbox 1196 2389 1248 2442; x_wconf 83' lang='grc' dir='ltr'>ἐς</span> <span class='ocrx_word' id='word_1_245' title='bbox 1286 2390 1476 2452; x_wconf 86' lang='grc' dir='ltr'>Δῆλον,</span> <span class='ocrx_word' id='word_1_246' title='bbox 1509 2393 1705 2454; x_wconf 83' lang='grc' dir='ltr'>πρῶτον</span> <span class='ocrx_word' id='word_1_247' title='bbox 1742 2390 1795 2441; x_wconf 83' lang='grc' dir='ltr'>δὲ</span> 
     </span>
     <span class='ocr_line' id='line_1_28' title="bbox 123 2471 1795 2541; baseline 0.001 -17"><span class='ocrx_word' id='word_1_248' title='bbox 123 2473 239 2528; x_wconf 83' lang='grc' dir='ltr'>τοὺς</span> <span class='ocrx_word' id='word_1_249' title='bbox 268 2471 635 2541; x_wconf 64' lang='grc' dir='ltr'>’Ὑπερβορέους</span> <span class='ocrx_word' id='word_1_250' title='bbox 665 2472 863 2539; x_wconf 81' lang='grc' dir='ltr'>πέμψαι</span> <span class='ocrx_word' id='word_1_251' title='bbox 901 2471 1157 2539; x_wconf 90' lang='grc' dir='ltr'>φερούσας</span> <span class='ocrx_word' id='word_1_252' title='bbox 1186 2473 1248 2524; x_wconf 81' lang='grc' dir='ltr'>τὰ</span> <span class='ocrx_word' id='word_1_253' title='bbox 1280 2473 1359 2538; x_wconf 81' lang='grc' dir='ltr'>ἱρὰ</span> <span class='ocrx_word' id='word_1_254' title='bbox 1389 2472 1475 2523; x_wconf 90' lang='grc' dir='ltr'>δύο</span> <span class='ocrx_word' id='word_1_255' title='bbox 1507 2473 1673 2539; x_wconf 90' lang='grc' dir='ltr'>κόρας,</span> <span class='ocrx_word' id='word_1_256' title='bbox 1709 2473 1795 2526; x_wconf 79' lang='grc' dir='ltr'>τὰς</span> 
     </span>
     <span class='ocr_line' id='line_1_29' title="bbox 124 2555 1795 2625; baseline 0 -16"><span class='ocrx_word' id='word_1_257' title='bbox 124 2556 423 2625; x_wconf 80' lang='grc' dir='ltr'>ὀνομάζουσι</span> <span class='ocrx_word' id='word_1_258' title='bbox 462 2557 646 2624; x_wconf 91' lang='grc' dir='ltr'>Δήλιοι</span> <span class='ocrx_word' id='word_1_259' title='bbox 686 2557 812 2609; x_wconf 78' lang='grc' dir='ltr'>εἶναι</span> <span class='ocrx_word' id='word_1_260' title='bbox 841 2555 1124 2625; x_wconf 66' lang='grc' dir='ltr'>’Ὑπερόχην</span> <span class='ocrx_word' id='word_1_261' title='bbox 1165 2578 1219 2609; x_wconf 91' lang='grc' dir='ltr'>τε</span> <span class='ocrx_word' id='word_1_262' title='bbox 1262 2556 1340 2608; x_wconf 87' lang='grc' dir='ltr'>καὶ</span> <span class='ocrx_word' id='word_1_263' title='bbox 1379 2557 1645 2622; x_wconf 89' lang='grc' dir='ltr'>Λαοδίκην·</span> <span class='ocrx_word' id='word_1_264' title='bbox 1692 2556 1795 2623; x_wconf 81' lang='grc' dir='ltr'>ἅμα</span> 
     </span>
    </p>
   </div>
   <div class='ocr_carea' id='block_1_3' title="bbox 121 2693 1793 2801">
    <p class='ocr_par' dir='ltr' id='par_1_10' title="bbox 121 2693 1793 2801">
     <span class='ocr_line' id='line_1_30' title="bbox 181 2693 1793 2746; baseline 0 -10"><span class='ocrx_word' id='word_1_265' title='bbox 181 2709 200 2736; x_wconf 89' lang='lat'>1</span> <span class='ocrx_word' id='word_1_266' title='bbox 233 2695 385 2739; x_wconf 82' lang='grc' dir='ltr'>αὐτέων</span> <span class='ocrx_word' id='word_1_267' title='bbox 407 2696 446 2734; x_wconf 90' lang='lat' dir='ltr'><strong>R</strong></span> <span class='ocrx_word' id='word_1_268' title='bbox 462 2696 543 2736; x_wconf 88' lang='lat' dir='ltr'>SV</span> <span class='ocrx_word' id='word_1_269' title='bbox 653 2709 678 2734; x_wconf 87' lang='lat'>2</span> <span class='ocrx_word' id='word_1_270' title='bbox 707 2708 768 2746; x_wconf 84' lang='lat' dir='ltr'>pr.</span> <span class='ocrx_word' id='word_1_271' title='bbox 792 2700 865 2736; x_wconf 82' lang='grc' dir='ltr'>τοῦ</span> <span class='ocrx_word' id='word_1_272' title='bbox 885 2707 966 2734; x_wconf 90' lang='lat' dir='ltr'>om.</span> <span class='ocrx_word' id='word_1_273' title='bbox 993 2695 1023 2734; x_wconf 87' lang='lat' dir='ltr'>S</span> <span class='ocrx_word' id='word_1_274' title='bbox 1038 2694 1077 2733; x_wconf 94' lang='lat' dir='ltr'>V</span> <span class='ocrx_word' id='word_1_275' title='bbox 1195 2707 1222 2745; x_wconf 86' lang='lat'><strong>3</strong></span> <span class='ocrx_word' id='word_1_276' title='bbox 1253 2693 1358 2736; x_wconf 78' lang='grc' dir='ltr'>εἰκός</span> <span class='ocrx_word' id='word_1_277' title='bbox 1380 2694 1462 2735; x_wconf 90' lang='lat' dir='ltr'>SV</span> <span class='ocrx_word' id='word_1_278' title='bbox 1572 2709 1597 2744; x_wconf 90' lang='lat'><strong>4</strong></span> <span class='ocrx_word' id='word_1_279' title='bbox 1629 2695 1735 2736; x_wconf 82' lang='grc' dir='ltr'>ἔοικε</span> <span class='ocrx_word' id='word_1_280' title='bbox 1759 2696 1793 2735; x_wconf 87' lang='lat' dir='ltr'>L</span> 
     </span>
     <span class='ocr_line' id='line_1_31' title="bbox 121 2748 1791 2801; baseline 0.001 -12"><span class='ocrx_word' id='word_1_281' title='bbox 121 2752 201 2801; x_wconf 88' lang='lat'>6-7</span> <span class='ocrx_word' id='word_1_282' title='bbox 231 2752 326 2793; x_wconf 79' lang='grc' dir='ltr'>τοὺς</span> <span class='ocrx_word' id='word_1_283' title='bbox 345 2757 389 2795; x_wconf 82' lang='grc' dir='ltr'>Σ.</span> <span class='ocrx_word' id='word_1_284' title='bbox 411 2752 490 2801; x_wconf 74' lang='grc' dir='ltr'>τὴν</span> <span class='ocrx_word' id='word_1_285' title='bbox 510 2750 628 2801; x_wconf 81' lang='grc' dir='ltr'>χιόνα</span> <span class='ocrx_word' id='word_1_286' title='bbox 646 2749 735 2789; x_wconf 89' lang='grc' dir='ltr'>ΑΒ</span> <span class='ocrx_word' id='word_1_287' title='bbox 751 2751 785 2790; x_wconf 92' lang='lat' dir='ltr'>C</span> <span class='ocrx_word' id='word_1_288' title='bbox 920 2763 970 2790; x_wconf 91' lang='lat'>10</span> <span class='ocrx_word' id='word_1_289' title='bbox 1000 2748 1115 2791; x_wconf 82' lang='grc' dir='ltr'>οὐδὲν</span> <span class='ocrx_word' id='word_1_290' title='bbox 1136 2762 1219 2790; x_wconf 88' lang='lat' dir='ltr'>om.</span> <span class='ocrx_word' id='word_1_291' title='bbox 1243 2748 1329 2788; x_wconf 93' lang='lat' dir='ltr'>AB</span> <span class='ocrx_word' id='word_1_292' title='bbox 1345 2749 1380 2789; x_wconf 91' lang='lat' dir='ltr'>C</span> <span class='ocrx_word' id='word_1_293' title='bbox 1515 2762 1559 2788; x_wconf 88' lang='lat'>11</span> <span class='ocrx_word' id='word_1_294' title='bbox 1592 2751 1628 2791; x_wconf 87' lang='grc' dir='ltr'>δ’</span> <span class='ocrx_word' id='word_1_295' title='bbox 1649 2763 1731 2790; x_wconf 90' lang='lat' dir='ltr'>om.</span> <span class='ocrx_word' id='word_1_296' title='bbox 1757 2750 1791 2790; x_wconf 93' lang='lat' dir='ltr'>C</span> 
     </span>
    </p>
   </div>
   <div class='ocr_carea' id='block_1_4' title="bbox 121 2804 1793 2966">
    <p class='ocr_par' dir='ltr' id='par_1_11' title="bbox 121 2804 1793 2966">
     <span class='ocr_line' id='line_1_32' title="bbox 126 2804 1788 2860; baseline 0.001 -15"><span class='ocrx_word' id='word_1_297' title='bbox 126 2818 176 2845; x_wconf 82' lang='lat'>12</span> <span class='ocrx_word' id='word_1_298' title='bbox 205 2807 340 2860; x_wconf 76' lang='grc' dir='ltr'>ὥσπερ</span> <span class='ocrx_word' id='word_1_299' title='bbox 359 2807 447 2860; x_wconf 81' lang='grc' dir='ltr'>περὶ</span> <span class='ocrx_word' id='word_1_300' title='bbox 471 2805 510 2845; x_wconf 87' lang='lat' dir='ltr'><strong>R</strong></span> <span class='ocrx_word' id='word_1_301' title='bbox 529 2820 538 2845; x_wconf 78' lang='lat' dir='ltr'><strong><em>z</em></strong></span> <span class='ocrx_word' id='word_1_302' title='bbox 568 2807 703 2859; x_wconf 79' lang='grc' dir='ltr'>ὥσπερ</span> <span class='ocrx_word' id='word_1_303' title='bbox 725 2805 805 2845; x_wconf 90' lang='lat' dir='ltr'>SV</span> <span class='ocrx_word' id='word_1_304' title='bbox 974 2816 1023 2853; x_wconf 92' lang='lat'>14</span> <span class='ocrx_word' id='word_1_305' title='bbox 1055 2804 1141 2845; x_wconf 78' lang='grc' dir='ltr'>ὄντι</span> <span class='ocrx_word' id='word_1_306' title='bbox 1162 2804 1202 2842; x_wconf 88' lang='grc' dir='ltr'><strong>Α</strong></span> <span class='ocrx_word' id='word_1_307' title='bbox 1219 2805 1253 2844; x_wconf 90' lang='grc' dir='ltr'>Β</span> <span class='ocrx_word' id='word_1_308' title='bbox 1268 2805 1300 2843; x_wconf 94' lang='lat' dir='ltr'>C</span> <span class='ocrx_word' id='word_1_309' title='bbox 1317 2804 1351 2843; x_wconf 92' lang='lat' dir='ltr'>P</span> <span class='ocrx_word' id='word_1_310' title='bbox 1521 2816 1568 2854; x_wconf 89' lang='lat'>15</span> <span class='ocrx_word' id='word_1_311' title='bbox 1601 2805 1788 2856; x_wconf 68' lang='grc' dir='ltr'>ἐποίησε]</span> 
     </span>
     <span class='ocr_line' id='line_1_33' title="bbox 123 2858 1791 2914; baseline -0.002 -12"><span class='ocrx_word' id='word_1_312' title='bbox 123 2861 314 2911; x_wconf 75' lang='grc' dir='ltr'>ἐποίησεν</span> <span class='ocrx_word' id='word_1_313' title='bbox 334 2859 513 2914; x_wconf 67' lang='grc' dir='ltr'>’Όμηρος</span> <span class='ocrx_word' id='word_1_314' title='bbox 544 2860 584 2899; x_wconf 90' lang='lat' dir='ltr'>R</span> <span class='ocrx_word' id='word_1_315' title='bbox 600 2859 636 2900; x_wconf 95' lang='lat' dir='ltr'>V</span> <span class='ocrx_word' id='word_1_316' title='bbox 766 2860 801 2901; x_wconf 87' lang='grc' dir='ltr'>δ’</span> <span class='ocrx_word' id='word_1_317' title='bbox 825 2859 886 2900; x_wconf 82' lang='grc' dir='ltr'>ἔτι</span> <span class='ocrx_word' id='word_1_318' title='bbox 919 2858 952 2897; x_wconf 89' lang='grc' dir='ltr'>Ρ</span> <span class='ocrx_word' id='word_1_319' title='bbox 967 2858 1006 2898; x_wconf 90' lang='lat' dir='ltr'>R</span> <span class='ocrx_word' id='word_1_320' title='bbox 1021 2859 1129 2898; x_wconf 87' lang='lat' dir='ltr'>SV:</span> <span class='ocrx_word' id='word_1_321' title='bbox 1168 2860 1218 2909; x_wconf 76' lang='grc' dir='ltr'>δὴ</span> <span class='ocrx_word' id='word_1_322' title='bbox 1248 2859 1288 2899; x_wconf 89' lang='grc' dir='ltr'><strong>Α</strong></span> <span class='ocrx_word' id='word_1_323' title='bbox 1304 2859 1340 2899; x_wconf 89' lang='grc' dir='ltr'>Β</span> <span class='ocrx_word' id='word_1_324' title='bbox 1524 2861 1574 2898; x_wconf 91' lang='lat'>16</span> <span class='ocrx_word' id='word_1_325' title='bbox 1605 2862 1733 2901; x_wconf 84' lang='grc' dir='ltr'>ἐκδεδ.</span> <span class='ocrx_word' id='word_1_326' title='bbox 1756 2860 1791 2899; x_wconf 92' lang='lat' dir='ltr'>C</span> 
     </span>
     <span class='ocr_line' id='line_1_34' title="bbox 121 2913 1793 2966; baseline 0.001 -11"><span class='ocrx_word' id='word_1_327' title='bbox 121 2926 171 2955; x_wconf 83' lang='lat'>21</span> <span class='ocrx_word' id='word_1_328' title='bbox 202 2914 382 2957; x_wconf 80' lang='grc' dir='ltr'>τουτέων</span> <span class='ocrx_word' id='word_1_329' title='bbox 403 2914 443 2954; x_wconf 93' lang='lat' dir='ltr'>R</span> <span class='ocrx_word' id='word_1_330' title='bbox 458 2915 538 2954; x_wconf 92' lang='lat' dir='ltr'>SV</span> <span class='ocrx_word' id='word_1_331' title='bbox 758 2928 811 2965; x_wconf 86' lang='lat'>23</span> <span class='ocrx_word' id='word_1_332' title='bbox 838 2913 907 2966; x_wconf 84' lang='grc' dir='ltr'>τε]</span> <span class='ocrx_word' id='word_1_333' title='bbox 931 2913 973 2956; x_wconf 86' lang='grc' dir='ltr'>δὲ</span> <span class='ocrx_word' id='word_1_334' title='bbox 994 2913 1034 2952; x_wconf 95' lang='grc' dir='ltr'>Α</span> <span class='ocrx_word' id='word_1_335' title='bbox 1048 2913 1083 2952; x_wconf 93' lang='grc' dir='ltr'>Β</span> <span class='ocrx_word' id='word_1_336' title='bbox 1099 2913 1133 2953; x_wconf 92' lang='lat' dir='ltr'>C</span> <span class='ocrx_word' id='word_1_337' title='bbox 1153 2927 1162 2953; x_wconf 76' lang='grc' dir='ltr'><strong>ε</strong></span> <span class='ocrx_word' id='word_1_338' title='bbox 1192 2913 1227 2956; x_wconf 87' lang='grc' dir='ltr'>δ’</span> <span class='ocrx_word' id='word_1_339' title='bbox 1249 2914 1280 2954; x_wconf 91' lang='lat' dir='ltr'>S</span> <span class='ocrx_word' id='word_1_340' title='bbox 1502 2926 1555 2964; x_wconf 83' lang='lat'>24</span> <span class='ocrx_word' id='word_1_341' title='bbox 1586 2914 1793 2956; x_wconf 80' lang='grc' dir='ltr'>ἐκλείπειν</span> 
     </span>
    </p>
   </div>
   <div class='ocr_carea' id='block_1_5' title="bbox 121 2968 1804 3080">
    <p class='ocr_par' dir='ltr' id='par_1_12' title="bbox 121 2968 1804 3080">
     <span class='ocr_line' id='line_1_35' title="bbox 123 2968 1804 3024; baseline 0.001 -15"><span class='ocrx_word' id='word_1_342' title='bbox 123 2969 258 3010; x_wconf 87' lang='lat' dir='ltr'>Cobet</span> <span class='ocrx_word' id='word_1_343' title='bbox 288 2969 290 2971; x_wconf 70' lang='grc'><strong>’</strong></span> <span class='ocrx_word' id='word_1_344' title='bbox 406 2982 458 3020; x_wconf 88' lang='lat'>25</span> <span class='ocrx_word' id='word_1_345' title='bbox 493 2971 624 3012; x_wconf 84' lang='grc' dir='ltr'>ἀπικν.</span> <span class='ocrx_word' id='word_1_346' title='bbox 643 3001 652 3011; x_wconf 92' lang='grc'><strong>.</strong></span> <span class='ocrx_word' id='word_1_347' title='bbox 672 3001 681 3010; x_wconf 91' lang='grc'><strong>.</strong></span> <span class='ocrx_word' id='word_1_348' title='bbox 699 3000 708 3010; x_wconf 90' lang='grc'><strong>.</strong></span> <span class='ocrx_word' id='word_1_349' title='bbox 727 2972 866 3019; x_wconf 83' lang='grc' dir='ltr'>Δῆλον</span> <span class='ocrx_word' id='word_1_350' title='bbox 895 2982 979 3011; x_wconf 84' lang='lat' dir='ltr'>om.</span> <span class='ocrx_word' id='word_1_351' title='bbox 1007 2968 1048 3008; x_wconf 90' lang='lat' dir='ltr'><strong>A</strong></span> <span class='ocrx_word' id='word_1_352' title='bbox 1063 2969 1097 3008; x_wconf 93' lang='lat' dir='ltr'>B</span> <span class='ocrx_word' id='word_1_353' title='bbox 1112 2969 1145 3009; x_wconf 93' lang='lat' dir='ltr'>C</span> <span class='ocrx_word' id='word_1_354' title='bbox 1287 2982 1338 3020; x_wconf 87' lang='lat'>27</span> <span class='ocrx_word' id='word_1_355' title='bbox 1370 2970 1671 3024; x_wconf 73' lang='grc' dir='ltr'>’Ὑπερβορείους</span> <span class='ocrx_word' id='word_1_356' title='bbox 1699 2969 1804 3022; x_wconf 70' lang='grc' dir='ltr'>ΑΒΔ</span> 
     </span>
     <span class='ocr_line' id='line_1_36' title="bbox 121 3024 479 3080; baseline 0.011 -16"><span class='ocrx_word' id='word_1_357' title='bbox 121 3026 176 3064; x_wconf 78' lang='lat'>28</span> <span class='ocrx_word' id='word_1_358' title='bbox 204 3024 300 3080; x_wconf 80' lang='grc' dir='ltr'>ὑπὲρ</span> <span class='ocrx_word' id='word_1_359' title='bbox 321 3026 424 3075; x_wconf 84' lang='grc' dir='ltr'>ὅλην</span> <span class='ocrx_word' id='word_1_360' title='bbox 445 3025 479 3064; x_wconf 87' lang='lat' dir='ltr'>C</span> 
     </span>
    </p>
   </div>
  </div>
 </body>
</html>
