2098 3320
941 55 1372 105 ΗΡΟΔΟΤΟὙ

322 183 748 254 συμβαλλομένῳ,
808 183 968 250 μέσον
1030 187 1141 238 ἐστὶ
1202 186 1469 250 Βυζαντίου
1525 206 1579 237 τε
1638 186 1716 238 καὶ
1766 191 1852 239 τοῦ
1901 187 1986 257 ἐπὶ

322 269 534 335 στόματι
566 271 686 334 ιροῦ.

406 358 618 420 Δαρεῖος
648 354 701 405 δὲ
724 354 849 418 μετὰ
878 357 1033 405 ταῦτα
1060 353 1248 418 ἡσθεὶς-
1241 361 1314 427 -τῇ
1344 355 1522 427 σχεδίῃ
1553 353 1640 408 τὸν
1660 354 2098 458 ἇρχιτέκτοναψα

320 436 470 502 αὐτῆς
507 436 844 505 Μανδροκλέα
873 436 960 490 τὸν
995 435 1185 503 Σάμιον
1216 437 1505 506 ἐδωρήσατο
1535 442 1662 509 πᾶσι
1691 438 1824 492 δέκα.
1899 439 1983 493 ἀπ’

319 522 388 574 ὧν
425 520 482 585 δη
521 520 882 588 Μανδροκλέης
918 520 1165 590 ἀπαρχήν,
1201 523 1299 593 ζῷα
1334 523 1658 590 γραψάμενος
1693 527 1862 577 πᾶσαν
1895 523 1985 588 τὴν
2008 547 2031 588 5

322 603 478 670 ζεῦξιν
514 610 600 658 τοῦ
636 607 901 674 Βοσπόρου
940 606 1018 658 καὶ
1054 607 1280 681 βασιλέα
1319 629 1373 659 τε
1411 611 1626 674 Δαρεῖον
1662 607 1716 660 ἐν
1752 610 1984 680 προεδρίῃ

321 688 594 755 κατήμενον
626 690 704 742 καὶ
733 690 819 742 τὸν
841 689 1057 758 στρατὸν
1076 691 1225 743 αὐτοῦ
1249 692 1591 757 διαβαίνοντα,
1612 696 1766 750 ταῦτα
1783 691 1982 761 γραψά-

317 795 465 839 μενος
496 773 708 840 ἀνέθηκε
739 773 793 829 ε’ς
822 775 880 827 τὸ
901 773 1138 843 ‘'Hpatov,
1173 775 1459 844 ἐπιγράψας
1489 775 1623 829 τάδε·

403 880 670 947 Βόσπορον
701 881 965 948 ἰχθυόεντα
996 881 1299 949 γεφυρώσας
1331 880 1541 947 ἀνέθηκε

486 963 847 1031 Μανδροκλέης
869 963 1008 1037 ‘'pr
1039 967 1360 1032 μνημόσυνον
1391 967 1613 1034 σχεδίης,
2011 983 2062 1012 10

400 1050 530 1119 αὐτῷ
560 1051 652 1114 μὲν
684 1048 941 1116 στέφανον
972 1051 1202 1116 περιθείς,
1238 1051 1472 1116 Σαμίοισι
1503 1053 1556 1102 δὲ
1587 1052 1742 1109 κῦδος,

486 1135 701 1200 Δαρείου
730 1133 980 1198 βασιλέος
1012 1133 1287 1189 ἐκτελέσας
1320 1137 1442 1186 κατὰ
1472 1138 1605 1187 νοῦν.

314 1242 466 1290 ταῦτα
522 1238 613 1304 μέν
674 1261 759 1291 νυν
819 1244 905 1291 τοῦ
967 1237 1224 1304 ζεύξαντος
1283 1239 1373 1304 τὴν
1420 1239 1645 1307 γέφυραν
1688 1239 1996 1305 μνημόσυνά

313 1322 530 1389 ἐγένετο,
587 1329 799 1390 Δαρεῖος
854 1326 906 1375 δὲ
964 1323 1316 1390 δωρησάμενος
1372 1322 1707 1390 Μανδροκλέα
1758 1322 1982 1388 διέβαινε

313 1409 365 1460 ἐς
408 1406 498 1471 τὴν
546 1407 802 1474 Εὐρώπην,
837 1413 972 1459 τοῖσι
1009 1406 1155 1459 Ἴωσι
1199 1410 1541 1475 παραγγείλας
1584 1406 1757 1460 πλέειν
1801 1409 1854 1461 ἐς
1895 1405 1982 1460 τὸν
2010 1425 2057 1466 15

315 1491 515 1543 Πόντον
550 1490 699 1560 μέχρι
721 1491 925 1557 Ἴστρου
963 1497 1199 1558 ποταμοῦ,
1234 1493 1387 1544 ἐπεὰν
1418 1495 1472 1545 δὲ
1510 1493 1785 1544 ἀπίκωνται
1814 1493 1865 1545 ἐς
1893 1490 1982 1544 τὸν

305 1574 525 1643 Ἴστρον,
552 1578 762 1628 ἐνθαῦτα
793 1575 940 1627 αὐτὸν
973 1575 1270 1642 περιμένειν,
1302 1576 1592 1643 ζευγνύντας
1622 1581 1709 1628 τὸν
1738 1575 1978 1642 ποταμόν·

313 1659 371 1710 τὸ
401 1661 496 1727 γὰρ
520 1659 579 1725 δὴ
601 1659 830 1713 ναυτικὸν
861 1659 985 1728 ἦγον
1008 1659 1182 1715 Ἴωνές
1212 1682 1266 1712 τε
1299 1661 1380 1712 καὶ
1411 1659 1619 1715 Αἰολέες
1650 1661 1730 1712 καὶ
1752 1659 1977 1725 Ἑλλησ-

251 1768 276 1799 2
314 1744 526 1796 πόντιοι.
646 1745 673 1795 ὁ
735 1747 826 1810 μὲν
888 1744 946 1808 δὴ
1017 1744 1244 1798 ναυτικὸς
1316 1743 1528 1812 στρατὸς
1594 1746 1685 1799 τᾶς
1751 1742 1976 1797 Κυανέας

198 2349 271 2396 90

277 1829 629 1883 »διεκπλώσας
687 1828 838 1882 ἔπλεε
897 1829 974 1881 ἰθὺ
1023 1833 1111 1880 τοῦ
1159 1828 1382 1896 Ἴστρου,
1431 1829 1739 1882 ἀναπλώσας
1786 1830 1840 1880 δὲ
1886 1827 1981 1880 ἇνᾶ
2007 1845 2056 1876 20

314 1912 536 1979 ποταμὸν
566 1917 695 1966 δυῶν
735 1913 957 1980 ἡμερέων
995 1914 1155 1965 πλόον
1193 1912 1290 1965 ἀπὸ
1329 1912 1592 1978 θαλάσσης
1631 1918 1719 1965 τοῦ
1757 1917 1981 1978 ποταμοῦ

313 1996 400 2049 τὸν
449 1997 652 2066 αὐχένα,
705 2000 759 2050 ἐκ
810 2003 896 2050 τοῦ
949 1998 1178 2067 σχίζεται
1230 2000 1291 2049 τὰ
1344 1998 1571 2063 στόματα
1620 2001 1706 2049 τοῦ
1755 1995 1977 2063 Ἴστρου,

313 2082 556 2150 ἐζεύγνυε.
647 2087 860 2149 Δαρεῖος
905 2085 958 2134 δὲ
1004 2082 1069 2136 ὣς
1108 2080 1252 2148 διέβη
1301 2087 1385 2134 τὸν
1434 2083 1695 2148 Βόσπορον
1733 2083 1856 2133 κατὰ
1888 2079 1980 2145 τὴν

314 2168 541 2234 σχεδίην,
597 2166 858 2233 ἐπορεύετο
909 2169 989 2218 διὰ
1033 2169 1120 2231 τῆς
1165 2168 1402 2233 Θρηίκης,
1453 2167 1750 2232 ἀπικόμενος
1797 2167 1851 2218 δὲ
1896 2164 1979 2217 ἐπὶ

311 2249 506 2318 Τεάρου
535 2255 757 2316 ποταμοῦ
789 2253 877 2305 τὰς
909 2253 1070 2318 πηγὰς
1096 2250 1588 2317 ἐστρατοπεδεύσατο
1616 2249 1800 2317 ἡμέρας
1829 2253 1975 2316 τρεῖς.
2005 2265 2051 2305 25

313 2335 339 2385 ὁ
386 2337 440 2387 δὲ
486 2334 677 2402 Τέαρος
725 2333 930 2402 λέγεται
974 2334 1072 2387 ὑπὸ
1118 2339 1217 2387 τῶν
1264 2336 1525 2402 περιοίκων
1572 2333 1699 2386 εἶναι
1745 2337 1978 2399 ποταμῶν
2047 2325 2050 2328 Δ

311 2417 516 2485 ἄριστος
562 2418 624 2471 τά
666 2440 721 2471 τε
764 2418 899 2471 ἄλλα
941 2414 1047 2484 (τὰ)
1094 2421 1145 2472 ἐς
1189 2417 1363 2488 ἄκεσιν
1408 2417 1628 2485 φέροντα
1673 2418 1750 2470 καὶ
1793 2417 1851 2482 δὴ
1899 2417 1978 2469 καὶ
2015 2432 2098 2469 ew·

314 2501 523 2571 ἀνδράσι
559 2504 640 2556 καὶ
677 2504 877 2556 ἵπποισι
914 2503 1095 2570 ψώρην
1133 2501 1430 2554 ἀκέσασθαι.
1519 2503 1620 2554 εἶσὶ
1656 2504 1708 2553 δὲ
1744 2501 1891 2553 αὐτοῦ
1926 2503 1977 2553 αἱ

373 2655 389 2680 1
424 2648 654 2695 συμβαλομ.
679 2642 713 2681 C
821 2645 861 2684 ἐς
881 2641 1006 2690 μέσον
1029 2641 1115 2681 ΑΒ
1133 2642 1165 2680 C
1288 2658 1335 2682 τε
1356 2654 1441 2680 om.
1469 2641 1605 2680 RSV
1635 2647 1670 2664 ⁸-
1717 2653 1742 2678 2
1773 2639 1976 2692 στόματος

314 2697 354 2735 R
371 2697 465 2746 SV,
488 2709 594 2736 corr.
622 2696 678 2735 R¹
792 2710 817 2746 4
847 2698 960 2737 παισὶ
985 2697 1017 2734 Ρ
1038 2711 1046 2735 z
1076 2695 1318 2737 ταλάντοισι
1339 2696 1552 2746 Gomperz
1663 2706 1688 2744 5
1719 2694 1918 2748 ζωαγραψ.
1942 2694 1977 2733 Ρ

317 2764 361 2789 11
397 2757 502 2805 αυτῷ
522 2753 562 2791 Α
576 2752 611 2790 Β
632 2766 641 2791 :
672 2754 777 2804 αὐτῷ
799 2751 889 2790 rell.
1119 2753 1170 2789 16
1198 2750 1377 2801 Πόντον]
1399 2751 1580 2799 ποταμὸν
1603 2749 1641 2788 R
1783 2750 1919 2790 ἐπειὰν

318 2808 366 2845 18
398 2807 452 2859 ἦ
455 2824 498 2848 ον
519 2820 601 2846 om.
626 2806 764 2845 RSV
988 2819 1037 2855 ¹9
1068 2806 1242 2859 στρατὸς
1271 2818 1354 2844 om.
1388 2804 1528 2842 ABC
1692 2804 1767 2845 τὰς
1797 2802 1831 2842 Ρ
1857 2803 1974 2842 solus

313 2875 367 2899 20
397 2863 481 2902 ι’θοῦ
500 2861 567 2901 V:
598 2862 688 2902 εὐθὺ
708 2861 748 2900 Α
762 2860 796 2899 Β
811 2861 844 2899 C
977 2862 1052 2901 ἀνὰ
1069 2862 1142 2901 τὸν
1161 2861 1342 2911 ποταμὸν
1363 2860 1396 2898 C
1412 2859 1446 2897 P
1626 2871 1679 2897 22
1709 2861 1751 2910 ἐξ
1770 2857 1815 2899 οὗ
1834 2857 1873 2896 Α
1887 2857 1922 2895 Β
1939 2857 1973 2895 C

313 2929 366 2965 23
395 2915 622 2970 Βόσπορον]
644 2915 795 2956 πόντον
815 2915 855 2954 R
872 2915 902 2954 S
916 2915 952 2952 V
1129 2927 1180 2963 24
1210 2921 1243 2955 Θ
1244 2914 1382 2983 ρηκίης
1405 2913 1444 2951 R
1460 2913 1490 2952 S
1503 2911 1542 2952 V
1720 2924 1771 2965 27
1801 2912 1854 2954 τὰ
1872 2912 1969 2951 add.

315 2969 511 3019 Krueger
621 2971 691 3009 alt.
717 2970 781 3010 καὶ
801 2981 882 3010 om.
910 2969 946 3007 A
964 2968 998 3008 B
1015 2969 1047 3008 C
1213 2971 1265 3008 28
1294 2967 1441 3011 τούτου
1462 2968 1495 3008 Ρ
1511 2968 1551 3010 R
1567 2967 1597 3007 S
1610 2965 1647 3006 V
