2098 3320
125 87 215 136 111.
239 99 276 148 9

0 222 228 280 ›mer-‘n

0 2263 195 2323 “5⁹5

937 86 1368 136 HPOAOTOT

312 215 457 283 ὕδωρ,
491 216 547 269 ἐν
583 217 638 269 δὲ
678 216 739 289 τῇ
777 214 968 286 ἀνύδρῳ
1009 214 1234 284 μεγάλας
1270 215 1541 284 δεξαμενὰς
1577 216 1865 286 ὀρύᾷπισθαι,
1902 219 1983 271 ἵνα

247 320 275 361 4
315 305 572 366 δεκομεναι
602 303 659 352 τὸ
689 300 820 368 ὕδωρ
853 297 1066 371 σῴζωσι.
1155 299 1266 354 ὁδὸς
1298 300 1339 352 δ’.
1371 301 1482 354 ἐστὶ
1513 301 1730 354 δυώδεκα
1759 298 1981 370 ἡμερέων

215 571 273 606 10

222 1582 269 1617 11

243 2010 267 2040 m

313 384 412 436 ἀπὸ
442 388 528 436 τοῦ
559 389 783 451 ποταμοῦ
823 386 873 439 ἐς
915 385 1099 450 ταύτην
1135 384 1227 450 τὴν
1263 384 1487 453 ἄνυδρον.
1577 386 1785 454 ἀγαγεῖν
1814 386 1870 439 δέ
1896 408 1982 452 μιν

313 468 374 520 δι’
405 469 598 536 ὀχετῶν
627 474 778 537 τριῶν
809 471 861 524 ἐς
890 467 1034 537 τριξὰ
1063 471 1238 538 χωρία.
1654 477 1659 482 '

351 567 353 569 ’
395 552 483 604 Ἐν
529 556 582 605 δὲ
627 559 694 624 τῷ
745 554 1020 624 Πηλουσίῳ
1071 553 1355 624 καλεομένῳ
1405 554 1617 620 στόματι
1665 559 1750 606 τοῦ
1795 556 1983 608 Νείλου
2007 579 2029 621 5

313 638 760 704 ἐστρατοπεδεύετο
809 636 1130 705 Ψαμμήνιτος
1179 639 1206 689 ὁ
1249 637 1494 705 Ἀμάσιος
1543 644 1674 699 παῖς,
1724 638 1993 705 ὑπομένων

313 722 609 787 Καμβύσεα.
693 721 916 789 Ἄμασιν
962 724 1055 790 γὰρ
1101 724 1158 775 οὗ
1207 722 1458 789 κατέλαβε
1504 724 1659 788 ζῶντα
1703 724 1984 790 Καμβύσης

313 804 502 860 ἐλάσας
533 806 608 859 ἐπ’
641 808 912 874 Αἴγυπτον,
947 808 1084 859 ἀλλὰ
1113 808 1435 873 βασιλεύσας
1465 809 1491 858 ὁ
1513 806 1735 874 ’Άμασις
1763 807 1984 876 τέσσερα

313 890 391 942 καὶ
437 890 807 959 τεσσεράκοντα
853 891 967 944 ἔτεα
1016 890 1249 951 ἀπέθανε,
1300 894 1354 944 ἐν
1397 897 1530 944 τοῖσι
1577 892 1719 944 οὐδέν
1763 895 1810 945 οἱ
1854 891 1983 960 μέγα

310 974 550 1041 ἀνάρσιον
574 978 776 1043 πρῆγμα
809 976 1128 1043 συνηνείχθη.
1197 977 1471 1028 ἀποθανὼν.
1486 980 1539 1029 δὲ
1570 977 1648 1029 καὶ
1677 976 1983 1046 ταριχευθεὶς
2010 999 2058 1028 10

308 1058 472 1126 ἐτάφη
511 1061 566 1111 ἐν
601 1067 719 1133 τῇσι
755 1067 951 1133 ταφῇσι
987 1061 1104 1132 τῇσι
1145 1062 1198 1112 ἐν
1235 1066 1302 1131 τῷ
1341 1063 1441 1131 ἱρῷ,
1479 1063 1568 1116 τὰς
1607 1060 1754 1115 αὐτὸς
1790 1062 1978 1113 οἰκοδο·

309 1142 519 1208 μήσατο.
609 1145 691 1196 ἐπὶ
736 1145 1057 1218 Ψαμμηνίτου
1102 1147 1155 1196 δὲ
1200 1150 1287 1196 τοῦ
1331 1143 1576 1220 ’ᾼμάσιος
1617 1145 1982 1210 βασιλεύοντος

310 1228 563 1295 Αἰγύπτου
587 1227 768 1296 φάσμα
791 1230 1113 1296 Αἰγυπτίοισι
1143 1228 1384 1297 μέγιστον
1408 1229 1466 1294 δὴ
1492 1228 1707 1297 ἐγένετο·
1751 1229 2098 1295 ὕσθ-ησαννοί·

309 1315 403 1379 γὰρ
446 1316 622 1379 Θῆβαι
661 1316 711 1366 αἱ
753 1313 1034 1381 Αἰγύπτιαι,
1081 1314 1194 1366 οὔτε
1234 1315 1474 1382 πρότερον
1517 1314 1706 1380 οὐδαμὰ
1748 1315 1982 1367 ὑσθεῖσαι

308 1397 420 1450 οὔτε
450 1398 662 1465 ὕστερον
692 1397 748 1450 τὸ
778 1396 925 1474 μέχρι
959 1400 1090 1465 ἐμεῦ,
1120 1398 1184 1452 ὡς
1215 1398 1424 1467 λέγουσι
1455 1398 1591 1452 αὐτοὶ
1615 1402 1857 1465 Θηβαῖοι.
1924 1397 1982 1451 οὐ
2008 1419 2054 1461 ι5

308 1484 403 1549 γὰρ
433 1481 490 1547 δὴ
522 1484 658 1535 ὕεται
695 1484 757 1535 τὰ
794 1482 895 1536 ἄνω
932 1485 1019 1549 τῆς
1055 1483 1309 1552 Αἰγύπτου
1347 1483 1404 1536 τὸ
1441 1483 1689 1552 παράπαν·
1735 1484 1869 1536 ἀλλὰ
1901 1484 1980 1552 καὶ

307 1567 418 1619 τότε
469 1567 701 1632 ὕσθησαν
749 1569 801 1620 αἱ
849 1570 1024 1634 Θῆβαι
1074 1567 1280 1636 ψακάδι.
1371 1571 1417 1621 οἱ
1468 1571 1521 1622 δὲ
1567 1567 1766 1641 Πέρσαι
1815 1567 2098 1622 {mire-tn&

307 1650 689 1716 διεξελάσαντες
719 1651 811 1717 τὴν
842 1651 1050 1720 ἄνυδρον
1083 1653 1242 1718 ἵζοντο
1275 1652 1434 1708 πέλας
1470 1658 1567 1706 τῶν
1597 1653 1879 1721 Αἰγυπτίων
1915 1652 1980 1707 ὣς

309 1735 701 1802 συμβαλέοντες,
729 1739 940 1789 ἐνθαῦτα
963 1739 1009 1790 οἱ
1035 1739 1285 1805 ἐπίκουροι
1319 1740 1365 1790 οἱ
1388 1743 1476 1790 τοῦ
1500 1738 1784 1806 Αἰγυπτίου,
1814 1737 1980 1791 ἐόντες

308 1819 482 1887 ἄνδρες
514 1819 768 1887 “Ἐλληνές
811 1843 866 1875 τε
913 1822 992 1874 καὶ
1036 1826 1212 1889 Κᾶρες,
1260 1823 1572 1890 μεμφόμενοι
1615 1827 1681 1892 τῷ
1723 1820 1864 1894 Φάνῃ
1903 1823 1979 1874 ὅτι
2007 1842 2055 1870 20

310 1905 524 1972 στρατὸν
547 1905 706 1973 ἤγαγε
731 1905 808 1959 ἐπ’
833 1908 1086 1974 Αἴγυπτον
1111 1907 1408 1973 ἀλλόθροον,
1434 1912 1756 1975 μηχανῶνται
1779 1909 1980 1973 πρῆγμα

309 1991 359 2043 ἐς
399 1989 547 2042 αὐτὸν
576 1991 783 2043 τοιόνδε·
829 1989 960 2055 ἦσαν
990 1996 1057 2060 τῷ
1092 1990 1236 2063 Φάνῃ
1267 1996 1436 2044 παῖδες
1476 1993 1529 2043 ἐν
1561 1991 1795 2060 Αἰγύπτῳ
1832 2011 1976 2042 κατα-

308 2073 643 2140 λελειμμένοι,
675 2075 789 2130 τοὺς
819 2075 1093 2143 ἀγαγόντες
1128 2077 1177 2129 ἐς
1206 2075 1262 2127 τὸ
1298 2076 1636 2143 στρατόπεδον
1668 2075 1745 2126 καὶ
1775 2077 1826 2129 ἐς
1857 2076 1979 2141 ὄψιν

309 2164 394 2211 τοῦ
412 2159 596 2227 πατρὸς
618 2162 833 2227 κρητῆρα
855 2161 909 2212 ἐν
927 2158 1066 2230 μέσῳ
1096 2159 1318 2224 ἔστησαν
1341 2158 1634 2227 ἀμφοτέρων
1653 2164 1751 2211 τῶν
1769 2179 1976 2226 στρατο-

310 2242 488 2304 πέδων,
526 2246 651 2309 μετὰ
687 2247 740 2296 δὲ
780 2243 1063 2321 ἀγινέοντες
1110 2246 1231 2296 κατὰ
1273 2245 1361 2297 ἕνα
1402 2245 1614 2296 ἕκαστον
1653 2248 1750 2296 τῶν
1790 2244 1978 2295 παίδων
2003 2259 2050 2300 25

307 2327 534 2395 ἔσφαζον
574 2330 626 2382 ἐς
660 2328 748 2381 τὸν
783 2331 1012 2395 κρητῆρα.
1090 2331 1169 2379 διὰ
1205 2328 1402 2380 πάντων
1433 2330 1485 2379 δὲ
1518 2326 1853 2392 διεξελθόντες
1880 2331 1978 2378 τῶν

308 2413 498 2465 παίδων
528 2411 666 2470 οἶνόν
700 2434 754 2465 τε
787 2412 865 2464 καὶ
894 2413 1025 2478 ὕδωρ
1049 2413 1325 2479 ἐσεφόρεον
1359 2414 1409 2465 ἐς
1440 2412 1603 2472 αὐτόν,
1637 2412 1894 2477 ἐμπιόντες
1923 2412 1976 2462 δὲ

364 2564 389 2590 2
420 2548 599 2603 σῴζωσι]
624 2549 840 2601 ποτίζωσιν
868 2550 907 2588 R
926 2543 1006 2588 SV
1171 2563 1196 2600 3
1226 2551 1342 2602 ἄγειν
1359 2548 1495 2588 ABC
1511 2549 1543 2588 P
1707 2562 1732 2598 4
1756 2552 1876 2602 τριῶν
1890 2560 1971 2588 om.

308 2605 348 2644 A
362 2605 396 2644 B
412 2605 446 2644 C
590 2607 618 2645 6
650 2605 920 2660 ἐστρατεύετο
941 2604 981 2643 Α
994 2604 1028 2644 Β
1044 2604 1077 2643 C
1216 2605 1242 2643 8
1272 2607 1315 2646 ἐς
1338 2602 1378 2641 R
1391 2604 1421 2643 S
1434 2605 1473 2642 V
1583 2602 1700 2644 τέσσ.
1717 2604 1783 2644 καὶ
1798 2615 1879 2644 om.
1896 2603 1928 2642 S
1939 2603 1978 2641 V

309 2674 336 2710 9
365 2675 532 2715 τεσσαρ.
559 2660 593 2699 C
611 2660 650 2698 R
663 2660 701 2700 V
840 2672 889 2698 12
919 2658 1245 2707 βασιλεύσαντος
1267 2658 1307 2696 Α
1320 2659 1354 2697 Β
1371 2659 1404 2697 C
1418 2658 1452 2697 Ρ
1589 2671 1637 2708 13
1667 2658 1716 2707 δὴ
1735 2670 1816 2697 om.
1842 2657 1882 2696 R
1896 2657 1927 2697 S
1939 2657 1978 2695 V

310 2715 507 2764 οἶσθησαν
532 2714 622 2753 ΑΒ
796 2727 844 2764 14
876 2715 916 2756 αἱ
933 2726 1017 2754 om.
1043 2713 1131 2752 AB
1246 2716 1397 2754 ὑθεῖσαι
1413 2714 1464 2762 (2)
1489 2713 1527 2751 R
1698 2724 1746 2762 15
1774 2710 1894 2765 μέχρι
1915 2711 1976 2751 P:

310 2769 451 2822 μέχρις
472 2769 562 2809 rell.
699 2768 763 2820 οὐ]
786 2771 879 2810 οὕτε
901 2768 984 2807 SV
1109 2784 1119 2796 ’
1153 2769 1203 2807 16
1232 2769 1281 2817 δὴ
1301 2780 1383 2808 om.
1405 2767 1495 2806 RV
1660 2779 1706 2816 17
1736 2765 1877 2819 ψεκάδι
1899 2766 1975 2805 PS

314 2824 430 2863 Eust.
456 2825 583 2865 Dion.
607 2825 688 2873 248
908 2835 961 2872 23
989 2823 1102 2874 τοὺς]
1130 2822 1298 2864 τούτους
1327 2821 1460 2862 RSV
1678 2834 1730 2870 24
1760 2822 1908 2862 παντὸς
1934 2819 1974 2860 R

311 2880 365 2917 26
414 2878 592 2931 ἔσφαζον
616 2909 625 2919 .
655 2910 664 2920 .
690 2909 699 2919 .
725 2879 876 2920 παίδων
914 2890 994 2917 om.
1036 2877 1067 2917 S
1088 2878 1126 2916 V
1346 2890 1396 2927 27
1448 2876 1642 2930 ἐσφόρεον
1692 2876 1753 2915 C:
1809 2874 1976 2929 ἐφόρεον

314 2932 447 2973 RSV
