2098 3320
704 118 1080 200 ιΣτοΡΙΩΝ
1143 150 1189 200 Δ
1825 150 1912 201 1V.
1939 149 2014 214 46

116 284 177 335 τᾶ
222 280 393 349 μέντοι
434 279 571 334 ἄλλα
614 281 699 334 οὐκ
746 280 947 349 ἄγαμαι.
1037 281 1094 334 τὸ
1138 284 1191 335 δὲ
1236 280 1478 350 μέγιστον
1516 282 1642 335 οὕτω
1688 289 1787 350 σφι

0 376 49 422 b*
68 399 78 409 ·
117 367 379 435 ἀνεύρηται
409 365 543 419 ὥστε
573 366 856 433 ἀποφυγεῖν
887 388 940 418 τε
963 365 1150 432 μηδένα
1181 367 1460 440 ἐπελ-θόντα
1491 366 1571 419 ἐπὶ
1602 365 1782 433 σφέας,
1819 370 2098 439 wudu-5

117 451 183 519 μὴ
213 449 554 518 βουλομένους
583 472 637 504 τε
667 450 978 517 ἐξευρεθῆναι
1011 455 1320 517 καταλαβεῖν
1343 450 1407 516 μὴ
1434 452 1540 503 οἶόν
1563 472 1619 503 τε
1642 451 1784 503 εἶναι·

117 541 252 589 τοῖσι
302 538 398 604 γὰρ
448 534 573 602 μήτε
622 534 780 587 ἄστεα
830 534 953 601 μήτε
1004 536 1175 604 τείχεα
1224 534 1256 607 ᾗ
1310 535 1590 602 ἐκτισμένα,
1651 536 1786 587 ἀλλὰ
1822 554 1848 598 3

71 646 95 691 5
120 619 372 690 φερέοικοι
413 621 578 674 ἐόντες
618 618 799 673 πάντες
838 620 959 672 ἔωσι
1001 619 1343 684 ἱπποτοξόται,
1387 621 1563 684 ζῶντες
1598 619 1665 685 μὴ
1703 618 1786 672 ἀπ’

119 705 299 773 ἀρότου
330 705 446 757 ἀλλ’
478 703 576 757 ἀπὸ
608 703 841 770 κτηνέων,
878 703 1121 770 οἰκήματά
1158 704 1213 757 τέ
1246 711 1343 772 σφι
1374 703 1405 777 ᾗ
1437 705 1518 757 ἐπὶ
1558 704 2069 775 ζευγέων,ωαςςω-

120 794 215 845 κῶς
244 790 329 843 οὐκ
359 787 421 842 ἂν
453 789 788 854 εἴησανοῦτοι
818 788 1008 857 ἄμαχοί
1035 811 1091 841 τε
1115 789 1194 840 καὶ
1220 789 1396 856 ἄποροι
1427 790 1786 856 προσμίσγειν;

118 873 376 942 ἐξεύρηται
403 873 600 941 δέισφι
643 879 796 926 ταῦτα
831 873 1008 939 τῆς’τε
1048 877 1141 941 γῆς
1183 874 1365 938 ἐούσης
1409 873 1668 938 ἐπιτηδέης
1710 874 1790 925 καὶ
1826 884 1892 935 47

117 964 217 1011 τῶν
258 963 494 1025 ποταμῶν
535 958 719 1010 ἐόντων
761 965 859 1026 σφι
900 957 1194 1026 συμμάχων·
1243 958 1272 1023 ἥ
1304 979 1358 1010 τε
1397 960 1495 1026 γὰρ
1531 961 1595 1026 γῆ
1638 960 1791 1010 ἐοῦσα

47 1068 95 1098 ιο
119 1045 290 1098 πεδιὰς
335 1044 454 1108 αὕτη
501 1043 718 1108 ποιώδης
760 1065 814 1096 τε
857 1043 935 1095 καὶ
981 1044 1179 1111 εὔυδρός
1224 1044 1348 1103 ἐστι,
1384 1043 1599 1108 ποταμοί
1635 1064 1689 1094 τε
1730 1041 1791 1093 δι’

118 1128 268 1193 αὐτῆς
309 1127 482 1196 ῥέουσι
525 1127 582 1179 οὗ
625 1133 798 1198 πολλῷ
851 1149 944 1197 τεῳ
992 1129 1199 1195 ἀριθμὸν
1255 1127 1535 1180 ἐλάσσονες
1585 1132 1684 1179 τῶν
1737 1129 1792 1178 ἐν

119 1212 355 1282 Αἰγύπτῳ
391 1212 663 1280 διωρύχων.
731 1213 844 1264 ὅσοι
882 1214 934 1264 δὲ
974 1212 1251 1278 ὀνομαστοί
1282 1212 1338 1264 τέ
1376 1214 1475 1264 εἰσι
1514 1211 1675 1263 αὐτῶν
1711 1212 1792 1263 καὶ
1827 1229 1852 1261 2

119 1297 445 1364 προσπλωτοὶ
475 1296 574 1349 ἀπὸ
598 1296 879 1361 θαλάσσης,
907 1298 1105 1350 τούτους
1137 1296 1407 1362 ὀνομανέω.
1477 1295 1678 1363 Ἴστρος
1699 1298 1793 1361 μὲν

120 1381 480 1448 πεντάστομος,
505 1383 630 1446 μετὰ
661 1384 713 1434 δὲ
743 1382 907 1449 Τύρης
938 1403 991 1433 τε
1026 1382 1103 1433 καὶ
1126 1379 1340 1435 ‘'Tm-ame
1367 1381 1445 1433 καὶ
1478 1379 1792 1447 Βορυσθένης

46 1491 93 1533 15
122 1466 200 1518 καὶ
223 1466 548 1531 Παντικάπης
571 1466 649 1517 καὶ
672 1465 939 1533 Ὑπάκυρις
962 1466 1040 1518 καὶ
1067 1464 1245 1533 Γέρρος
1271 1466 1350 1517 καὶ
1373 1464 1575 1519 Τάναϊς·
1620 1464 1792 1532 ῥέουσι

119 1554 172 1604 δὲ
213 1550 346 1603 οὗτοι
393 1552 516 1602 κατὰ
555 1549 687 1602 τάδε.
755 1549 955 1618 Ἴστρος
999 1553 1090 1615 μὲν
1136 1551 1230 1602 ἐὼν
1273 1548 1512 1617 μέγιστος
1556 1554 1790 1614 ποταμῶν
1826 1548 1895 1609 48

120 1634 319 1688 πάντων
364 1640 460 1687 τῶν
502 1635 643 1700 ἡμεῖς
685 1637 839 1699 ἴδμεν,
886 1636 997 1688 ἴσος
1038 1634 1133 1687 αἰεὶ
1181 1634 1329 1689 αὐτὸς
1366 1638 1527 1704 ἑωυτῷ
1568 1633 1670 1700 ῥέει
1712 1635 1790 1685 καὶ

120 1718 288 1787 θέρεος
321 1719 399 1771 καὶ
435 1725 694 1788 χειμῶνος,
729 1724 920 1785 πρῶτος
959 1721 1011 1771 δὲ
1052 1718 1109 1771 τὸ
1147 1719 1230 1771 ἀπ’
1265 1718 1481 1785 ἑσπέρης
1517 1723 1615 1770 τῶν
1646 1720 1700 1769 ἐν
1730 1719 1789 1789 τῇ

121 1805 332 1876 Σκυθικῇ
368 1803 495 1871 ῥέων
537 1805 660 1855 κατὰ
701 1804 891 1855 τοιόνδε
932 1802 1170 1871 μέγιστος
1212 1802 1406 1871 γέγονε,
1441 1807 1672 1868 ποταμῶν
1711 1802 1791 1854 καὶ

48 1914 97 1942 20
118 1887 292 1941 ἄλλων
333 1890 384 1942 ἐς
423 1887 573 1941 αὐτὸν
611 1889 920 1941 ἐκδιδόντων.
998 1888 1097 1940 εἶσὶ
1129 1890 1182 1940 δὲ
1222 1890 1323 1939 οἵδε
1362 1889 1407 1939 οἱ
1446 1886 1605 1954 μέγαν
1641 1886 1790 1939 αὐτὸν
1827 1906 1851 1937 2

119 1977 386 2032 ποιεῦντες,
417 1966 507 2025 ’διὰ
551 1971 642 2039 μέν
688 1995 746 2040 γε
790 1976 877 2038 τῆς
923 1976 1163 2038 Σκυθικῆς
1208 1972 1373 2040 χώρης
1417 1970 1567 2024 πέντε
1609 1974 1699 2037 μὲν
1743 1973 1790 2023 οἱ

117 2057 331 2125 ῥέοντες,
386 2059 473 2110 τόν
525 2079 579 2109 τε
632 2059 814 2110 Σκύθαι
872 2058 1076 2124 Πόρατα
1130 2056 1381 2116 καλέουσι,
1427 2055 1684 2120 “Ελληνες
1735 2058 1789 2108 δὲ

121 2143 363 2210 Πυρετόν,
400 2143 478 2195 καὶ
511 2142 667 2196 ἄλλος
697 2141 973 2210 Τιάραντος
1006 2142 1085 2193 καὶ
1109 2141 1327 2208 ’Ἄραρός
1358 2163 1411 2193 τε
1443 2141 1523 2192 καὶ
1560 2139 1789 2206 Νάπαρις

14 2228 201 2322 aad3th
230 2226 533 2293 Ὀρδησσός.
610 2228 636 2276 ὁ
665 2229 756 2292 μὲν
787 2233 978 2293 πρῶτος
1009 2227 1211 2295 λεχθεὶς
1242 2232 1340 2278 τῶν
1371 2229 1604 2291 ποταμῶν
1633 2224 1790 2292 μέγας
1825 2245 1850 2289 3

47 2337 94 2378 25
120 2312 201 2364 καὶ
241 2310 474 2381 πρὸὲῄῶ
513 2310 639 2378 ῥέων
681 2312 1026 2363 ἀνακοινοῦται
1066 2317 1132 2381 τῷ
1165 2310 1349 2381 Ἴστρῳ
1390 2310 1447 2362 τὸ
1485 2311 1630 2375 ὕδωρ,
1673 2310 1700 2360 ὁ
1736 2312 1788 2362 δὲ

181 2464 197 2490 Ι
231 2450 275 2492 δὲ
295 2463 376 2491 om.
404 2451 438 2490 C
457 2449 490 2495 R
508 2451 537 2490 S
553 2451 590 2490 V
791 2464 815 2489 2
847 2451 1092 2504 ἀποφεύγειν
1114 2451 1146 2490 Ρ
1162 2450 1200 2488 R
1215 2450 1245 2489 S
1259 2451 1296 2489 V
1445 2449 1676 2491 ἀπελθόντα
1698 2449 1736 2489 R
1751 2449 1789 2488 V

66 2541 79 2552 .
121 2517 145 2555 5
181 2505 359 2559 φέροικοι
392 2505 528 2545 RSV
695 2505 843 2548 πάντες
873 2506 992 2547 ἔωσιν
1022 2505 1158 2548 ἐόντες
1191 2506 1327 2545 RSV
1490 2523 1537 2545 τε
1565 2506 1621 2556 μὴ
1653 2504 1789 2543 RSV

120 2562 148 2599 6
191 2561 311 2615 ἄρτου
353 2561 386 2599 Ρ
409 2562 447 2600 R
473 2561 502 2599 S
523 2561 562 2599 V
766 2574 788 2610 7
832 2562 1075 2614 προσμίγειν
1116 2561 1153 2599 R
1177 2561 1213 2599 V
1405 2573 1432 2609 9
1476 2560 1594 2613 σφίσι
1637 2560 1676 2598 R
1699 2560 1729 2600 S
1749 2559 1790 2598 V

107 2618 177 2667 ⁷75⁸]
199 2628 279 2655 om.
307 2616 340 2655 C
546 2629 595 2655 10
625 2615 782 2668 ἔνυδρος
806 2615 841 2653 R
861 2616 943 2654 SV
1055 2619 1144 2656 ἐστι
1165 2628 1246 2654 om.
1275 2616 1311 2654 R
1329 2615 1410 2654 SV
1606 2627 1651 2654 11
1684 2614 1786 2666 τεῳ]

121 2687 169 2710 τε
190 2670 304 2712 AB:
335 2670 430 2711 τίς
566 2683 613 2708 12
644 2673 726 2710 οὐν.
752 2669 986 2708 CPRSV
1120 2683 1167 2719 13
1197 2673 1277 2711 οὖν.
1306 2669 1443 2709 RSV
1578 2682 1624 2719 15
1656 2668 1788 2723 Γέρρις

124 2724 164 2762 R
179 2725 209 2764 S
224 2726 263 2764 V
376 2768 378 2772 Α
412 2725 460 2762 16
490 2723 554 2776 δὲ]
574 2727 652 2778 γὰρ
673 2723 711 2762 Α
728 2725 762 2762 Β
780 2725 814 2762 C
926 2723 1057 2776 οὗτοι]
1079 2724 1162 2766 οἶδε
1183 2725 1221 2763 Α
1240 2725 1274 2763 Β
1289 2726 1322 2764 C
1339 2726 1372 2764 P
1524 2737 1569 2774 17
1600 2723 1790 2765 ἁπάντων

125 2779 164 2818 R
179 2780 209 2819 S
226 2780 264 2818 V
469 2793 522 2818 20
552 2779 795 2820 ἐσδιδόντων
817 2779 855 2817 R
873 2780 903 2818 S
918 2779 954 2816 V
1093 2782 1173 2820 οἵδε
1195 2793 1277 2819 om.
1304 2780 1342 2818 R
1367 2780 1396 2819 S
1418 2779 1455 2817 V
1593 2782 1629 2820 οἱ
1648 2792 1730 2818 om.
1757 2779 1791 2817 P

123 2847 172 2872 21
213 2833 418 2875 ποιέοντες
448 2833 486 2872 Α
502 2835 536 2872 Β
576 2879 578 2882 y
647 2833 722 2884 μέν
750 2851 797 2874 τε
822 2834 883 2874 V:
922 2834 999 2884 μέν
1027 2852 1089 2874 τοι
1122 2836 1152 2873 S
1263 2834 1338 2884 μὲν
1368 2835 1424 2885 οἱ]
1456 2834 1628 2886 μεγάλοι
1661 2834 1788 2873 Koen

123 2901 176 2927 22
206 2891 368 2942 Πορατὰ
401 2889 430 2927 P
447 2889 485 2926 R
501 2890 531 2928 S
548 2888 584 2926 V
806 2901 858 2938 23
887 2891 1104 2940 Τιαραντὸς
1135 2889 1167 2927 Ρ
1183 2889 1221 2927 R
1238 2892 1267 2928 S
1283 2889 1319 2927 V
1338 2903 1344 2927 :
1376 2888 1622 2941 Τισάραντος
1648 2888 1686 2926 Α
1704 2889 1736 2926 B
1753 2890 1787 2928 C

117 2942 204 2996 Ἀρ.
223 2961 270 2984 τε
291 2946 354 2985 καὶ
376 2957 458 2982 om.
481 2943 519 2981 R
614 2956 681 2993 ,24
708 2943 909 2997 ’Όρδησος
933 2943 970 2984 R
988 2943 1017 2983 S
1035 2943 1070 2982 V
1180 2955 1233 2994 25
1263 2948 1318 2985 τῶ
1331 2943 1380 2985 '‘1.
1403 2945 1703 2985 ἀνακοινοῦνται
1721 2944 1759 2982 R
1779 2957 1788 2982 :

122 3003 180 3039 τῶ
194 2998 242 3039 ’‘1.
269 2999 522 3040 ἀνακινοῦται
544 2998 574 3038 S
588 2999 627 3038 V
