2098 3320
21 142 175 205 Lus
838 143 1269 194 HPOAOTOT

156 295 181 327 2
222 276 436 341 βαίνειν.
526 275 793 343 ἐκπλαγεὶς
828 278 881 328 δὲ
918 275 1142 327 τούτοισι
1183 275 1486 349 ἐπιχρόνον
1523 276 1781 346 ἄφθογγος
1811 278 1889 344 ἦν*

0 359 367 475 Ἃωημόγις
411 361 465 412 δὲ
506 357 564 424 δή
611 381 724 412 κοτε
768 360 1075 428 ἀνενειχθεὶς
1123 359 1248 420 εἶπε,
1295 359 1457 414 θέλων
1503 361 1760 430 ἐκπέμψαι
1803 363 1890 416 τὸν

109 440 126 449 ’
222 441 585 511 Ἀρτεμβάρεα,
628 445 711 496 ἵνα
750 447 836 496 τὸν
873 445 1141 510 βουκόλον
1172 449 1355 510 μοῦνον
1394 446 1571 511 λαβὼν
1608 447 1888 519 βασανίσῃ·

223 526 577 596 Ἀρτέμβαρες,
625 529 724 596 ἐγὼ
767 533 921 581 ταῦτα
968 527 1164 594 ποιήσω
1207 529 1338 581 ὥστε
1380 532 1442 582 σὲ
1488 530 1566 582 καὶ
1611 534 1770 583 παῖδα.
1804 530 1890 583 τὸν

161 636 186 679 3
224 611 318 664 σὸν
346 615 501 678 μηδὲν
532 612 919 681 ἐπιμέμφεσθαι.
986 618 1072 665 τὸν
1104 617 1196 679 μὲν
1230 614 1288 679 δὴ
1314 613 1659 682 Ἀρτεμβάρεα
1689 613 1886 680 πέμπει,
1914 641 1937 682 5

222 695 309 748 τὸν
353 698 406 748 δὲ
451 700 613 764 Κῦρον
658 695 780 765 ἦγον
809 698 927 759 ,ἔσω
974 700 1019 750 οἱ
1067 697 1371 765 θεράποντες
1418 700 1749 752 κελεύσαντος
1804 704 1891 751 τοῦ

223 779 546 848 Ἀστυάγεος.
627 782 734 834 ἐπεὶ
765 784 819 834 δὲ
848 780 1185 835 ὑπελέλειπτο
1217 784 1243 833 6
1275 784 1525 848 βουκόλος
1559 787 1736 849 μοῦνος
1769 805 1887 850 μου-

223 866 385 924 νόθεν,
427 864 544 918 τάδε
579 865 729 918 αὐτὸν
766 868 924 934 εἴρετο
969 868 996 918 6
1048 865 1351 934 Ἀστυάγης,
1405 868 1550 920 κόθεν
1596 866 1752 934 λάβοι
1803 867 1889 920 τὸν

132 987 135 991 -
161 973 187 1013 4
223 953 376 1002 παῖδα
407 949 485 1001 καὶ
514 951 588 1005 τίς
619 952 691 1015 εἵη
719 952 745 1001 6
775 951 1038 1018 παραδούς.
1087 952 1112 1001 6
1142 954 1194 1003 δὲ
1232 949 1290 1016 ἐξ
1318 953 1500 1003 ἑωυτοῦ
1531 973 1584 1004 τε
1616 951 1712 1018 ἔφη
1741 973 1886 1019 γεγο-

223 1033 363 1086 νέναι
422 1035 502 1086 καὶ
559 1033 650 1099 τὴν
708 1039 951 1088 τεκοῦσαν
1013 1035 1161 1087 αὐτὸν
1225 1035 1299 1087 ἔτι
1353 1036 1480 1088 εἶναι
1537 1036 1652 1102 παρ’
1705 1039 1883 1106 ἑωυτῷ.
1916 1061 1965 1090 10

223 1116 506 1186 Ἀστυάγης
542 1118 597 1171 δέ
623 1140 708 1184 μιν
740 1119 825 1171 οὐκ
857 1120 909 1172 εὖ
949 1119 1286 1185 βουλεύεσθαι
1327 1119 1424 1186 ἔφη
1474 1119 1801 1186 ἐπιθυμέοντα
1841 1123 1890 1174 ἐς

225 1201 444 1270 ἀνάγκας
481 1201 706 1271 μεγάλας
746 1203 1087 1263 ἀπικνέεσθαι,
1132 1204 1233 1268 ἅμα
1276 1225 1330 1256 τε
1369 1203 1535 1271 λέγων
1577 1208 1729 1256 ταῦτα
1768 1204 1886 1269 ἐσή-

166 1307 187 1352 5
223 1307 369 1353 μαινε
397 1291 533 1340 τοῖσι
571 1288 893 1355 δορυφόροισι
931 1286 1215 1354 λαμβάνειν
1254 1289 1416 1340 αὐτόν.
1498 1290 1525 1339 6
1554 1291 1606 1341 δὲ
1648 1289 1889 1356 ἀγόμενος

226 1373 277 1425 ἐς
316 1373 404 1426 τᾶς
440 1370 659 1446 ἀνάγκας
697 1374 824 1425 οὕτω
864 1371 923 1438 δὴ
964 1372 1140 1440 ἔφαινε
1179 1377 1265 1425 τὸν
1305 1373 1450 1425 ἐόντα
1491 1374 1661 1440 λόγον.
1736 1374 1885 1441 ἀρχό-

0 1519 4 1527 ,
263 1476 373 1510 ενος
413 1457 466 1508 δὲ
508 1455 590 1509 ἀπ’
642 1457 799 1525 ἀρχῆς
849 1455 1030 1523 διεξήιε
1089 1464 1149 1529 τῇ
1208 1458 1413 1529 ἀληθείῃ
1476 1459 1755 1526 χρεώμενος
1808 1458 1887 1510 καὶ
1917 1476 1963 1521 1‘5

0 1532 74 1609 'uo—0
91 1478 494 1606 “darelssawe
523 1542 574 1595 ἐς
602 1541 745 1595 λιτάς
775 1563 830 1594 τε
860 1542 939 1594 καὶ
952 1541 1273 1614 υσυυγγνῴμην
1305 1544 1483 1613 ἑωυζρ
1508 1542 1722 1594 κελεύων
1753 1542 1887 1610 ἔχειν

0 1603 192 1688 *Quffi
227 1624 391 1677 αὐτόν.
452 1624 735 1693 Ἀστυάγης
765 1628 818 1679 δὲ
847 1630 935 1678 τοῦ
963 1628 1054 1691 μὲν
1078 1627 1327 1692 βουκόλου
1352 1625 1443 1690 τὴν
1468 1627 1705 1691 ἀληθείην
1730 1625 1882 1694 ἐκφή-

0 1715 405 1800 ᾙᾝέντος
443 1710 600 1777 λόγον
650 1709 741 1776 ἤδη
791 1710 871 1763 καὶ
912 1709 1399 1782 ἐλάσσω-ἐποιέετο,
1438 1709 1671 1780 Ἀρπάγῳ
1713 1713 1766 1763 δὲ
1808 1710 1888 1762 καὶ

224 1793 455 1861 μεγάλως
476 1795 797 1862 μεμφόμενος
822 1793 1018 1847 καλέειν
1043 1793 1190 1847 αὐτὸν
1215 1795 1328 1848 τοὺς
1348 1795 1652 1862 δορυφόρους
1672 1794 1885 1846 ἐκέλευε.

160 1899 185 1929 2
227 1878 292 1931 ὡς
332 1877 387 1930 δέ
425 1880 471 1931 οἱ
515 1881 679 1945 παρῆν
737 1881 764 1930 6
812 1877 1088 1947 Ἅρπαγος,
1154 1880 1313 1946 εἴρετό
1361 1901 1444 1945 μιν
1502 1880 1528 1929 6
1585 1878 1884 1946 Ἀστυάγης
1913 1902 1964 1932 20

214 1959 462 2030 οἈρπιιγε,
496 1961 590 2033 τέῳ
622 1963 680 2028 δὴ
710 1963 845 2034 μόρῳ
875 1963 962 2016 τὸν
992 1966 1143 2015 παῖδα
1176 1962 1489 2032 κατεχρήσαο
1521 1964 1608 2016 τόν
1630 1984 1706 2015 τοι
1734 1963 1883 2029 παρέ-

226 2051 358 2120 δωκα
386 2048 440 2099 ἐκ
477 2046 717 2115 θυγατρὸς
758 2049 1002 2115 γεγονότα
1040 2050 1127 2113 τῆς
1171 2049 1314 2114 ἐμῆς;
1361 2049 1387 2099 ὁ
1433 2050 1486 2100 δὲ
1517 2046 1779 2115 ’Ἀρπαγος
1823 2047 1887 2102 ὡς

226 2131 326 2183 εἶδε
371 2130 458 2183 τὸν
503 2132 753 2197 βουκόλον
801 2132 942 2184 ἔνδον
987 2133 1148 2192 ἐόντα,
1197 2132 1253 2184 οὐ
1298 2131 1529 2198 τρέπεται
1573 2132 1654 2184 ἐπὶ
1697 2131 1887 2199 ψευδέα

165 2236 190 2280 3
227 2215 358 2278 ὁδόν,
390 2216 472 2268 ἵνα
497 2215 564 2281 μὴ
596 2216 932 2284 ἐλεγχόμενος
962 2217 1244 2281 ἁλίσκηται,
1287 2217 1421 2268 ἀλλὰ
1457 2215 1598 2283 λέγει
1627 2214 1760 2267 τάδε·
1811 2214 1886 2266 Ὦ

225 2304 462 2364 βασιλεῦ,
495 2299 659 2352 ἐπείτε
687 2299 982 2367 παρέλαβον
1012 2304 1066 2351 τὸ
1099 2301 1309 2360 παιδίον,
1342 2300 1615 2366 ἐβούλευον
1657 2299 1886 2352 σκοπέων
1911 2321 1959 2362 25

0 2418 194 2477 ιαμ,
227 2384 352 2437 ὅκως
384 2385 470 2434 σοί
495 2404 550 2435 τε
581 2382 774 2448 ποιήσω
807 2387 930 2436 κατὰ
959 2385 1078 2436 νόον
1116 2384 1195 2435 καὶ
1233 2385 1331 2451 ἐγὼ
1367 2384 1488 2450 πρὸς
1525 2387 1586 2436 σὲ
1626 2384 1886 2451 γινόμενος

0 2466 568 2541 ..νυ-ὕνάναμάρτητος
595 2466 718 2532 μήτε
749 2467 949 2535 θυγατρὶ
983 2475 1043 2540 τῇ
1073 2475 1140 2540 σῇ
1163 2466 1285 2533 μήτε
1309 2469 1438 2536 αὐτῷ
1465 2468 1548 2519 σοὶ
1579 2470 1683 2532 εἴην
1707 2467 1886 2519 αὐθέν-’

164 2569 192 2611 4
226 2571 329 2615 της.
413 2550 564 2603 ποιέω
606 2551 664 2616 δὴ
705 2554 815 2604 ὧδε·
872 2551 1091 2614 καλέσας
1129 2551 1215 2603 τὸν
1256 2552 1507 2617 βουκόλον
1541 2552 1685 2603 τόνδε
1725 2572 1880 2617 παρα-

281 2703 306 2728 2
335 2690 563 2742 ἀνενεχθεὶς
584 2688 672 2728 ΑΒ
687 2690 726 2728 R
743 2689 824 2729 SV
1043 2702 1068 2739 3
1098 2691 1237 2735 λαβὼν
1257 2702 1338 2730 om.
1365 2688 1447 2729 SV
1670 2702 1695 2738 4
1727 2687 1775 2729 σὲ
1796 2701 1877 2727 om.

227 2743 267 2781 R
284 2743 365 2782 SV
538 2745 611 2785 τὸν
639 2748 760 2786 παῖδα
788 2745 860 2785 τὸν
889 2745 963 2785 σὸν
991 2742 1030 2782 Α
1046 2744 1080 2782 Β
1095 2743 1128 2782 C
1145 2744 1179 2782 P
1405 2746 1432 2783 6
1461 2745 1561 2795 ἆγον
1585 2742 1619 2782 C
1786 2746 1881 2783 εἵσω

227 2798 267 2836 R
284 2798 313 2837 S
328 2798 366 2836 V
559 2811 581 2847 7
612 2799 863 2839 ὑπελέλιπτο
886 2798 925 2835 R
940 2798 971 2838 S
984 2797 1023 2836 V
1131 2797 1377 2848 μουνοθένΓα
1396 2798 1440 2839 δὲ
1463 2798 1501 2835 R
1515 2797 1593 2836 V¹=
1627 2797 1881 2847 μουνωθέντα

225 2851 270 2893 δὲ
291 2851 321 2892 S
334 2853 389 2890 V⁰
406 2868 413 2892 :
441 2852 697 2903 μουνωθέντα
715 2852 813 2894 τάδε
834 2852 868 2891 C
884 2853 917 2891 P
1062 2866 1090 2903 9
1119 2853 1157 2894 εῑ
1175 2852 1213 2890 R
1229 2853 1259 2892 S
1273 2853 1311 2891 V
1461 2859 1510 2892 10
1539 2853 1638 2893 εἶναι
1659 2852 1721 2892 ἔτι
1741 2851 1780 2889 Α
1795 2851 1829 2888 Β
1844 2851 1878 2890 C

225 2908 375 2947 ἑωυτοῦ
390 2906 430 2945 R
582 2918 630 2956 15
659 2907 704 2948 δὲ
726 2907 765 2945 R
787 2921 953 2957 quoque
1064 2907 1264 2960 διεξή(ι)ει
1286 2907 1320 2944 L
1462 2908 1512 2944 16
1540 2905 1721 2947 κελεύειν
1741 2904 1781 2942 R
1797 2903 1827 2943 S
1841 2904 1880 2942 V

224 2972 275 3010 25
303 2964 467 3054 ἕκοπῶν
495 2960 704 3002 ABCP:
740 2963 895 3005 σκοπὸν
925 2960 1063 3001 RSV
1266 2963 1319 3001 28
1356 2965 1455 3004 ποιῶ
1482 2959 1724 3009 ABRSV
1833 2957 1878 3000 δὲ
