2098 3320
68 83 129 131 11.
155 93 245 141 142
902 76 1336 124 HPOAOTOT

284 205 398 258 θεὸν
429 205 798 273 ἀνθρωποειδέα
818 204 1004 262 ,οὐδένα
1045 205 1299 272 γενέσθαι·
1347 206 1403 258 οὐ
1441 206 1677 271 μὲν-οὐδὲ
1705 207 1948 274 πρότερον

283 291 396 344 οὐδὲ
445 291 654 357 ὕστερον
708 292 762 342 ἐν
810 295 944 343 τοῖσι
991 291 1317 342 ὑπολοίποισι
1368 290 1620 358 Αἰγύπτου
1670 296 1948 356 βασιλεῦσι

218 395 245 436 4
283 373 599 442 γενομένοισι
640 374 821 441 ἔλεγον
860 375 1002 426 οὐδὲν
1047 378 1285 427 τοιοῦτον.
1374 376 1433 435 ἐν,
1471 374 1638 428 τοίνυν
1671 375 1835 445 ,τούτῳ
1878 381 1947 446 τῷ

0 448 449 544 Ξωῗψὼῦόρόνῳ
481 457 704 525 τετράκις
735 458 911 526 ἔλεγον
943 457 1186 533 ἐξ-ᾐθέων
1217 457 1304 511 τὸν
1335 459 1480 523 ἥλιον
1510 459 1782 511 ἀνατεῖλαι·
1827 459 1948 511 ἔνθα

283 538 338 594 τε
378 547 464 594 νῦν
507 543 812 602 καταδύεται,
847 545 1074 595 ἐνθεῦτεν
1113 542 1187 596 δὶς
1224 544 1528 602 ἐπαντεῖλαι,
1562 543 1642 594 καὶ
1678 542 1820 595 ἔνθεν
1858 547 1948 595 νῦν
1970 565 1994 606 5

283 626 565 686 ἀνατέλλει,
599 629 812 679 ἐνθαῦτα
851 627 925 680 δὶς
963 630 1242 679 καταδῦναι·
1290 628 1369 679 καὶ
1400 626 1542 680 οὐδὲν
1582 632 1680 678 τῶν
1721 626 1824 678 κατ’
1855 628 1944 679 Αἵ-

288 731 472 776 γυπτον
503 710 597 762 ὑπὸ
627 715 782 762 ταῦτα
812 713 1175 778 ἑτεροιωθῆναι,
1208 711 1320 763 οὔτε
1355 712 1417 762 τὰ
1452 709 1549 763 ἀπὸ
1588 714 1675 775 τῆς
1714 713 1805 777 γῆς
1833 711 1947 763 οὔτε

282 795 344 845 τὰ
385 794 483 846 ἀπὸ
518 798 605 845 τοῦ
645 799 865 860 ποταμοῦ
897 801 994 862 σφι
1032 795 1285 862 γινόμενα,
1318 795 1431 847 οὔτε
1470 797 1531 846 τὰ
1567 795 1698 862 ἀμφὶ
1738 794 1949 849 νούσους

283 878 395 930 οὔτε
425 880 486 929 τὰ
517 880 640 930 κατὰ
669 877 783 932 τοὺς
813 878 1069 945 θανάτους.

155 972 246 1022 143
368 963 625 1029 Πρότερον
662 964 715 1013 δὲ
752 961 998 1032 Ἑκαταίῳ
1034 967 1101 1032 τῷ
1139 966 1390 1032 λογοποιῷ
1433 964 1486 1014 ἐν
1519 960 1731 1034 Θήβῃσι
1771 982 1944 1029 γενεη-
1975 983 2026 1015 10

283 1044 562 1112 λογήσαντι
584 1042 674 1113 [τε]
700 1048 881 1098 ἑωυτὸν
913 1046 993 1098 καὶ
1022 1043 1327 1110 ἀναδήσαντι
1350 1045 1441 1110 τὴν
1464 1045 1675 1112 πατριὴν
1706 1047 1756 1101 ἐς
1782 1049 1942 1098 ἑκκαι-

283 1129 490 1181 δέκατον
533 1130 646 1182 θεὸν
685 1131 929 1194 ἐποίησαν
965 1132 1012 1183 οἱ
1048 1129 1176 1197 ἱρέες
1212 1133 1298 1180 τοῦ
1331 1129 1454 1185 Διὸς
1494 1130 1599 1182 οἶόν
1638 1151 1686 1181 τι
1722 1130 1801 1182 καὶ
1837 1130 1947 1196 ἐμοὶ

221 1236 247 1267 2
284 1214 340 1265 οὐ
379 1212 810 1282 γενεηλογήσαντι
845 1215 1110 1279 ἐμεωυτόν·
1156 1214 1497 1281 ἐσαγαγόντες
1539 1216 1589 1268 ἐς
1628 1213 1686 1265 τὸ
1726 1213 1947 1282 μέγαρον

283 1297 384 1350 ἔσω
431 1298 514 1350 ἐὸν
558 1297 687 1365 μέγα
735 1294 1027 1365 ἐξηρίθμεον
1073 1297 1350 1352 δεικνύντες
1397 1297 1676 1358 κολοσσοὺς
1721 1297 1948 1363 ξυλίνους

282 1382 550 1436 τοσούτους
582 1383 732 1454 ὅσους
762 1404 854 1449 περ
895 1383 1051 1435 εἶπον·
1098 1382 1353 1450 ἀρχιερεὺς
1391 1385 1487 1450 γὰρ
1525 1383 1734 1436 ἕκαστος
1775 1382 1947 1435 αὐτόθι
1975 1405 2022 1445 15

220 1487 245 1530 3
285 1468 402 1536 ἱστᾷ
438 1467 520 1518 ἐπὶ
560 1470 647 1531 τῆς
688 1470 871 1518 ἑωυτοῦ
913 1467 1024 1531 ζόης
1066 1467 1234 1519 εἰκόνα
1273 1468 1471 1519 ἑωυτοῦ·
1521 1466 1837 1534 ἀριθμέοντες
1877 1463 1947 1519 ὧν

285 1551 363 1602 καὶ
411 1549 688 1604 δεικνύντες
734 1553 780 1602 οἱ
827 1549 954 1617 ἱρέες
1001 1552 1110 1616 ἐμοὶ
1158 1551 1518 1603 ἀπεδείκνυσαν
1563 1554 1717 1603 παῖδα
1763 1549 1947 1618 πατρὸς
1982 1541 1988 1545 ’

280 1637 478 1686 ἑωυτῶν
522 1635 733 1686 ἕκαστον
777 1635 938 1694 ἐόντα,
989 1637 1042 1686 ἐκ
1086 1638 1174 1686 τοῦ
1217 1633 1439 1703 ἄγχιστα
1482 1635 1819 1688 ἀποθανόντος
1858 1637 1947 1700 τῆς

285 1719 473 1772 εἰκόνος
497 1716 760 1783 διεξιόντες
784 1720 864 1770 διὰ
888 1718 1108 1778 πασέων,
1131 1719 1182 1772 ἐς
1205 1719 1261 1770 οὗ
1285 1717 1530 1784 ἀπέδεξαν
1555 1718 1755 1773 ἁπάσας
1778 1717 1944 1773 αὐτάς.

222 1826 249 1867 4
284 1801 528 1872 Ἑκαταίῳ
581 1805 635 1854 δὲ
685 1801 1114 1870 γενεηλογήσαντι
1168 1802 1349 1855 ἑωυτὸν
1402 1803 1481 1854 καὶ
1533 1802 1838 1867 ἀναδήσαντι
1896 1804 1947 1856 ἐς
1972 1825 2025 1854 20

285 1885 631 1939 ἑκκαιδέκατον
673 1886 786 1939 θεὸν
827 1887 1325 1954 ἀντεγενεηλόγησαν
1367 1888 1449 1939 ἐπὶ
1489 1888 1549 1959 τῇ
1593 1885 1846 1954 ἀριθμήσι,
1890 1886 1948 1937 οὗ

284 1971 542 2035 δεκόμενοι
579 1970 693 2037 παρ’
725 1970 874 2022 αὐτοῦ
911 1973 1006 2023 ἀπὸ
1045 1973 1158 2023 θεοῦ
1202 1970 1439 2038 γενέσθαι
1479 1971 1756 2038 ἄνθρωπον·
1802 1972 1943 2023 ἀντε-

285 2056 664 2122 γενεηλόγησαν
722 2057 776 2107 δὲ
825 2056 937 2116 ὧδε,
991 2054 1207 2122 φάμενοι
1259 2056 1471 2108 ἕκαστον
1530 2060 1628 2108 τῶν
1682 2058 1948 2107 κολοσσῶν

0 2132 497 2206 ίωρωνώπίρῳμιν
522 2140 574 2189 ἐκ
606 2139 843 2205 πιρώμιος
873 2138 1150 2206 γεγονέναι,
1186 2141 1238 2193 ἐς
1268 2139 1295 2190 ὃ
1327 2139 1440 2193 τοὺς
1458 2139 1618 2192 πέντε
1656 2139 1735 2191 καὶ
1764 2160 1946 2192 τεσσε-
1971 2152 1974 2154 ’

285 2221 500 2288 ράκοντα
543 2222 620 2273 καὶ
664 2225 976 2289 τριηκοσίους
1017 2222 1261 2288 ἀπέδεξαν
1303 2225 1585 2277 κολοσσοὺς
1624 2221 1853 2290 [πίρωμιν
1893 2225 1947 2274 ἐκ
1975 2243 2020 2284 25

347 2371 365 2397 1
396 2359 461 2410 οὐ]
484 2361 520 2399 οἳ
543 2359 633 2397 RV
741 2358 879 2410 μέντοι
903 2360 1034 2400 ABC
1050 2361 1083 2400 P
1210 2374 1236 2411 3
1265 2365 1426 2403 τοιοῦτο
1445 2362 1534 2401 ΑΒ
1660 2376 1685 2412 4
1717 2359 1946 2412 ἀνατεῖλαι]

289 2415 510 2462 ἀναστῆναι
532 2413 710 2453 Boeckh
836 2415 928 2456 ἔνθα
942 2446 951 2455 .
970 2446 979 2455 .
999 2447 1006 2454 .
1028 2419 1262 2457 ἐπαντεῖλαι
1287 2418 1470 2466 (ἐπανατ.
1497 2416 1687 2468 Bekker)
1708 2429 1786 2455 om.
1812 2416 1851 2454 R
1867 2416 1897 2455 S
1912 2416 1949 2454 V

289 2470 369 2517 7—8
399 2469 476 2509 ἀπὸ
491 2498 500 2508 .
519 2497 528 2506 .
546 2499 555 2507 .
574 2468 670 2520 ἀπὸ]
695 2471 761 2509 ἐκ.
779 2499 789 2509 .
808 2499 817 2508 .
837 2472 881 2511 ἐκ
902 2470 941 2509 Α
955 2471 989 2508 Β
1007 2471 1040 2508 C
1055 2471 1089 2509 P
1227 2473 1253 2510 8
1281 2471 1484 2523 γενόμενα
1500 2472 1539 2510 R
1552 2472 1591 2510 V
1731 2483 1780 2509 10
1806 2487 1949 2522 ’γενεη-

287 2523 506 2575 λογίσαντι
538 2523 578 2561 R
803 2537 847 2562 11
888 2542 935 2565 τε
968 2526 1001 2563 Ρ
1028 2524 1145 2564 solus
1292 2528 1440 2567 ἑωυτὸν
1468 2528 1532 2568 καὶ
1554 2527 1664 2567 ἀναδ.
1694 2538 1774 2565 om.
1810 2524 1948 2564 RSV

288 2576 547 2627 ἀναδήσαντά
566 2594 606 2618 τι
629 2577 662 2615 C
681 2591 690 2616 ε
721 2579 969 2628 ἀναδήσαντί
987 2597 1034 2621 τε
1053 2580 1093 2618 Α
1107 2580 1142 2618 Β
1159 2580 1192 2618 Ρ
1287 2581 1459 2634 πατρίην
1481 2581 1520 2620 R
1535 2581 1565 2620 S
1579 2581 1617 2620 V
1712 2578 1948 2621 καιδέκατον

289 2632 330 2670 R
514 2644 562 2671 12
590 2636 663 2673 τοῦ
683 2634 778 2674 Διὸς
798 2646 880 2673 orn.
904 2635 930 2672 d
1099 2645 1148 2683 15
1178 2636 1308 2688 ἀρχιρ.
1333 2635 1366 2672 Ρ
1532 2637 1582 2674 16
1616 2636 1782 2676 ἵσταται
1809 2633 1946 2672 ABC

289 2685 390 2737 ζῶης
411 2686 493 2726 SV
690 2701 736 2738 17
768 2690 836 2741 ἱερ.
861 2689 895 2727 C
1033 2706 1099 2739 μοι
1122 2690 1161 2728 R
1176 2689 1205 2728 S
1220 2689 1257 2727 V
1451 2703 1500 2739 19
1529 2689 1741 2742 διεξιόντες
1759 2701 1842 2728 om.
1865 2687 1948 2728 SV

287 2743 374 2782 διὰ.
388 2771 398 2781 .
414 2772 422 2780 .
441 2741 564 2783 αὐτάς
585 2754 668 2781 om.
693 2742 732 2780 A
746 2742 781 2780 B
800 2743 833 2781 C
946 2741 1006 2793 ἐς]
1030 2743 1102 2785 ἕως
1124 2744 1158 2782 Ρ
1321 2756 1370 2782 21
1405 2745 1467 2784 ἐπὶ
1489 2748 1540 2798 τῇ
1562 2743 1768 2796 ἀριθμήσει
1792 2743 1868 2795 (Sic
1891 2742 1943 2794 L)

287 2795 369 2834 del.
396 2796 609 2846 Gomperz
731 2809 782 2845 23
813 2797 972 2839 ἑκάστω
993 2799 1032 2837 R
1047 2798 1129 2837 SV
1252 2811 1305 2847 24
1337 2801 1376 2840 ἐς
1397 2800 1566 2840 ἑωυτοὺς
1589 2798 1669 2837 SV
1777 2812 1945 2850 τεσσαρ.

289 2849 322 2888 C
338 2851 374 2888 R
389 2850 427 2888 V
592 2862 644 2900 25
675 2850 867 2904 ἀπέδεξαν
887 2852 1133 2904 κολοσσοὺς]
1155 2853 1435 2905 ἀπηρίθμησαν
1455 2854 1595 2894 αὐτοὺς
1618 2853 1658 2891 R
1673 2853 1702 2892 S
1716 2851 1754 2889 V
1862 2852 1939 2904 πίρ.

288 2907 333 2945 ἐκ
353 2921 431 2957 πιρ.
456 2904 568 2957 yon]
593 2906 760 2958 πίρωμιν
781 2906 1124 2957 ἐπονομαζόμενον
1144 2908 1182 2945 Α
1196 2906 1231 2945 Β
1247 2907 1280 2945 C
1294 2906 1350 2948 P:
1380 2907 1462 2947 del.
1487 2907 1609 2946 Stein
