2098 3320
723 98 1097 149 ΙΣΤΟΡΙΩΝ
1157 100 1196 149 Γ

134 231 258 285 οὕτω
300 227 375 296 δή,
415 229 581 283 ἐπείτε
623 228 848 296 ἀνδρώθη
897 229 976 282 καὶ
1022 229 1149 299 ἔσχε
1189 229 1279 295 τὴν
1319 231 1615 297 βασιληίην,
1658 230 1799 297 ποιή-

134 318 322 368 σασθαι
345 313 436 380 τὴν
460 313 536 367 ἐπ’
561 315 812 381 Αἴγυπτον
837 315 1127 387 στρατηίην.
1198 314 1460 381 συνήνεικε
1485 318 1535 367 δὲ
1564 316 1642 367 καὶ
1672 314 1803 367 ἄλλο

133 421 180 453 τι
218 400 409 452 τοιόνδε
445 401 648 466 πρῆγμα
683 397 922 466 γενέσθαι
959 401 1010 453 ἐς
1045 398 1138 464 τὴν
1175 398 1562 467 ἐπιστράτευσιν
1601 399 1801 465 ταύτην·

133 483 193 550 ἥν
221 489 320 536 τῶν
351 484 624 551 ἐπικούρων
647 481 891 548 Ἀμάσιος
914 483 1039 552 ἀνὴρ
1060 483 1206 553 γένος
1230 487 1322 551 μὲν
1350 477 1800 552 Ἀλικαρνησσεύς,

86 592 110 632 5
132 569 316 636 οὔνομα
346 567 401 621 δέ
430 570 476 620 οἱ
507 566 566 632 ἣν
598 566 787 633 Φάνης,
815 568 894 620 καὶ
925 569 1128 636 γνώμην
1157 568 1323 623 ἱκανὸς
1356 570 1435 621 καὶ
1465 571 1527 621 τὰ
1556 572 1802 635 πολεμικὰ

132 653 354 719 ἄλκιμος.
440 651 583 706 οὗτος
612 654 639 702 ὁ
676 651 848 717 Φάνης
882 653 1206 720 μεμφόμενός
1251 655 1338 705 κού
1378 675 1426 705 τι
1456 653 1642 720 Ἀμάσι
1674 656 1799 705 ἐκδι·

133 736 337 806 δρήσκει
371 737 532 807 πλοίῳ
573 734 632 801 ἐξ
668 737 937 803 Αἰγύπτου,
976 738 1291 804 βουλόμενος
1338 739 1594 810 Καμβύσῃ
1640 740 1818 805 ἐλθεῖνῥ

133 825 184 876 ἐς
212 822 410 889 λόγους.
499 821 580 873 οἷα
610 823 664 874 δὲ
696 821 846 874 ἐόντα,
875 820 1024 874 αὐτὸν
1057 824 1111 874 ἐν
1141 827 1276 874 τοῖσι
1312 822 1620 890 ἐπικούροισι
1651 823 1805 889 λόγου

133 906 189 958 οὐ
219 910 429 975 σμικροῦ
461 904 797 972 ἐπιστάμενόν
826 927 882 958 τε
916 908 977 958 τὰ
1015 906 1128 974 περὶ
1164 907 1417 975 Αἴγυπτον
1450 906 1802 974 ἀτρεκέστατα,

65 1012 110 1042 ιο
130 991 420 1057 μεταδιώκει
450 991 478 1041 ὁ
498 988 720 1056 Ἄμασις
752 990 977 1055 σπουδὴν
1001 990 1294 1057 ποιεύμενος
1330 994 1481 1050 ἑλεῖν,
1515 991 1806 1057 μεταδιώκει

132 1078 186 1128 δὲ
222 1080 319 1128 τῶν
354 1071 604 1144 εὐνούχων
644 1079 731 1127 τὸν
771 1075 1077 1128 πιστότατον
1121 1077 1434 1130 ἀποστείλας
1475 1075 1662 1143 τριήρεϊ
1701 1076 1805 1128 κατ’

133 1160 296 1219 αὐτόν,
341 1159 396 1213 ὃς
440 1159 594 1228 αἱρέει
635 1181 721 1226 μιν
766 1161 821 1212 ἐν
866 1162 1038 1232 Λυκίῃ,
1091 1161 1222 1213 ἑλὼν
1265 1162 1320 1213 δὲ
1355 1159 1442 1212 οὐκ
1488 1159 1710 1229 ἀνήγαγε
1757 1163 1807 1215 ἐς

133 1246 403 1312 Αἴγυπτον·
449 1246 607 1317 σοφίῃ
638 1243 736 1312 γάρ
762 1266 848 1310 μιν
878 1247 1119 1312 περιῆλθε
1151 1247 1177 1296 ὁ
1209 1244 1399 1311 Φάνης.
1465 1243 1807 1311 καταμεθύσας

131 1331 228 1398 γὰρ
266 1329 382 1383 τοὺς
426 1328 682 1396 φυλάκους
722 1328 1091 1382 ἀπαλλάσσετο
1138 1332 1189 1384 ἐς
1233 1329 1458 1398 Πέρσας.
1548 1329 1828 1400 ὁρμημένῳκ

61 1432 108 1474 15
133 1416 186 1466 δε
216 1411 578 1481 στρατεύεσθαι
609 1411 862 1487 Καμβύσῃ
896 1413 973 1466 ἐπ’
1009 1416 1264 1481 Αἴγυπτον
1303 1414 1384 1467 καὶ
1422 1414 1687 1482 ἀπορέοντι
1716 1435 1807 1478 την

133 1498 326 1560 ἔλασιν,
370 1500 497 1575 ὅκως
535 1497 624 1562 τὴν
664 1497 875 1565 ἄνυδρον
920 1502 1169 1570 διεκπερᾶ,
1223 1500 1454 1551 ἐπελθὼν
1498 1498 1676 1567 φράζει
1716 1501 1807 1564 μὲν

134 1582 214 1634 καὶ
257 1582 423 1634 τᾶλλα
466 1583 528 1635 τὰ
573 1580 821 1649 Ἀμάσιος
867 1604 1150 1651 πρηγματα,
1195 1580 1454 1651 ἐξηγέεται
1501 1586 1554 1635 δὲ
1599 1583 1678 1635 καὶ
1717 1582 1807 1647 τὴν

132 1666 329 1726 ἔλασιν,
381 1669 479 1719 ὧδε
531 1666 827 1735 παραινέων,
888 1666 1165 1736 πέμψαντα
1220 1670 1352 1736 παρὰ
1412 1667 1499 1720 τὸν
1551 1668 1807 1735 Ἀραβίων

131 1750 356 1817 βασιλέα
406 1751 609 1804 δέεσθαι
666 1751 755 1816 τὴν
814 1751 1039 1817 διέξοδόν
1100 1754 1146 1804 οἱ
1209 1751 1452 1821 ἀσφαλέα
1503 1757 1804 1821 παρασχεῖν.

61 1859 110 1887 20
131 1833 282 1908 μούνῃ
323 1838 378 1889 δὲ
420 1834 573 1909 ταύτῃ
619 1836 719 1889 εἶσὶ
759 1836 972 1904 φανεραὶ
1020 1837 1241 1903 ἐσβολαὶ
1290 1838 1341 1890 ἐς
1384 1839 1653 1905 Αἴγυπτον·
1708 1836 1820 1888 ἀπὸ

132 1922 229 1988 γὰρ
269 1920 506 1986 Φοινίκης
544 1919 694 1990 μέχρι
734 1922 892 1988 οὔρων
936 1926 1036 1973 τῶν
1075 1919 1320 1976 Καδύτιος
1362 1922 1539 1975 πόλιός
1583 1917 1651 1987 [ἥ]
1689 1916 1806 1972 ’ἐστι

133 2000 322 2071 Συρίων
365 2009 465 2057 τῶν
510 2007 872 2057 Παλαιστίνων
917 2003 1253 2071 καλεομένων·
1323 2005 1419 2057 ἀπὸ
1467 2008 1518 2057 δὲ
1566 2002 1806 2058 Καδύτιος

133 2085 312 2153 ἐούσης
334 2090 525 2149 πόλιος,
548 2089 613 2143 ὥς
637 2090 746 2156 ἐμοὶ
767 2089 942 2148 δοκέει,
967 2090 1190 2156 Σαρδίων
1216 2090 1272 2141 οὐ
1300 2094 1476 2159 πολλῷ
1502 2088 1803 2147 ἐλάσσονος,

131 2172 231 2227 ,ἀπὸ
273 2173 453 2239 ταύτης
492 2176 554 2226 τὰ
596 2174 808 2241 ἐμπόρια
848 2176 909 2224 τὰ
950 2174 1030 2225 ἐπὶ
1073 2172 1339 2239 θαλάσσης
1384 2173 1532 2243 μέχρι
1577 2174 1806 2239 Ἰηνύσου

59 2279 106 2322 ²5
132 2257 308 2311 πόλιός
348 2259 458 2311 ε’στι
498 2263 585 2310 τοῦ
623 2258 883 2325 Ἀραβίου,
924 2257 1024 2310 ἀπὸ
1067 2261 1120 2310 δὲ
1165 2257 1394 2323 Ἰηνύσου
1434 2258 1570 2311 αὖτις
1616 2260 1807 2325 Συρίων

190 2397 207 2423 1
241 2385 313 2438 ἔχε
336 2385 375 2424 R
525 2386 723 2435 βασιλήιν
745 2385 784 2423 R
1010 2399 1034 2424 2
1064 2387 1262 2440 στρατιήν
1282 2386 1323 2425 Α
1337 2385 1371 2424 Β
1389 2386 1421 2425 C
1438 2386 1499 2425 Ρ.
1530 2387 1748 2440 στρατείην
1771 2385 1804 2424 Ε

131 2452 157 2490 3
185 2443 370 2482 τοιοῦτον
391 2440 431 2478 R
446 2440 476 2480 S
490 2440 528 2479 V
640 2443 695 2482 εἷς
716 2440 756 2479 Α
770 2440 805 2478 Β
953 2440 1221 2493 4Ἀμάσιος]
1244 2444 1327 2482 τῶν
1349 2439 1407 2482 ’.Α
1436 2441 1474 2479 R
1492 2440 1574 2480 SV
1684 2441 1805 2493 γένος

130 2493 222 2546 μὲν]
243 2495 460 2547 γενόμενος
476 2495 510 2535 C
624 2494 723 2544 5ἧν
738 2508 819 2536 om.
835 2495 875 2534 A
891 2495 926 2534 B
940 2495 973 2534 C
990 2495 1023 2533 P
1134 2496 1307 2546 πολέμια
1330 2495 1369 2534 R
1387 2495 1416 2534 S
1431 2495 1485 2588 V8
1580 2498 1607 2535 6
1628 2495 1804 2546 Αμασιν

132 2549 166 2588 C
182 2549 212 2588 S
227 2549 279 2588 Ρο
294 2551 346 2602 (3)
503 2550 753 2605 εἷδιδρήσκει
763 2550 830 2589 V:
861 2552 963 2591 εἶσδ.
989 2550 1057 2588 R:
1088 2554 1188 2591 διαδ.
1214 2550 1244 2590 S
1459 2549 1598 2603 Βοῒα]
1623 2554 1644 2592 ὁ
1666 2550 1705 2588 R
1722 2550 1752 2589 S
1766 2549 1805 2588 V

136 2616 187 2643 10
213 2603 449 2655 ποιεύμενον
466 2604 501 2644 C
615 2608 749 2646 ἐλθεῖν
771 2604 800 2644 S
814 2605 854 2643 V
1049 2618 1093 2643 11
1126 2606 1268 2660 τριήρη
1289 2603 1346 2643 Α1
1363 2605 1397 2644 Β
1414 2605 1447 2644 C
1575 2606 1630 2647 εἷς
1650 2605 1803 2647 ταύτόν

135 2657 174 2696 R
189 2657 249 2698 S:
278 2674 329 2700 κα
348 2662 404 2701 εἷς
424 2659 576 2701 ταύτόν
594 2659 632 2698 V
766 2672 814 2710 13
844 2659 966 2702 θύσας
990 2660 1029 2698 R
1046 2659 1076 2699 S
1090 2661 1128 2699 V
1264 2673 1311 2708 14
1342 2660 1642 2710 ἀπηλλάσσετο
1666 2659 1705 2698 R
1720 2659 1803 2699 SV

136 2715 184 2753 16
211 2730 280 2764 μιν
301 2713 340 2751 R
356 2713 438 2753 SV
567 2715 615 2754 18
645 2719 728 2756 τῶν
748 2715 784 2753 Β
908 2729 963 2754 20
992 2716 1033 2756 αἱ
1053 2715 1226 2763 ἐσβολαὶ
1252 2715 1290 2752 R
1306 2714 1343 2753 V
1461 2728 1510 2753 21
1544 2715 1738 2756 Φοινίκοις
1760 2714 1800 2753 R

130 2767 331 2862 Ἀ”ἒρέἳ
360 2768 512 2873 “⁶⁹“'253
528 2769 684 2866 ῗίἓλ...
705 2769 1103 2866 ..ἕσάῖῗέοῧΐθε
1095 2802 1103 2811 ·
1122 2770 1390 2865 aiffa&
1478 2837 1531 2874 24
1593 2769 1801 2865 ἷῗῖῒῖ.

134 2879 234 2929 (om.
259 2875 308 2930 S)
338 2879 415 2919 ἀπὸ
444 2878 596 2928 ταύτης
625 2878 716 2918 RV
802 2841 827 2873 η
883 2878 968 2931 ἐπὶ]
998 2879 1075 2919 ἀπὸ
1101 2878 1189 2917 ΑΒ
1206 2878 1239 2917 C
1412 2878 1534 2932 μέχρι
1558 2879 1619 2919 P:
1642 2827 1800 2932 ΙμέχΙρις

132 2931 221 2971 rell.
388 2932 569 2974 Ἰκνύσου
603 2932 639 2971 R
658 2932 687 2971 S
704 2933 738 2971 V
774 2933 862 2985 (hic
898 2934 940 2973 it
976 2933 1106 2986 infra)
1345 2944 1397 2983 25
1434 2933 1527 2986 τοῦ]
1560 2937 1634 2984 τῆς
1663 2932 1702 2972 Α
1717 2932 1800 2973 BC

131 2984 263 3039 αὖτις]
283 2985 424 3030 πόλιος
448 2986 487 3026 R
501 2987 532 3028 S
545 2987 581 3027 V

1560 3043 1635 3086 15*

1839 101 1931 151 111.
1956 113 1990 166 3

1839 324 1872 373 4

1842 674 1864 705 1.)

1841 1848 1874 1899 5

1843 2029 1866 2059 2
