2098 3320
40 146 186 212 1.141
868 151 1296 199 HPOAOTOT

118 294 207 341 142
247 277 482 347 Σπάρτην
517 279 850 346 δεησομένους
882 282 1039 349 σφίσι
1070 280 1342 349 τιμωρέειν.
1411 284 1456 335 οἱ
1488 284 1541 334 δὲ
1562 280 1734 337 Ἴωνες
1765 283 1916 344 οῦτοι,

245 369 343 415 τῶν
377 365 455 416 καὶ
486 365 542 416 τὸ
577 366 862 422 Πανιώνιόν,
893 367 1018 425 ἐστι,
1052 371 1139 418 τοῦ
1167 369 1259 432 μὲν
1290 366 1498 435 οὐρανοῦ
1531 368 1730 420 καὶτῶν
1755 367 1918 436 ὡρέων

247 450 300 500 ἐν
331 449 396 519 τῷ
421 451 680 520 καλλίστῳ
716 450 994 518 ἐτύγχανον
1026 449 1343 517 ἱδρυσάμενοι
1379 453 1559 506 πόλιας
1594 450 1795 505 πάντων
1831 454 1915 506 ἆν-

186 554 208 586 2
249 533 456 599 θρώπων
488 539 587 586 τῶν
633 534 773 600 ἡμεῖς
818 536 973 600 ἴδμεν.
1021 535 1133 587 οὔτε
1175 536 1272 603 γὰρ
1317 538 1378 587 τὰ
1421 534 1521 594 ἄνω
1567 535 1716 601 αὐτῆς
1757 539 1918 606 χωρία

245 617 400 669 τώυτὸ
433 616 588 671 ποιέει
619 619 677 691 τῇ
707 618 871 691 Ἰωνίῃ
903 619 1015 672 οὔτε
1045 621 1105 671 τὰ
1138 619 1283 679 κάτω,
1317 615 1449 685 [οὔτε
1479 622 1539 672 τὰ
1569 619 1692 687 πρὸς
1720 615 1811 686 τὴν
1845 620 1915 686 ἠῶ
1941 644 1964 684 5

245 702 360 754 οὔτε
389 704 450 754 τᾶ
479 702 601 769 πρὸς
626 703 715 767 τὴν
749 700 1011 770 ἑσπέρην,]
1041 706 1102 755 τὰ
1132 706 1224 770 μὲν
1254 703 1350 756 ὑπὸ
1389 709 1474 756 τοῦ
1507 709 1708 774 ψυχροῦ
1742 727 1798 759 τε
1837 706 1916 758 καὶ

243 787 394 854 ὑγροῦ
423 788 704 852 πιεζόμενα,
738 790 801 839 τὰ
835 791 889 840 δὲ
918 789 1013 840 ὑπὸ
1049 793 1136 840 τοῦ
1178 791 1358 855 θερμοῦ
1400 811 1455 841 τε
1496 790 1576 841 καὶ
1611 789 1913 858 αὐχμ-ώδεος.
1936 791 2098 856 ma

182 892 205 935 3
243 875 491 936 γλῶσσαν
516 874 567 923 δὲ
600 873 656 924 οὐ
685 871 774 936 τὴν
814 871 966 937 αὐτὴν
1005 872 1141 924 οὗτοι
1183 874 1492 939 νενομίκασι,
1535 874 1670 926 ἀλλὰ
1704 875 1922 941 τρόπους,

243 954 491 1023 τέσσερας
522 955 877 1024 παραγωγέων.
958 958 1189 1022 Μίλητος
1219 959 1309 1023 μὲν
1341 956 1529 1010 αὐτέων
1559 958 1726 1025 πρώτη
1758 963 1915 1011 κεῖται

242 1040 389 1094 πόλις
420 1039 542 1108 πρὸς
564 1042 904 1108 μεσαμβρίην,
927 1043 1052 1107 μετὰ
1078 1043 1131 1093 δὲ
1153 1045 1321 1095 Μυοῦς
1339 1063 1393 1093 τε
1415 1042 1492 1093 καὶ
1514 1040 1725 1109 Πριήνη·
1772 1042 1913 1096 αὗται
1942 1065 1991 1092 ιο

240 1126 331 1189 μὲν
363 1125 416 1176 ἐν
439 1126 497 1196 τῇ
522 1126 680 1197 Καρίῃ
708 1126 1024 1190 κατοίκηνται
1046 1127 1170 1177 κατὰ
1193 1125 1345 1177 ταύτὰ
1365 1127 1714 1193 διαλεγόμεναι
1738 1127 1908 1194 σφίσι,

243 1210 350 1261 αἵδε
387 1211 440 1261 δὲ
477 1210 530 1261 ἐν
560 1210 618 1281 τῇ
650 1211 834 1282 Λυδίῃ·
873 1209 1121 1276 ”Εφεσος,
1157 1210 1425 1277 Κολοφών,
1468 1210 1706 1276 Λέβεδος,
1753 1210 1908 1271 Τέως,
1963 1223 1976 1262 ’.

177 1314 206 1356 4
241 1293 571 1358 Κλαζομεναί,
616 1294 835 1345 Φώκαια.
915 1293 1057 1346 αὗται
1103 1296 1157 1346 δὲ
1202 1296 1252 1346 αἱ
1295 1295 1468 1348 πόλιες
1513 1295 1630 1366 τῇσι
1670 1295 1911 1362 πρότερον

239 1377 543 1449 λεχθείσῃσι
589 1377 921 1445 ὁμολογέουσι
979 1379 1101 1430 κατὰ
1148 1383 1397 1445 γλῶσσαν
1444 1377 1602 1438 οὐδέν,
1652 1380 1804 1446 σφίσι
1856 1382 1911 1433 δὲ

238 1460 602 1529 ὁμοφωνέουσι.
667 1462 740 1514 ἔτι
771 1464 822 1513 δὲ
854 1466 985 1528 τρεῖς
1021 1462 1289 1515 ὑπόλοιποι
1320 1461 1478 1517 Ἰάδες
1509 1463 1697 1522 πόλιες,
1730 1468 1829 1515 τῶν
1858 1466 1909 1516 αἱ
1937 1482 1982 1525 ι5

236 1544 322 1597 δύο
361 1547 453 1611 μὲν
484 1544 670 1611 νήσους
705 1545 939 1606 οἰκέαται,
976 1545 1146 1612 Σάμον
1177 1567 1233 1599 τε
1276 1547 1355 1599 καὶ
1386 1547 1526 1606 Χίον,
1561 1547 1591 1612 ἡ
1632 1549 1685 1599 δὲ
1723 1549 1813 1612 μία
1854 1549 1908 1601 ἐν

234 1630 294 1701 τῇ
324 1629 511 1700 ἠπείρῳ
535 1632 738 1697 ἵδρυται,
774 1630 1027 1698 Ἐρυθραί.
1150 1635 1217 1683 ῖοι
1253 1630 1347 1697 μέν
1385 1652 1472 1683 νυν
1511 1630 1588 1682 καὶ
1623 1630 1908 1699 Ἐρυθραῖοι

237 1715 361 1766 κατὰ
405 1714 560 1767 τώυτὸ
607 1714 941 1782 διαλέγονται,
995 1714 1173 1780 Σάμιοι
1223 1718 1277 1768 δὲ
1324 1714 1401 1768 ἐπ’
1464 1718 1655 1768 ἑωυτῶν
1714 1720 1904 1781 μοῦνοι.

106 1815 196 1864 143
235 1798 370 1851 οὗτοι
405 1802 711 1867 χαρακτῆρες
743 1800 988 1867 γλώσσης
1032 1798 1272 1866 τέσσερες
1311 1800 1548 1866 γίνονται.
1618 1799 1806 1853 τούτων
1846 1800 1904 1866 δὴ

0 1877 201 1938 ΗΜ
235 1880 303 1934 ὧν
333 1887 432 1935 τῶν
460 1883 643 1936 Ἰώνων
674 1886 719 1936 οἱ
752 1882 999 1949 Μιλήσιοι
1026 1886 1119 1949 μὲν
1151 1882 1283 1949 ἦσαν
1307 1885 1361 1936 ἐν
1392 1882 1554 1955 σκέπῃ
1588 1888 1675 1936 τοῦ
1715 1885 1901 1952 φόβου,
1931 1904 1982 1932 20

10 1929 127 1994 ‘w‘
234 1968 399 2034 ὅρκιον
435 1967 780 2034 ποιησάμενοι,
822 1973 956 2020 τοῖσι
1007 1970 1060 2020 δὲ
1111 1967 1271 2020 αὐτῶν
1310 1967 1589 2040 νησιώτῃσι
1640 1967 1702 2033 ἣν
1741 1971 1903 2021 δεινὸν

233 2050 392 2103 οὐδέν·
437 2052 550 2105 οὔτε
579 2054 676 2120 γὰρ
706 2052 937 2106 Φοίνικες
970 2050 1102 2116 ἦσάν
1131 2074 1198 2104 κω
1240 2051 1484 2119 Περσέων
1529 2050 1760 2117 κατήκοοι
1790 2052 1903 2113 οὔτε

168 2159 192 2190 2
233 2135 373 2188 αὐτοὶ
393 2139 439 2188 οἱ
464 2135 660 2203 Πέρσαι
685 2135 946 2202 ναυβάται.
999 2137 1395 2205 ἀπεσχίσθησαν
1414 2138 1467 2188 δὲ
1490 2136 1589 2189 ἀπὸ
1608 2141 1707 2189 τῶν
1731 2136 1902 2189 ἄλλων

233 2219 416 2272 Ἰώνων
447 2218 581 2272 οὒτὀι
615 2220 717 2272 κατ’
750 2220 879 2272 ἄλλο
915 2223 1007 2286 μὲν
1048 2219 1206 2279 οὐδέν,
1241 2219 1480 2274 ἀσθενέος
1523 2223 1577 2273 δὲ
1622 2221 1792 2276 ἐόντος
1814 2226 1901 2273 τοῦ

232 2305 417 2358 παντὸς
430 2304 856 2369 τότεῈλληνικοῦ
869 2303 1054 2372 γένεος,
1068 2309 1242 2374 πολλῷ
1256 2303 1314 2368 δὴ
1330 2303 1390 2369 ἧν
1413 2303 1783 2357 ἀσθενέστατον
1801 2310 1900 2357 τῶν
1926 2321 1974 2362 25
2005 2357 2011 2359 ,

234 2386 418 2440 ἐθνέων
438 2387 495 2440 τὸ
519 2388 738 2440 Ἰωνικὸν
762 2388 842 2440 καὶ
864 2389 1021 2456 λόγου
1042 2389 1332 2456 ἐλαχίστου·
1376 2389 1454 2440 ὅτι
1472 2390 1566 2455 γὰρ
1585 2387 1651 2453 μὴ
1672 2388 1896 2454 Ἀθῆναι,

171 2492 196 2536 3
234 2470 295 2536 ἦν
315 2473 459 2525 οὐδὲν
478 2471 608 2524 ἄλλο
633 2473 860 2538 πόλισμα
882 2473 1110 2539 λόγιμον.
1163 2474 1210 2524 οἱ
1231 2471 1324 2537 μέν
1347 2493 1435 2524 νυν
1459 2470 1799 2526 ἄλλοιἼωνες
1819 2474 1897 2525 καὶ

218 2558 281 2608 ὀἱ
311 2555 568 2621 Ἀθηναῖοι
591 2556 781 2625 ἔφυγον
813 2556 868 2608 τὸ
893 2556 1094 2622 οὕνομα,
1123 2555 1180 2607 οὐ
1202 2557 1507 2621 βουλόμενοι
1529 2554 1701 2609 Ἴωνες
1725 2559 1897 2621 κἐκλῆ-

235 2643 371 2699 σθαι,
405 2641 539 2692 ἀλλὰ
577 2641 655 2693 καὶ
696 2645 784 2693 νῦν
826 2641 1095 2708 φαίνονταί
1125 2661 1211 2705 μοι
1251 2642 1297 2691 οἱ
1335 2639 1519 2691 πολλοὶ
1559 2639 1720 2692 αὐτῶν
1761 2641 1897 2692 ἐπαι-

236 2723 516 2793 σχύνεσθαι
545 2730 613 2795 τῷ
646 2724 896 2791 οὐνόματι·
935 2726 985 2777 αἱ
1023 2727 1077 2777 δὲ
1113 2723 1329 2776 δυώδεκα
1368 2724 1543 2778 πόλιες
1571 2723 1715 2775 αὗται
1743 2728 1810 2793 τῷ
1841 2745 1897 2775 τε
1922 2739 1971 2778 30

295 2872 314 2899 1
346 2862 464 2913 σφίσι
487 2861 657 2902 Naber:
679 2861 793 2903 Ἴωσι
815 2862 850 2902 L
997 2873 1024 2900 2
1052 2860 1199 2916 οὐρέων
1219 2860 1253 2900 Ρ
1393 2873 1419 2911 5
1447 2860 1599 2903 ποιέειν
1618 2860 1653 2902 C
1803 2863 1896 2902 οὔτε

237 2944 248 2955 .
273 2943 283 2954 .
309 2943 320 2954 .
344 2914 519 2970 ἑσπέρην
539 2917 702 2956 seclusa
723 2916 806 2956 del.
829 2915 953 2956 Stein
1123 2929 1151 2966 9
1178 2918 1349 2969 τέσσαρ.
1374 2915 1409 2954 Β
1424 2914 1459 2955 C
1474 2915 1509 2954 P
1664 2917 1794 2958 αὐτῶν
1813 2915 1848 2955 C
1863 2915 1899 2954 P

236 2968 373 3010 κέεται
395 2970 429 3008 L
566 2984 611 3010 11
645 2981 718 3024 σφι
739 2971 773 3011 C
790 2971 824 3010 P
947 2983 997 3020 14
1027 2971 1100 3024 σφὶ
1123 2970 1156 3010 L
1281 2983 1331 3022 19
1359 2969 1525 3023 τέσσαρ.
1549 2969 1584 3010 C
1599 2969 1635 3010 P
1764 2981 1818 3020 25
1846 2970 1896 3021 δὴ

237 3022 387 3064 Stein:
415 3023 461 3066 δὲ
482 3024 538 3065 L,
627 3027 680 3065 28
711 3026 885 3079 ἔφευγον
904 3025 1038 3066 Cobet
1288 3064 1291 3067 .
