2098 3320
103 107 193 157 IV.
213 121 271 169 14

937 109 985 155 H
1001 107 1366 157 ΡΟΔΟΤΟΎ

217 254 274 305 15
309 237 651 304 ἀφανισθῆναι
704 237 760 289 τὸ
812 238 1057 306 δεύτερον.
1149 244 1301 292 ταῦτα
1358 242 1450 306 μὲν
1500 242 1551 292 αἱ
1610 240 1783 295 πόλιες
1831 240 1975 294 αὗται

249 596 273 627 2

308 319 534 388 λέγουσι,
560 319 676 374 τάδε
708 324 761 374 δὲ
792 323 900 375 οἶδα
927 325 1360 376 Μεταποντίνοισι
1383 328 1519 376 τοῖσι
1548 326 1601 376 ἐν
1631 323 1820 397 Ἰταλίῃ
1850 346 1971 393 συγ-

311 404 593 472 κυρήσαντα
621 408 746 472 μετὰ
776 406 866 472 τὴν
895 407 1141 476 ἀφάνισιν
1178 408 1268 473 τὴν
1305 407 1535 476 δευτέρην
1565 407 1808 475 Ἀριστέω
1838 409 1976 462 ἔτεσι

309 490 679 558 τεσσεράκοντα
725 491 806 543 καὶΔ
848 491 1165 557 διηκοσίοισι,
1212 493 1276 547 ὡς
1323 493 1420 560 ἐγὼ
1462 494 1883 559 συμβαλλόμενος
1921 495 1976 546 ἐν

309 573 650 645 Προκοννήσῳ
688 588 742 628 τε
779 576 858 628 καὶ
898 579 1230 647 Μεταποντίῳ
1275 578 1518 644 εὕρισκον.
1609 579 1980 630 Μεταποντῖνοί

308 665 444 726 φασι
473 658 621 712 αὐτὸν
651 659 918 727 Ἀριστέην
950 660 1175 729 φανέντα
1208 668 1306 730 σφι
1337 663 1387 715 ἐς
1416 660 1506 726 τὴν
1540 661 1707 730 χώρην
1746 666 1978 714 κελεῦσαι

310 743 487 809 βωμὸν
526 743 851 799 ’Λπόλλωνος
894 745 1192 812 ἱδρύσασθαι
1235 746 1312 798 καὶ
1351 744 1592 813 Ἀριστέω
1628 749 1714 798 τοῦ
1754 750 1974 815 Προκον-

312 829 488 893 νησίου
534 829 814 894 ἐπωνυμίην
861 829 1041 898 ἔχοντα
1088 829 1354 898 ἀνδριάντα
1402 829 1515 897 παρ’
1563 829 1711 883 αὐτὸν
1763 829 1975 883 ἱστάναι·

312 911 468 979 φάναι
514 911 611 980 γάρ
655 920 754 981 σφι
798 913 899 966 τὸν.
929 914 1231 968 Ἀπόλλωνα
1277 913 1605 967 Ἰταλιωτέων
1646 915 1875 981 μούνοισι
1917 913 1976 980 δὴ

310 996 579 1060 ἀπικέσθαι
619 999 671 1051 ἐς
710 997 800 1062 τὴν
840 999 1023 1067 χώρην,
1060 1000 1138 1052 καὶ
1179 999 1326 1054 αὐτός
1366 1002 1412 1052 οἱ
1457 999 1666 1051 ἔπεσθαι
1701 999 1728 1049 ὁ
1762 1003 1850 1052 νῦν
1882 1000 1977 1052 ἐὼν

252 1105 277 1149 3
309 1080 590 1148 Ἀριστέης·
637 1083 750 1135 τότε
789 1082 859 1142 δέ,
892 1084 976 1136 ὅτε
1013 1085 1179 1137 εἵπετο
1220 1090 1287 1155 τῷ
1334 1087 1444 1155 θεῷ,
1479 1083 1606 1136 εἶναι
1640 1081 1804 1150 κόραξ.
1898 1083 1977 1135 καὶ

249 1529 276 1570 4

214 1929 273 1976 16

307 1164 395 1218 τὸν
423 1168 514 1231 μὲν
539 1167 743 1219 εἰπόντα
764 1171 918 1220 ταῦτα
948 1169 1303 1236 ἀφανισθῆναι,
1336 1167 1499 1237 σφέας
1530 1170 1583 1221 δὲ
1609 1171 1978 1220 Μεταποντῖνοι

307 1248 517 1317 λέγουσι
549 1253 599 1305 ἐς
625 1252 862 1319 Δελφοὺς
891 1251 1190 1320 πέμψαντας
1219 1252 1306 1306 τὸν
1338 1252 1451 1306 θεὸν
1489 1255 1759 1319 ἐπειρωτᾶν
1788 1252 1817 1303 ὅ
1845 1273 1894 1304 τι
1921 1250 1978 1303 τὸ

310 1334 492 1402 φάσμα
521 1341 606 1388 τοῦ
637 1336 895 1403 ἀνθρώπου
932 1339 1022 1402 εἵη.
1109 1337 1199 1402 τὴν
1238 1341 1290 1390 δὲ
1322 1339 1516 1403 Πυθίην
1553 1336 1720 1405 σφέας
1757 1336 1977 1389 κελεύειν

311 1420 575 1472 πείθεσθαι
597 1425 664 1491 τῷ
685 1419 930 1487 φάσματι,
959 1420 1300 1487 πειθομένοισι
1324 1427 1378 1475 δὲ
1402 1422 1603 1488 ἄμεινον
1631 1420 1973 1474 συνοίσεσθαι.

314 1503 392 1555 καὶ
438 1503 603 1571 σφέας
647 1503 939 1571 δεξαμένους
983 1511 1138 1558 ταῦτα
1180 1510 1389 1571 ποιῆσαι
1431 1504 1678 1559 ἐπιτελέα.
1769 1506 1847 1558 καὶ
1893 1509 1978 1558 νῦν

313 1588 492 1653 ἕστηκε
540 1589 738 1656 ἀνδριὰς
787 1591 1067 1656 ἐπωνυμίην
1111 1590 1242 1659 ἔχων
1287 1590 1532 1659 Ἀριστέω
1576 1590 1689 1657 παρ’
1737 1590 1866 1661 αὐτῷ
1909 1583 1976 1660 τῷ

312 1671 566 1739 ἀγάλματι
599 1678 683 1725 τοῦ
713 1667 1053 1734 Ἀπόλλωνος,
1088 1673 1234 1742 πέριξ
1270 1678 1323 1728 δὲ
1363 1674 1510 1727 αὐτὸν
1550 1674 1736 1743 δάφναι
1780 1677 1976 1727 ἑστᾶσι·

2000 597 2022 638 5

2005 1016 2052 1047 10

2006 1437 2052 1479 15

311 1756 367 1808 τὸ
398 1759 451 1809 δὲ
480 1756 683 1825 ἄγαλμα
713 1760 767 1811 ἐν
796 1766 856 1832 τῇ
888 1760 1042 1832 ἀγορῇ
1074 1759 1275 1827 ἵδρυται.
1352 1758 1595 1828 Ἀριστέω
1626 1757 1718 1825 μέν
1750 1779 1838 1813 vvv
1856 1756 1980 1825 πέρι
2033 1798 2035 1800 -
2088 1756 2091 1757 ’

313 1846 532 1894 τοσαῦτα
563 1841 794 1909 εἰρήσθω.

395 1929 498 1991 Τῆς
522 1929 575 1979 δὲ
599 1930 689 1994 γῆς
712 1931 799 1992 τῆς
822 1927 935 1994 πέρι
958 1928 1040 1980 ὅδε
1071 1929 1097 1979 ὁ
1128 1929 1280 1996 λόγος
1303 1928 1509 1995 ὅρμηται
1537 1931 1795 1995 λεγεσθαι,
1823 1927 1980 1981 οὐδεὶς

313 2010 415 2063 οἶδε
434 2010 675 2079 ἀτρεκέως
693 2012 722 2062 ὅ
739 2033 786 2064 τι
803 2011 861 2063 τὸ
883 2011 1153 2079 κατύπερθέ
1168 2015 1295 2065 ἐστι·
1329 2011 1527 2066 οὐδενὸς
1544 2015 1639 2080 γὰρ
1652 2012 1710 2077 δὴ
1728 2012 1979 2065 αὐτόπτεω

315 2093 496 2147 εἰδέναι
516 2095 742 2163 φαμένου
765 2096 974 2163 δύναμαι
997 2096 1258 2150 πυθέσθαι·
1302 2097 1414 2149 οὐδὲ
1446 2099 1540 2165 γὰρ
1563 2096 1676 2149 οὐδὲ
1699 2095 1977 2164 Ἀριστέης,

316 2183 402 2230 τοῦ
428 2201 519 2247 περ
538 2181 692 2250 ὀλίγῳ
717 2181 955 2249 πρότερον
975 2180 1163 2233 τούτων
1187 2180 1383 2248 μνήμην
1409 2181 1688 2247 ἐποιεύμην,
1711 2180 1821 2234 οὐδὲ
1841 2181 1981 2234 οὗτος

318 2263 616 2330 προσωτέρω
648 2264 954 2330 Ἰσσηδόνων
988 2265 1133 2320 αὐτὸς
1166 2268 1220 2318 ἐν
1251 2270 1386 2318 τοῖσι
1416 2266 1561 2318 ἔπεσι
1598 2264 1780 2317 ποιέων
1817 2265 1981 2333 ἔφησε

378 2415 394 2441 Ι
428 2402 476 2443 τὸ
505 2401 690 2456 δεύτερον
719 2416 800 2442 om.
833 2401 972 2441 ABC
1139 2404 1223 2445 αἵδε
1253 2403 1390 2442 RSV
1611 2416 1636 2441 2
1667 2402 1711 2444 δὲ
1740 2416 1820 2442 om.
1842 2401 1980 2441 ABC

319 2456 539 2510 συγκυράσ.
566 2457 606 2495 R
719 2471 743 2508 4
773 2473 941 2511 τεσσαρ.
966 2458 999 2496 C
1017 2458 1052 2497 R
1070 2459 1100 2498 S
1116 2457 1154 2496 V
1264 2457 1594 2511 τριηκοσίοισκν)
1618 2458 1651 2496 Ρ
1667 2458 1707 2497 R
1725 2457 1880 2510 (-ε,ισιν>
1899 2458 1929 2497 S
1942 2457 1993 2495 V¹

319 2511 629 2562 συμβαλόμενος
652 2511 691 2549 R
927 2524 952 2562 5
984 2512 1271 2565 Μεταποντίῳ]
1293 2514 1483 2554 -τίνοισιν
1506 2513 1544 2551 R
1559 2513 1588 2551 S
1602 2513 1641 2551 V
1659 2527 1668 2551 ε
1697 2513 1839 2554 -τίνοις
1860 2512 1978 2562 Orig.

317 2567 345 2604 6
382 2565 427 2606 δέ
455 2574 554 2618 φασι
585 2566 703 2615 Orig.
985 2580 1006 2617 7
1041 2567 1299 2609 Ἀπόλλωνος
1331 2567 1515 2606 PRSV
1545 2566 1694 2616 Orig.:
1728 2584 1815 2608 ·ωνι
1842 2565 1981 2606 ABC

319 2620 529 2672 Ἀριστέου
549 2619 588 2659 Α
603 2622 636 2660 Β
654 2622 687 2659 C
798 2625 869 2662 τοῦ
890 2635 974 2662 om.
997 2622 1031 2660 C
1196 2624 1222 2660 8
1252 2622 1317 2663 καὶ
1338 2623 1445 2674 ἂνδρ.
1470 2621 1508 2659 R
1523 2622 1562 2660 V
1672 2624 1821 2670 στῆσαι
1844 2622 1883 2660 R
1899 2621 1929 2660 S
1942 2621 1982 2660 V

318 2676 524 2767 w
552 2676 632 2748 ΕΞ)
771 2675 1247 2783 εὲεέΜῑῑὲῑφ
1318 2689 1436 2770 1³02
1466 2675 1980 2782 Μῇῖριῇεπτι

400 2759 408 2767 .
582 2748 747 2771 ειπαντα
1251 2749 1296 2772 εα

324 2786 373 2822 18
401 2785 489 2838 περὶ
510 2783 548 2822 Α
566 2785 601 2823 Β
619 2785 651 2823 C
736 2788 867 2827 αὐτῶν
888 2786 927 2825 R
943 2786 973 2825 S
987 2785 1025 2824 V
1108 2799 1158 2825 21
1191 2787 1369 2839 ὥρμηται
1385 2786 1418 2824 C
1434 2785 1466 2824 P
1480 2785 1519 2823 R
1535 2785 1564 2824 S
1580 2785 1619 2824 V
1702 2747 1772 2823 gg
1785 2785 1980 2836 ἀτρεκέως

323 2839 516 2879 Bekker:
549 2838 713 2893 ἀτρεκὲς
736 2843 786 2882 ὡς
805 2840 845 2879 Α
861 2841 894 2879 Β
911 2841 943 2879 C
963 2855 971 2879 :
1003 2840 1168 2894 ἀτρεκὲς
1189 2840 1222 2879 Ρ
1238 2841 1277 2879 R
1294 2840 1324 2879 S
1337 2840 1373 2878 V
1547 2853 1600 2889 23
1629 2847 1726 2891 φαμ.
1749 2841 1818 2880 εἶδ.
1845 2840 1882 2879 R
1899 2839 1930 2878 S
1943 2837 1981 2877 V

321 2895 478 2935 οὐδενὸς
497 2896 574 2947 ’γὰρ
594 2894 633 2933 Α
649 2895 682 2932 Β
699 2895 731 2934 C
951 2909 1003 2944 24
1034 2895 1119 2948 πέρι
1143 2895 1181 2933 R
1198 2895 1228 2935 S
1241 2895 1279 2934 V
1417 2894 1558 2946 ὀλίγον
1579 2895 1609 2933 S
1626 2895 1701 2946 [V]
1826 2893 1981 2935 τούτων

322 2947 514 3002 πρότερον
536 2949 575 2987 R
591 2950 621 2989 S
634 2949 674 2988 V
851 2962 902 2996 25
933 2952 1048 2992 αὐτὸς
1071 2951 1135 2999 ἐν]
1157 2953 1199 2991 ἐν
1220 2952 1376 2991 αὐτοῖσι
1396 2948 1435 2987 Α
1452 2949 1486 2988 Β
1502 2949 1535 2988 C
1551 2949 1584 2988 P

2006 1857 2055 1886 20

2007 2276 2061 2319 25.
