2098 3320
125 113 212 161 lx<
241 128 286 163 11

268 351 292 393 ιω

231 1356 285 1391 12

223 2370 279 2419 13

961 110 1385 159 ΗΡΟΔΟΤΟὙ

328 242 640 314 κινδυνεύειν,
688 241 778 306 τὴν
824 244 877 294 δὲ
921 247 1019 294 τῶν
1066 241 1329 308 βασιλέων
1374 241 1708 312 διαμάχεσθαι
1752 245 1863 312 περὶ
1907 248 1994 310 τῆς

327 328 491 394 χώρης
529 331 662 378 τοῖσι
705 329 918 379 ἐπιοῦσι.
1008 327 1096 378 οὐκ
1136 324 1204 378 ὧν
1245 327 1302 391 δὴ
1342 327 1535 380 ἐθέλειν
1578 331 1842 381 πείθεσθαι
1881 330 1993 382 οὔτε

326 415 459 462 τοῖσι
501 415 778 475 βασιλεῦσι
804 410 895 462 τὸν
936 414 1090 476 δῆμον
1132 411 1242 462 οὔτε
1282 416 1348 480 τῷ
1389 410 1525 482 δήμῳ
1570 413 1683 466 τοὺς
1722 413 1986 478 βασιλέας.

325 494 438 549 τοὺς
459 497 550 559 μὲν
575 494 633 559 δὴ
659 494 1087 547 ἀπαλλάσσεσθαι
1118 496 1455 560 βουλεύεσθαι
1475 497 1690 564 ἀμαχητὶ
1712 496 1802 561 τὴν
1823 498 1994 566 χώρην

325 580 688 645 παραδιδόντας
717 585 853 632 τοῖσι
884 582 1096 638 ἐπιοῦσι,
1122 584 1257 631 τοῖσι
1288 582 1340 632 δὲ
1369 585 1648 645 βασιλεῦσι
1678 580 1817 646 δόξαι
1848 584 1902 634 ἐν
1931 589 1992 655 τῇ
2015 606 2038 646 5

325 666 521 715 ἑωυτῶν
566 667 760 716 κεῖσθαι
811 664 1154 718 ἀποθανόντας
1199 666 1322 730 μηδὲ
1373 665 1681 732 συμφεύγειν
1723 671 1792 736 τῷ
1835 664 1988 736 δήμῳ,

323 747 687 815 λογισαμένους
718 750 816 800 ὅσα
851 770 905 801 τε
942 750 1103 816 ἀγαθὰ
1145 749 1427 801 πεπόνθασι
1469 749 1548 801 καὶ
1583 751 1682 801 ὅσα
1712 749 1991 818 φεύγοντας

326 834 380 883 ἐκ
410 835 497 897 τῆς
528 834 762 900 πατρίδος
794 834 918 885 κακὰ
948 831 1152 900 ἐπίδ-οξα
1185 832 1606 900 καταλαμβάνειν.
1673 834 1739 889 ὡς
1768 837 1822 887 δὲ
1851 833 1991 900 δόξαι

326 923 423 985 σφι
462 922 630 977 ταῦτα,
669 916 969 971 διαστάντας
1011 918 1088 969 καὶ
1131 917 1338 984 ἀριθμὸν
1378 920 1520 973 ἴσους
1558 917 1856 986 γενομένους
1893 918 1987 985 μά-

324 1005 510 1069 χεσθαι
547 1001 668 1069 πρὸς
707 1001 978 1067 ἀλλήλους·
1027 1003 1106 1054 καὶ
1143 1002 1256 1055 τοὺς
1294 1005 1387 1068 μὲν
1423 1004 1766 1058 ἀποθανόντας
1799 1002 1989 1058 πάντας
2015 997 2092 1052 10⁸

325 1085 406 1138 ὑπ’
438 1089 632 1138 ἑωυτῶν
664 1086 824 1154 θάψαι
855 1086 943 1139 τὸν
974 1090 1129 1152 δῆμον
1157 1092 1255 1139 τῶν
1288 1088 1571 1154 Κιμμερίων
1601 1090 1733 1155 παρὰ
1763 1087 1987 1155 ποταμὸν

323 1171 489 1237 Τύρην
540 1172 643 1235 (καί
691 1178 867 1238 σφεων
919 1171 992 1223 ἔτι
1043 1172 1210 1241 δῆλός,
1244 1173 1353 1223 ἐστι
1406 1173 1431 1222 ὁ
1483 1170 1675 1239 τάφος),
1724 1171 1988 1240 θάψαντας

324 1257 379 1307 δὲ
417 1255 542 1306 οὕτω
586 1255 677 1320 τὴν
722 1254 894 1320 ἔξοδον
939 1258 991 1307 ἐκ
1037 1259 1124 1320 τῆς
1168 1256 1332 1323 χώρης
1377 1256 1650 1315 ποιέεσθαι,
1698 1256 1888 1311 Σκύθας
1932 1259 1986 1309 δὲ

325 1340 626 1392 ἐπελθόντας
657 1345 840 1406 λαβεῖν
872 1338 1057 1407 ἐρήμην
1093 1340 1183 1405 τὴν
1222 1340 1406 1408 χώρην.
1497 1341 1577 1392 καὶ
1615 1345 1703 1393 νῦν
1743 1341 1856 1393 ἔστι
1892 1343 1984 1406 μὲν

323 1425 376 1475 ἐν
398 1425 459 1495 τῇ
489 1426 700 1496 Σκυθικῇ
730 1423 976 1491 Κιμμέρια
1005 1427 1191 1493 τείχεα,
1226 1425 1336 1476 ἔστι
1366 1427 1418 1477 δὲ
1449 1424 1698 1492 πορθμήια
1722 1423 1980 1492 Κιμμέρια,
2011 1444 2058 1487 15

323 1508 432 1559 ἔστι
463 1510 516 1559 δὲ
550 1509 627 1559 καὶ
659 1509 794 1576 χώρη
828 1509 1012 1574 οὔνομα
1045 1510 1304 1575 Κιμμερίη,
1340 1509 1450 1561 ἔστι
1479 1512 1533 1561 δὲ
1565 1510 1826 1577 Βόσπορος
1857 1513 1981 1575 Κιμ-

320 1591 487 1660 μέριος
524 1594 841 1658 καλεόμενος.
933 1595 1199 1660 φαίνονται
1238 1596 1291 1645 δὲ
1334 1596 1379 1645 οἱ
1422 1593 1681 1661 Κιμμέριοι
1713 1595 1984 1661 φεύγοντες

321 1679 371 1730 ἐς
401 1677 492 1741 τὴν
523 1676 704 1742 Ἀσίην
734 1677 849 1731 τοὺς
879 1676 1071 1730 Σκύθας
1104 1678 1182 1728 καὶ
1218 1677 1309 1741 τὴν
1347 1679 1668 1746 χερσόνησον
1703 1680 1980 1737 κτίσαντες,

321 1762 374 1812 ἐν
405 1763 464 1833 τῇ
494 1765 581 1813 νῦν
613 1763 812 1826 Σινώπη
852 1762 999 1815 πόλις
1028 1761 1219 1815 Ἑλλὰς
1259 1764 1466 1827 οἴκηται.
1526 1763 1761 1831 ,φανεροὶ
1797 1762 1853 1815 δέ
1881 1764 1982 1815 εἰσι

321 1845 400 1897 καὶ
430 1848 476 1897 οἱ
508 1846 691 1897 Σκύθαι
722 1844 986 1910 διώξαντες
1017 1845 1191 1900 αὐτοὺς
1223 1846 1301 1898 καὶ
1334 1847 1646 1912 ἐσβαλόντες
1682 1848 1732 1900 ἐς
1767 1849 1863 1914 γῆν
1890 1846 1983 1911 τὴν
2009 1865 2058 1894 20

322 1929 568 1994 Μηδικήν,
603 1931 905 1997 ἁμαρτόντες
934 1933 1021 1994 τῆς
1053 1931 1184 1982 ὁδοῦ.
1273 1934 1319 1983 οἱ
1347 1933 1439 1997 μὲν
1468 1933 1564 1998 γὰρ
1596 1930 1856 1998 Κιμμέριοι
1885 1931 1982 1983 αἰεὶ

318 2013 408 2078 τὴν
453 2016 585 2080 παρὰ
629 2013 897 2066 θάλασσαν
942 2014 1175 2082 ἔφευγον,
1218 2018 1264 2067 οἱ
1310 2017 1362 2067 δὲ
1404 2015 1590 2066 Σκύθαι
1630 2017 1683 2067 ἐν
1722 2014 1857 2087 δεξιῇ
1893 2015 1982 2067 τὸν

318 2098 584 2150 Καύκασον
633 2099 836 2167 ἔχοντες
886 2101 1092 2151 ἐδίωκον
1143 2101 1195 2153 ἐς
1240 2100 1296 2151 οὗ
1346 2099 1601 2165 ἐσέβαλον
1653 2101 1704 2154 ἐς
1749 2102 1844 2167 γῆν
1889 2099 1981 2164 τὴν

318 2182 564 2247 Μηδικήν,
615 2184 664 2236 ἐς
710 2184 991 2250 μεσόγαιαν
1038 2186 1126 2247 τῆς
1169 2185 1285 2235 ὁδοῦ
1330 2182 1649 2251 τραφθέντες.
1737 2183 1880 2237 οὗτος
1926 2185 1980 2236 δὲ

316 2265 473 2321 ἄλλος
513 2265 658 2330 ξυνὸς
688 2266 950 2331 Ἑλλήνων
987 2289 1042 2320 τε
1083 2269 1162 2320 καὶ
1202 2266 1478 2335 βαρβάρων
1516 2269 1788 2335 λεγόμενος
1827 2268 1980 2335 λόγος
2005 2283 2054 2325 25

317 2352 518 2418 εἴρηται.
608 2352 705 2419 ἔφη
747 2354 802 2403 δὲ
831 2351 1095 2419 Ἀριστέης
1137 2354 1163 2402 ὁ
1196 2353 1547 2419 Καϋστροβίου
1587 2351 1711 2420 ἀνὴρ
1751 2355 1977 2419 Προκον-

370 2502 395 2538 3
425 2491 497 2530 τὸν
517 2492 643 2541 δῆμον
664 2492 758 2530 οὔτε
778 2503 860 2529 om.
887 2490 927 2528 R
1081 2503 1105 2539 5
1136 2490 1387 2544 παραδόντας
1408 2490 1447 2528 Α
1466 2490 1500 2528 Β
1518 2490 1551 2529 C
1566 2491 1601 2529 P
1754 2503 1777 2540 7
1807 2500 1978 2542 λογισα-

314 2543 449 2595 μένοις
471 2544 608 2583 Cobet
765 2545 791 2583 8
821 2544 1127 2596 καταλαμβάνει
1151 2545 1209 2584 L:
1243 2558 1351 2584 corr.
1378 2545 1539 2584 Reiske
1649 2545 1687 2586 δ’
1709 2544 1822 2598 ἔδοξέ
1841 2545 1979 2586 RSV

319 2612 363 2638 11
396 2599 498 2650 τῶν]
519 2600 592 2640 τὸν
615 2599 653 2637 R
765 2601 871 2653 παρὰ
890 2601 964 2640 τὸν
983 2617 1023 2639 π.
1048 2600 1081 2638 C
1153 2627 1155 2629 -
1225 2613 1273 2650 13
1304 2599 1478 2653 διέξοδον
1500 2601 1538 2639 R
1554 2599 1637 2639 SV
1744 2599 1977 2642 ποιέσεσθαι

317 2653 432 2693 RV:
464 2654 704 2702 ποιήσεσθαι
727 2654 757 2693 S
903 2667 950 2704 14
980 2656 1058 2703 τὴν
1078 2656 1213 2708 χώρην
1235 2655 1385 2707 ἐρήμην
1404 2653 1444 2692 Α
1459 2654 1494 2692 Β
1511 2654 1544 2692 C
1686 2666 1734 2704 15
1764 2657 1815 2709 τῇ
1834 2667 1915 2694 om.
1940 2655 1976 2694 C

319 2710 368 2747 16
397 2709 462 2748 καὶ
482 2713 540 2748 τῶ
564 2711 682 2761 χώρω
704 2709 743 2747 R
761 2709 789 2747 S
804 2709 843 2747 V
1046 2710 1240 2762 Κιμμερία
1261 2709 1300 2747 R
1316 2709 1346 2748 S
1361 2709 1398 2747 V
1590 2708 1815 2763 Βοόσπορος
1838 2708 1877 2746 R
1893 2709 1977 2749 SV

319 2775 366 2811 17
398 2762 598 2814 φυγόντες
619 2763 754 2802 Cobet
942 2765 990 2802 18
1018 2763 1131 2815 τοὺς]
1156 2766 1227 2805 τὰς
1250 2764 1289 2802 R
1399 2762 1558 2816 χερρόν.
1582 2763 1699 2803 RV:
1727 2763 1914 2816 χερσόνν.
1939 2763 1974 2802 C

317 2828 367 2867 19
395 2819 563 2858 οἰκεῖται
592 2817 784 2856 Eustath.
811 2817 936 2857 Dion.
959 2830 1064 2867 772:
1094 2821 1266 2859 οἴκισται
1286 2817 1374 2857 ΑΒ
1391 2818 1424 2856 C
1440 2817 1473 2856 P
1637 2831 1692 2858 20
1720 2831 1782 2868 pr.
1803 2819 1867 2859 καὶ
1891 2831 1972 2859 om.

317 2870 453 2910 RSV
565 2875 712 2923 ἐμβαλ.
740 2871 779 2910 R
796 2871 902 2911 SV:
934 2872 1216 2919 ἐσβαλλόντες
1237 2872 1270 2911 C
1435 2885 1483 2910 21
1516 2871 1812 2926 ἁμαρτάνοντες
1838 2869 1975 2912 RSV
2041 2887 2054 2923 ζ

314 2927 374 2966 ἀεὶ
397 2925 436 2963 R
450 2925 489 2964 V
598 2939 651 2975 23
683 2930 723 2968 ἐς
742 2928 764 2968 ὃ
788 2926 821 2965 Ρ
839 2941 848 2966 z
879 2927 967 2968 ἔστ’
990 2926 1029 2964 R
1045 2926 1128 2966 SV
1235 2929 1316 2979 γῆν
1336 2939 1416 2968 om.
1441 2926 1481 2965 R
1497 2926 1578 2966 SV
1687 2939 1740 2978 24
1768 2926 1974 2982 μεσόγεαν

315 2979 355 3019 R
372 2980 401 3019 S
415 2979 453 3018 V
562 2981 783 3038 τραφέντες
803 2981 838 3020 C
854 2996 863 3023 :
895 2981 1148 3037 στραφέντες
1169 2981 1208 3021 R
1223 2982 1254 3021 S
1268 2982 1305 3022 V
