2098 3320
38 171 75 218 Ι.
99 182 187 232 137

112 634 202 695 138

863 169 1292 218 ΗΡΟΔΟΤΟΎ

239 301 427 370 πατέρα
449 301 561 355 οὐδὲ
592 302 793 369 μητέρα,
822 304 957 355 ἀλλὰ
982 303 1139 354 ὁκόσα
1161 302 1251 368 ἤδη
1277 308 1479 355 τοιαῦτα
1502 302 1728 371 ἐγένετο,
1745 306 1912 357 πᾶσαν
1964 345 1966 348 ·

239 385 459 455 ἀνάγκην
497 387 627 454 φασὶ
669 387 1038 453 ἀναζητεόμενα
1072 391 1223 439 ταῦτα
1261 386 1323 440 ἂν
1359 389 1614 454 εὑρεθῆναι
1649 386 1756 453 ἤτοι
1791 389 1910 440 ὑπο·

238 475 485 537 βολιμαῖα
518 471 663 523 ἐόντα
692 467 722 536 ἢ
755 472 994 540 μοιχίδια·
1042 471 1098 523 οὐ
1129 473 1223 539 γὰρ
1253 469 1311 536 δή
1342 478 1474 539 φασι
1503 471 1636 524 οἰκὸς
1673 470 1796 524 εἶναι
1826 473 1913 524 τόν

240 577 299 623 γε
351 554 576 621 ἀληθέως
628 555 775 608 τοκέα
826 556 921 608 ὑπὸ
971 561 1058 608 τοῦ
1107 559 1289 608 ἑωυτοῦ
1333 556 1508 609 παιδὸς
1560 557 1910 629 ἀποθνῄσκειν.

240 638 380 692 ἅσσα
416 639 471 692 δέ
507 647 606 709 σφι
637 640 822 694 ποιέειν
853 641 940 692 οὐκ
980 639 1164 705 ἔξεστι,
1197 644 1349 692 ταῦτα
1379 641 1491 692 οὐδὲ
1527 639 1697 707 λέγειν
1727 639 1906 705 ἔξεστι.
1937 664 1958 703 5

241 726 512 794 αἴσχιστον
547 727 601 777 δὲ
638 725 832 777 αὐτοῖσι
869 725 926 776 τὸ
963 726 1241 792 ψεύδεσθαι
1279 725 1582 790 νενόμισται,
1621 725 1822 793 δεύτερα
1861 728 1914 777 δὲ

239 809 295 861 τὸ
331 810 558 877 ὀφείλειν
592 809 757 878 χρέος,
791 815 997 863 πολλῶν
1035 812 1127 875 μὲν
1165 809 1244 861 καὶ
1280 808 1452 861 ἄλλων
1482 810 1660 869 εἵνεκα,
1691 809 1914 874 μάλιστα

240 896 294 946 δὲ
318 894 589 961 ἀναγκαίην
614 895 743 962 φασὶ
777 894 903 947 εἶναι
925 894 1012 946 τὸν
1040 895 1312 961 ὀφείλοντα
1343 894 1425 945 καί
1443 915 1490 946 τι
1512 897 1697 961 ψεῦδος
1725 893 1911 962 λέγειν.

240 977 295 1032 ὃς
324 977 386 1031 ἂν
416 980 469 1030 δὲ
498 983 596 1031 τῶν
621 980 789 1031 ἀστῶν
819 978 1010 1046 λέπρην
1034 974 1064 1043 ἢ
1091 978 1274 1043 λεύκην
1305 978 1414 1050 ἔχῃ,
1442 980 1492 1031 ἐς
1514 978 1664 1030 πόλιν
1687 978 1828 1031 οὗτος
1857 978 1914 1030 οὐ

242 1062 533 1131 κατέρχεται
562 1063 673 1115 οὐδὲ
705 1065 1040 1131 συμμίσγεται
1066 1067 1199 1114 τοῖσι
1229 1061 1436 1114 ἄλλοισι
1460 1061 1708 1134 Πέρσῃσι.
1781 1063 1913 1129 φασὶ
1941 1077 1989 1108 ¹0

242 1147 296 1199 δέ
330 1168 414 1213 μιν
453 1150 502 1202 ἐς
537 1146 624 1200 τὸν
654 1147 799 1213 ἥλιον
834 1148 1115 1214 ἁμαρτόντα
1151 1168 1197 1199 τι
1235 1151 1387 1199 ταῦτα
1423 1146 1574 1214 ἔχειν.
1666 1145 1829 1212 ξεῖνον
1859 1141 1944 1198 δὲ’

242 1232 402 1285 πάντα
441 1232 527 1285 τὸν
566 1233 955 1299 λαμβανόμενον
996 1231 1092 1284 ὑπὸ
1135 1230 1323 1284 τούτων
1362 1231 1546 1284 πολλοὶ
1587 1229 1911 1296 ἐξελαύνουσι

241 1319 295 1368 ἐκ
325 1320 412 1382 τῆς
442 1317 623 1386 χώρης,
659 1318 736 1369 καὶ
767 1320 854 1370 τὰς
889 1318 1069 1370 λευκᾶς
1101 1315 1410 1383 περιστεράς,
1446 1315 1536 1380 τὴν
1567 1314 1718 1379 αὐτὴν
1749 1316 1912 1381 αἰτίην

241 1400 578 1468 ἐπιφέροντες.
644 1404 695 1456 ἐς
714 1402 938 1467 ποταμὸν
963 1404 1016 1453 δὲ
1039 1401 1152 1453 οὔτε
1178 1400 1460 1467 ἐνουρέουσι
1485 1399 1597 1452 οὔτε
1621 1399 1907 1465 ἐμπτύουσι,

202 1515 204 1517 ·
240 1486 296 1536 οὐ
325 1491 498 1554 χεῖρας
529 1487 900 1551 ἐναπονίζονται
929 1485 1040 1538 οὐδὲ
1072 1485 1230 1537 ἄλλον
1261 1484 1437 1537 οὐδένα
1466 1489 1750 1552 περιορῶσι,
1777 1485 1912 1536 ἀλλὰ
1939 1500 1986 1543 15

105 1582 200 1631 Ῑ39

240 1569 483 1636 σέβονται
513 1570 764 1637 ποταμοὺς
791 1569 1031 1637 μάλιστα.
1119 1570 1199 1622 καὶ
1229 1570 1343 1622 τόδε
1373 1569 1502 1620 ἄλλο
1534 1575 1632 1636 σφι
1660 1570 1756 1621 ῶδε
1785 1590 1909 1634 συμ-

240 1654 470 1708 πέπτωκε
513 1657 759 1723 γίνεσθαι,
805 1655 861 1707 τὸ
907 1654 1112 1721 Πέρσας
1158 1657 1250 1720 μὲν
1295 1653 1469 1708 αὐτοὺς
1511 1652 1711 1719 λέληθε,
1756 1652 1912 1719 ἡμέας

9 1740 240 1788 ΜΝ
277 1739 410 1792 έντοι
439 1741 512 1792 οὔ.
585 1742 646 1792 τὰ
676 1738 925 1806 οὐνόματά
957 1745 1055 1807 σφι
1086 1740 1231 1792 ἐόντα
1262 1739 1407 1805 ὅμοια
1435 1743 1567 1790 τοῖσι
1599 1738 1801 1804 σώμασι
1831 1738 1911 1789 καὶ

0 1802 208 1852 ’,φημιε

104 2181 199 2229 140

0 2414 199 2468 mna-»2

239 1825 298 1896 τῇ
340 1826 742 1897 μεγαλοπρεπείῃ
783 1829 1054 1877 τελευτῶσι
1097 1823 1259 1877 πάντα
1305 1825 1355 1877 ἐς
1399 1822 1555 1875 τώυτὸ
1594 1822 1811 1889 γράμμα,
1853 1822 1910 1874 τὸ

241 1909 457 1976 Δωριέες
486 1912 576 1975 μὲν
601 1912 699 1961 σὰν
725 1908 975 1967 καλέουσι,
994 1907 1167 1963 Ἴωνες
1198 1911 1251 1961 δὲ
1281 1910 1452 1975 σίγμα.
1528 1909 1579 1961 ἐς
1601 1911 1746 1959 τοῦτο
1775 1905 1904 1972 ὃιζή-
1935 1927 1984 1956 20

235 2015 384 2058 μενος
415 1993 642 2062 εὑρήσεις
664 1998 972 2046 τελευτῶντα
994 1999 1093 2046 τῶν
1118 1992 1362 2060 Περσέων
1385 1994 1446 2044 τὰ
1477 1991 1738 2056 οὐνόματα,
1766 1991 1823 2043 οὐ
1845 1993 1907 2042 τὰ

236 2077 341 2139 μέν,
374 2080 435 2130 τὰ
466 2081 518 2131 δὲ
549 2079 621 2138 οὔ,
655 2079 788 2130 ἀλλὰ
818 2077 981 2131 πάντα
1010 2079 1205 2143 ὁμοίως.

318 2166 487 2215 Ταῦτα
543 2165 636 2228 μὲν
687 2161 928 2230 ἀτρεκέως
980 2162 1081 2231 ἔχω
1134 2161 1244 2227 περὶ
1305 2161 1466 2213 αὐτῶν
1529 2163 1669 2216 εἰδὼς
1727 2162 1900 2212 εἰπεῖν.

236 2245 354 2299 τάδε
375 2246 544 2312 μέντοι
581 2247 646 2302 ὣς
684 2248 992 2315 κρυπτόμενα
1030 2246 1234 2313 λέγεται
1273 2246 1352 2297 καὶ
1388 2245 1444 2296 οὐ
1478 2245 1746 2314 σαφηνέως
1790 2244 1902 2311 περὶ

235 2335 323 2382 τοῦ
357 2332 708 2390 ἀποθανόντος,
744 2331 809 2385 ὡς
838 2331 894 2382 οὗ
930 2331 1170 2397 πρότερον
1202 2329 1438 2382 θάπτεται
1476 2331 1651 2397 ἀνδρὸς
1688 2327 1900 2395 Πέρσεω
1926 2348 1974 2390 25

237 2416 263 2466 ὁ
294 2414 434 2469 νέκυς
464 2416 578 2482 πρὶν
607 2415 668 2468 ἂν
698 2415 779 2467 ὑπ’
811 2417 1003 2482 ὄρνιθος
1038 2411 1068 2479 ἢ
1100 2413 1241 2467 κυνὸς
1283 2417 1517 2487 ἑλκυσθῇ.
1582 2413 1770 2480 μάγους
1809 2414 1900 2477 μὲν

237 2501 332 2566 γὰρ
391 2499 631 2567 ἀτρεκέως
682 2498 791 2551 οἶδα
842 2504 995 2550 ταῦτα
1042 2497 1318 2552 ποιέοντας·
1389 2497 1650 2564 ἐμφανέως
1695 2498 1791 2564 γὰρ
1839 2495 1898 2560 δὴ

291 2651 316 2689 5
346 2637 476 2690 ἅσσα]
498 2638 626 2680 ὁκόσα
647 2639 687 2678 R
702 2639 732 2678 S
746 2639 784 2677 V
907 2640 1039 2679 ταῦτα
1059 2636 1102 2678 δὲ
1125 2635 1216 2678 οὐδὲ
1234 2635 1274 2675 V
1403 2635 1535 2687 ἔξεστι
1558 2635 1737 2689 Πέρσησι
1762 2633 1799 2671 R
1815 2634 1846 2674 S
1860 2635 1898 2672 V

238 2695 376 2745 (·οισι)
534 2707 556 2743 7
588 2698 756 2734 πολλῶν
774 2724 782 2733 .
803 2725 810 2733 .
828 2723 837 2734 .
860 2691 1119 2746 ἐπιφέροντες
1139 2704 1222 2731 om.
1249 2689 1286 2728 R
1303 2691 1333 2730 S
1346 2690 1385 2728 V
1551 2703 1600 2729 12
1628 2689 1778 2731 πολλοὶ
1798 2694 1897 2728 ante

237 2750 302 2790 καὶ
322 2750 395 2790 τὰς
417 2753 576 2798 transp.
600 2748 707 2788 Reiz
818 2749 883 2789 καὶ
905 2746 1117 2788 ἐλαύνουσι
1139 2746 1173 2785 C
1360 2757 1409 2794 13
1437 2745 1674 2798 περιστερὰς
1686 2760 1760 2781 *³⁶*
1775 2743 1895 2782 Stein

242 2816 291 2851 14
322 2806 363 2844 ἐς
380 2833 391 2843 .
410 2834 420 2844 .
437 2803 468 2855 .]
491 2805 556 2845 καὶ
576 2805 625 2844 τὸ
648 2806 687 2845 ἐς
707 2804 888 2853 ποταμὸν
911 2801 1107 2855 ἐνουρέειν
1125 2802 1150 2850 ἢ
1170 2799 1312 2841 πτύειν
1330 2801 1356 2849 ἢ
1382 2803 1522 2853 χεῖρας
1550 2797 1850 2849 ἐναπονίζεσθαι
1870 2799 1895 2847 ἢ

238 2860 344 2900 ἄλλο
363 2875 405 2899 τι
424 2858 587 2899 ποιέειν.
637 2857 830 2906 σέβονται
851 2856 896 2898 δὲ
915 2856 1118 2907 ποταμοὺς
1137 2854 1296 2896 πάντων
1315 2853 1508 2904 μάλιστα.
1558 2854 1613 2895 τὰ
1631 2853 1677 2894 δὲ
1696 2852 1897 2902 οὐνόματα

238 2916 320 2953 τῶν
349 2912 539 2967 Περσέων
567 2912 701 2954 πάντα
725 2916 978 2954 τελευτῶσιν
1008 2914 1048 2952 ἐς
1079 2910 1168 2961 (19)
1200 2909 1335 2948 RSV
1558 2920 1607 2958 15
1637 2907 1702 2959 οὐ]
1733 2909 1828 2948 οὔτε
1859 2907 1894 2945 Β

243 2969 291 3006 18
321 2968 385 3008 καὶ
406 2969 566 3018 σώμασι
586 2969 651 3009 καὶ
671 2967 706 3006 C
854 2979 908 3005 20
938 2969 978 3007 ἐς
993 2995 1003 3005 .
1025 2995 1034 3005 .
1053 2995 1062 3004 .
1081 2967 1133 3006 ὣς
1155 2964 1244 3016 (25)
1267 2976 1347 3004 om.
1373 2963 1412 3002 R
1428 2962 1509 3003 SV
1654 2973 1705 3012 25
1735 2964 1780 3002 οὗ
1799 2961 1893 3012 πρό-

237 3039 357 3073 τερον
378 3021 422 3063 δὲ
442 3024 530 3075 παρ’
551 3025 683 3064 αὐτῶν
703 3021 897 3063 θάπτεται
919 3019 1032 3062 νέκυς
1054 3020 1093 3058 R
1109 3019 1139 3058 S
1153 3018 1192 3058 V
1321 3058 1323 3060 ,
1361 3021 1414 3057 26
1443 3020 1686 3066 ἑλκυσθῆναι
1706 3015 1795 3055 ΑΒ
1809 3016 1843 3055 C
1859 3015 1894 3054 Ρ

238 3076 391 3130 μάγους
407 3107 417 3116 .
438 3107 446 3116 .
465 3107 472 3116 .
495 3077 762 3130 ἐπιμνήσομαι
787 3077 841 3130 (c.
866 3088 940 3127 177
959 3074 1075 3127 fin.)]
1098 3077 1228 3117 ταῦτα
1245 3071 1320 3127 μέν
1341 3090 1410 3115 νυν
1427 3074 1531 3115 οὕτω
1551 3075 1732 3114 τελεῖται
1754 3071 1793 3110 R
1809 3070 1839 3110 S
1852 3070 1892 3110 V
