2098 3320
50 116 109 165 IL
141 116 263 166 1213

243 520 271 562 4
305 499 578 565 σκευάζειν.
667 502 732 556 ὡς
774 505 828 555 δὲ
867 503 1050 570 λόγους
1087 524 1142 554 τε
1180 501 1365 556 πλέους
1405 504 1695 570 ἐγγίνεσθαι
1737 505 1820 555 καί
1853 525 1966 556 τινα

243 942 264 988 5

919 117 1350 167 ΗΡΟΔΟΤΟΎ

304 245 747 314 προσποιεύμενον·
801 248 1252 316 παραμυθευμένων
1297 252 1351 302 δὲ
1394 249 1542 302 αὐτὸν
1585 255 1683 302 τῶν
1726 249 1965 318 φυλάκων

303 333 468 402 χρόνῳ
507 332 815 400 πρηΰνεσθαι
851 333 1250 401 προσποιέεσθαι
1287 334 1363 386 καὶ
1398 336 1634 387 ὑπίεσθαι
1669 338 1755 400 τῆς
1795 337 1962 404 ὀργῆς,

303 415 450 470 τέλος
479 419 533 469 δὲ
565 415 805 481 ἐξελάσαι
846 417 996 479 αὐτὸν
1025 417 1139 471 τοὺς
1179 419 1320 472 ὄνους
1364 421 1416 471 ἐκ
1448 422 1534 484 τῆς
1564 420 1678 470 ὁδοῦ
1706 419 1786 471 καὶ
1817 427 2098 530 κατά-Ὤ

304 586 383 636 καὶ
424 587 633 653 σκῶψαί
668 607 754 652 μιν
803 586 884 638 καὶ
932 588 982 640 ἐς
1027 586 1224 653 γέλωτα
1271 586 1667 654 προαγαγέσθαι,
1710 587 1963 640 ἐπιδοῦναι
1987 609 2010 650 5

303 669 496 721 αὐτοῖσι
525 674 624 723 τῶν
655 672 824 723 ἀσκῶν
857 671 960 722 ἕνα·
1004 671 1118 724 τοὺς
1159 673 1213 723 δὲ
1253 671 1403 723 αὐτοῦ
1443 672 1615 739 ὥσπερ
1645 671 1783 741 εἶχον
1805 693 1960 724 ,κατα-

304 753 562 808 κλιθέντας
609 756 771 807 πίνειν
820 753 1134 807 διανοέεσθαι
1184 755 1261 806 καὶ
1308 757 1500 808 ἐκεῖνον
1547 755 1963 823 παραλαμβάνειν

305 839 383 890 καὶ
436 836 655 892 κελεύειν
713 839 819 905 μετ’
879 842 1074 891 ἑωυτῶν
1131 841 1369 904 μείναντα
1419 842 1700 906 συμπίνειν·
1764 840 1849 893 τὸν
1909 843 1963 894 δὲ

302 924 573 987 πεισθῆναί
619 945 673 975 τε
720 923 777 987 δὴ
829 924 908 975 καὶ
941 925 1265 990 ’καταμεῖναμ
1355 925 1421 979 ὡς
1461 923 1517 977 δέ
1562 946 1646 991 μιν
1693 927 1826 992 παρὰ
1870 925 1963 990 τὴν

248 1056 251 1058 μ
302 1008 452 1059 πόσιν
484 1008 809 1075 φιλοφρόνως
845 1007 1147 1072 ἠσπάζοντο,
1183 1010 1436 1061 ἐπιδοῦναι
1470 1009 1664 1061 αὐτοῖσι
1692 1010 1773 1061 καὶ
1801 1008 1962 1062 ἄλλον
1988 1030 2038 1060 ιο

0 1101 260 1151 {Mt-mu.

11 1134 291 1205 wan-&35⁶2

235 1269 263 1312 6

300 1096 399 1143 τῶν
430 1093 616 1144 ἀσκῶν·
662 1091 871 1160 δαψ-ιλέϊ
905 1095 959 1145 δὲ
995 1098 1062 1163 τῷ
1103 1099 1237 1163 ποτῷ
1277 1093 1623 1162 χρησαμένους
1652 1093 1766 1148 τοὺς
1797 1092 1957 1161 φυλά-

303 1197 414 1230 κους
443 1178 874 1243 ὑπερμεθυσθῆναι
906 1178 984 1229 καὶ
1017 1176 1344 1244 κρατηθέντας
1383 1178 1479 1231 ὑπὸ
1517 1183 1602 1230 τοῦ
1619 1179 1785 1232 ’ὕπνου
1813 1178 1962 1230 αὐτοῦ

301 1260 420 1312 ἔνθα
467 1282 558 1327 περ
607 1261 778 1314 ἔπινον
827 1265 1260 1327 κατακοιμηθῆναι·
1313 1261 1400 1314 τὸν
1447 1261 1516 1323 δέ,
1568 1263 1633 1316 ὡς
1680 1263 1853 1329 πρόσω
1899 1261 1961 1327 ἣν

300 1348 388 1410 τῆς
416 1346 606 1405 νυκτός,
638 1347 697 1398 τό
735 1368 789 1398 τε
831 1351 977 1411 σῶμα
1014 1351 1100 1398 τοῦ
1141 1348 1391 1414 ἀδελφεοῦ
1434 1353 1710 1400 καταλῦσαι
1740 1349 1820 1400 καὶ
1861 1352 1960 1399 τῶν

302 1428 543 1496 φυλάκων
582 1429 667 1482 ἐπὶ
705 1428 834 1502 λύμῃ
879 1430 1078 1483 πάντων
1120 1429 1332 1498 ξυρῆσαι
1371 1434 1459 1485 τὰς
1499 1431 1660 1496 δεξιὰς
1701 1433 1957 1499 παρηίδας,
1987 1452 1999 1480 ι
2010 1452 2033 1493 5

250 1558 252 1560 .
300 1513 534 1566 ἐπιθέντα
563 1517 615 1566 δὲ
645 1514 734 1567 τὸν
763 1514 907 1567 νέκυν
944 1514 1026 1567 ἐπὶ
1054 1515 1167 1570 τοὺς
1197 1518 1340 1570 ὄνους
1370 1514 1666 1569 ἀπελαύνειν
1697 1516 1775 1569 ἐπ’
1806 1518 1956 1576 οἴκου,
1984 1550 1991 1554 -

243 1619 265 1648 Ε

282 1597 663 1652 »ἐπιτελέσαντα
691 1607 751 1672 τῇ
780 1599 926 1666 μητρὶ
956 1602 1018 1651 τὰ
1047 1600 1445 1669 προσταχθέντα.
1519 1605 1604 1652 τὸν
1635 1603 1687 1652 δὲ
1717 1599 1957 1666 βασιλέα,

1299 1685 1312 1703 Q

301 1682 366 1736 ὡς
413 1683 545 1753 αὐτῷ
590 1683 884 1751 ἀπηγγέλθη
936 1690 1024 1736 τοῦ
1075 1684 1243 1752 φωρὸς
1289 1706 1315 1735 ο
1363 1684 1503 1739 νέκυς
1548 1682 1955 1750 ἐκκεκλεμμένος,

0 1767 669 1845 κεκωλωωγδεινᾲ-λτοιέειν,
702 1767 899 1822 πάντως
941 1771 993 1820 δὲ
1029 1769 1344 1834 βουλόμενον
1381 1771 1634 1836 εὑρεθῆναι
1670 1770 1810 1824 ὅστις
1846 1772 1958 1821 κοτὲ

0 1838 240 1885 ἝἫἻ’

237 1959 262 1990 2

426 1852 438 1870 Q

300 1853 373 1915 εἴη
415 1873 442 1903 ο
481 1858 632 1905 ταῦτα
670 1853 1043 1921 μηχανώμενος,
1086 1855 1300 1918 ποιῆσαί
1332 1875 1418 1919 μιν
1458 1853 1589 1913 τάδε,
1624 1854 1732 1918 ἐμοὶ
1770 1855 1861 1919 μὲν
1900 1852 1957 1904 οὐ
1982 1872 2032 1901 20

299 1935 470 1988 πιστά·
524 1937 613 2001 τὴν
659 1937 900 2004 θυγατέρα
943 1937 1032 2002 τὴν
1079 1940 1260 1989 ἑωυτοῦ
1305 1939 1503 1990 κατίσαι
1552 1937 1627 1990 ἐπ’
1672 1936 2098 2006 ozxrjffaroffiwvffi

298 2021 650 2087 ἐντειλάμενον
701 2021 888 2076 πάντας
938 2043 993 2074 τε
1043 2023 1224 2087 ὁμοίως
1274 2021 1657 2089 προσδέκεσθαι,
1709 2023 1788 2074 καὶ
1839 2022 1955 2088 πρὶν

299 2105 650 2172 συγγενέσθαι,
684 2106 979 2173 ἀναγκάζειν
1023 2105 1193 2172 λέγειν
1237 2107 1357 2178 αὐτῇ
1402 2108 1430 2157 ὅ
1468 2128 1515 2158 τι
1555 2105 1612 2170 δὴ
1655 2108 1709 2159 ἐν
1747 2111 1813 2175 τῷ
1853 2107 1952 2175 βίῳ

297 2188 536 2255 ἔργασται
562 2191 689 2260 αὐτῷ
722 2191 1019 2257 σοφώτατον
1044 2190 1122 2242 καὶ
1146 2191 1501 2243 ἀνοσιώτατον·
1535 2190 1587 2245 ὃς
1611 2189 1652 2241 δ’
1676 2190 1737 2243 ἂν
1760 2188 1950 2257 ἆπηγή·

297 2294 446 2337 σηται
475 2276 536 2325 τὰ
566 2275 679 2341 περὶ
707 2274 793 2326 τὸν
834 2280 980 2342 φῶρα
1014 2274 1335 2342 γεγενημένα,
1367 2280 1543 2327 τοῦτον
1573 2273 1952 2340 συλλαμβάνειν
1979 2293 2026 2334 ²5

297 2358 377 2409 καὶ
412 2357 478 2422 μὴ
514 2357 725 2410 ἀπιέναι
749 2357 859 2423 ἔξω.
950 2359 1015 2412 ὡς
1051 2362 1105 2411 δὲ
1141 2358 1231 2422 τὴν
1267 2363 1419 2411 παῖδα
1453 2357 1640 2411 ποιέειν
1679 2361 1740 2410 τὰ
1777 2360 1829 2410 ἐκ
1865 2363 1951 2409 τοῦ

297 2441 480 2508 πατρὸς
528 2442 924 2511 προσταχθέντα,
975 2442 1062 2495 τὸν
1114 2448 1259 2510 φῶρα
1309 2444 1587 2509 πυθόμενον
1637 2449 1736 2495 τῶν
1788 2443 1951 2495 εἵνεκα

294 2531 449 2578 ταῦτα
496 2526 794 2594 ἐπρήσσετο,
844 2526 1160 2592 βουληθέντα
1211 2528 1516 2599 πολυτροπίῃ
1567 2533 1652 2580 τοῦ
1703 2525 1950 2593 βασιλέος

294 2602 644 2677 περιγενέσθαι
679 2610 866 2664 ποιέειν
906 2610 1038 2663 τάδε·
1089 2617 1260 2678 νεκροῦ
1297 2610 1593 2679 προσφάτου
1634 2611 1950 2677 ἀποταμόντα

351 2762 370 2789 1
403 2749 752 2803 παραμυθευμένον
775 2749 813 2787 R
1021 2764 1046 2789 2
1077 2749 1320 2803 ὑπίσχεσθαι
1344 2747 1478 2788 RSV
1678 2764 1702 2799 4
1731 2749 1891 2791 πλείους
1913 2747 1947 2788 L

294 2817 318 2854 5
350 2807 389 2846 ἐς
410 2807 476 2846 καὶ
498 2804 634 2844 RSV
742 2807 1020 2857 προσαγαγεῖν
1042 2803 1106 2844 R:
1137 2807 1359 2857 προσαγεῒν
1379 2804 1460 2843 SV
1601 2806 1628 2844 6
1657 2802 1945 2847 κατακλισθέν-
1990 2810 1993 2811 ’

293 2875 366 2899 τας
389 2859 428 2898 R
539 2873 566 2909 9
594 2859 663 2911 δὴ]
686 2863 750 2901 δεῖ
767 2858 857 2897 RV
970 2872 1021 2897 10
1049 2859 1304 2912 φιλοφρόνως
1323 2871 1404 2898 om,
1429 2859 1467 2897 R
1483 2858 1566 2898 SV
1678 2872 1727 2909 13
1757 2861 1944 2907 κοιμηθῆ-

293 2929 355 2953 ναι
378 2913 417 2951 R
435 2913 517 2953 SV
738 2927 786 2964 14
817 2917 1067 2955 κατακλῦσαι
1091 2913 1130 2952 R
1145 2911 1228 2952 SV
1440 2926 1489 2963 15
1519 2913 1679 2956 πάντων
1698 2925 1779 2953 om.
1805 2911 1844 2951 R
1862 2911 1945 2951 SV

291 2969 458 3064 xm&
473 2968 617 3063 ἓξὲξ
775 3037 828 3073 24
840 2971 888 3039 1?
918 2967 1295 3077 &gffliAnRRqSGJ
1502 2982 1551 3008 21
1583 2970 1658 3018 τὴν
1678 2968 1723 3010 δὲ
1744 2973 1830 3021 θυγ.
1852 2966 1892 3006 Α
1907 2967 1941 3008 C

411 3041 450 3065 αι
859 3040 940 3073 απη
972 3041 1116 3073 ησεται
1195 3051 1212 3062 κ
