2098 3320
898 85 1272 134 [ΣΤΟΡῙΩΝ
1334 87 1371 134 Β
2000 95 2098 156 IL!

297 212 461 282 θάψαι
499 216 553 268 ἐν
594 217 730 288 ἱρῇσι
770 213 970 287 θήκῃσι·
1017 216 1131 269 οὐδὲ
1164 220 1364 284 ψαῦσαι
1405 215 1572 281 ἔξεστι
1613 217 1761 269 αὐτοῦ
1801 217 1960 271 ἄλλον
1993 238 2020 270 2

296 298 472 352 οὐδένα
506 300 618 352 οὔτε
656 303 753 351 τῶν
795 300 1151 375 προσηκόντων
1191 300 1303 353 οὔτε
1343 306 1443 353 τῶν
1482 302 1659 369 φίλων,
1698 301 1834 354 ἀλλά
1874 324 1959 366 μιν

295 384 343 435 οἱ
387 382 512 450 ἱρέες
553 382 691 435 αὐτοὶ
731 386 778 436 οἱ
821 388 909 435 τοῦ
955 385 1158 443 Νείλου,
1201 384 1288 437 ἅτε
1332 384 1490 437 πλέον
1538 406 1584 438 τι
1629 381 1658 449 ἢ
1701 385 1959 452 ἀνθρώπου

295 468 487 534 νεκρόν,
521 466 935 536 χειραπτάζοντες
965 467 1229 522 θάπτουσι.

247 571 270 612 5
378 550 726 617 Ἑλληνικοῖσι
778 554 831 603 δὲ
889 553 1142 618 νομαίοισι
1196 553 1444 620 φεύγουσι
1502 556 1739 620 χρᾶσθαι,
1795 553 1852 604 τὸ
1903 556 1958 606 δὲ
1997 561 2059 610 91

295 635 496 701 σύμπαν
537 637 708 695 εἰπεῖν,
752 635 864 701 μηδ’
909 636 1081 688 ἄλλων
1124 633 1358 704 [μηδαμὰ]
1402 641 1637 703 μηδαμῶν
1684 638 1958 704 ἀνθρώπων

296 721 564 785 νομαίοισι.
651 722 696 772 οἱ
726 719 817 785 μέν
841 741 928 772 νυν
958 719 1109 772 ἄλλοι
1136 721 1399 788 Αἰγύπτιοι
1422 723 1547 773 οὕτω
1578 727 1722 773 τοῦτο
1754 721 1953 789 φυλάσ-

295 825 460 863 σουσι,
496 804 608 856 ἔστι
643 807 696 856 δὲ
728 803 920 870 Χέμμις
957 805 1104 859 πόλις
1140 803 1335 872 μεγάλη
1373 810 1524 870 νομοῦ
1562 810 1651 857 τοῦ
1690 809 1956 870 Θηβαϊκοῦ

293 887 442 955 ἐγγὺς
474 887 608 952 Νέης
638 888 829 942 πόλιος.
918 891 973 941 ἐν
1008 889 1159 961 ταύτῃ
1197 896 1256 961 τῇ
1293 889 1417 942 πόλι
1453 889 1564 941 ἔστι
1600 888 1829 956 Περσέος
1868 895 1954 942 τοῦ
1989 913 2014 945 2

220 992 269 1022 10
295 971 496 1037 Δανάης
528 971 632 1038 ἱρὸν
655 971 982 1039 τετράγωνον,
1010 970 1157 1040 πέριξ
1181 975 1235 1025 δὲ
1260 973 1407 1025 αὐτοῦ
1433 975 1656 1040 φοίνικες
1679 973 1951 1041 πεφύκασι.
1993 1027 1996 1030 .

290 1058 351 1107 τὰ
382 1059 435 1108 δὲ
466 1057 696 1123 πρόπυλα
725 1052 812 1108 τοῦ
845 1059 949 1125 ἱροῦ
978 1055 1146 1110 λίθινά
1183 1058 1293 1109 ἐστι
1333 1056 1485 1124 κάρτα
1518 1057 1734 1125 μεγάλα·
1781 1058 1862 1110 ἐπὶ
1899 1061 1952 1110 δὲ

291 1140 487 1192 αὐτοῖσι
518 1140 804 1207 ἀνδριάντες
840 1141 924 1193 δύο
962 1144 1144 1194 ἑστᾶσι
1182 1141 1625 1214 λίθινοιιμεγάλοι.
1714 1144 1768 1194 ἐν
1799 1144 1852 1195 δὲ
1881 1147 1950 1213 τῷ

288 1224 709 1295 περιβεβλημένῳ
754 1226 911 1295 τούτῳ
958 1227 1076 1291 νηός
1121 1247 1175 1278 τε
1221 1225 1295 1278 ἔνι
1341 1226 1418 1277 καὶ
1470 1226 1668 1293 ἄγαλμα
1723 1228 1776 1278 ἐν
1820 1225 1949 1297 αὐτῷ

287 1307 524 1373 ἐνέστηκε
570 1313 656 1360 τοῦ
698 1308 940 1375 Περσέος.
1049 1310 1182 1362 οὗτοι
1222 1312 1268 1362 οἱ
1315 1314 1563 1376 Χεμμῖται
1605 1308 1819 1377 λέγουσι
1860 1310 1949 1364 τὸν
1983 1333 2008 1376 3

215 1411 262 1455 15
287 1392 493 1459 Περσέα
527 1391 772 1447 πολλάκις
808 1395 901 1459 μὲν
945 1394 1039 1446 ἀνὰ
1082 1393 1173 1459 τὴν
1211 1398 1307 1461 γῆν
1344 1395 1623 1462 φαίνεσθαί
1666 1401 1779 1461 σφι,
1822 1401 1946 1447 πολ-

287 1475 430 1530 λάκις
466 1479 519 1529 δὲ
560 1476 663 1529 ἔσω
703 1482 790 1529 τοῦ
829 1480 949 1544 ἱροῦ,
997 1478 1271 1531 σανδάλιόν
1311 1499 1365 1530 τε
1407 1478 1554 1530 αὐτοῦ
1599 1478 1947 1546 πεφορημένον

286 1561 621 1627 εὑρίσκεσθαι,
677 1561 759 1613 ἐὸν
819 1561 877 1613 τὸ
936 1562 1153 1629 μέγαθος
1213 1563 1411 1631 δίπηχυ,
1466 1562 1522 1613 τὸ
1581 1564 1732 1614 ἐπεὰν
1790 1569 1944 1635 φανῇ,

285 1644 527 1698 εὐθενέειν
564 1645 767 1698 ἅπασαν
802 1647 1071 1713 Αἴγυπτον.
1163 1651 1315 1698 ταῦτα
1350 1649 1442 1711 μὲν
1483 1645 1709 1714 λέγουσι,
1748 1652 1945 1699 ποιεῦσι
1981 1669 2008 1711 4

283 1731 336 1780 δὲ
382 1728 500 1782 τάδε
546 1728 823 1795 Ελληνικὰ
872 1736 939 1800 τῷ
989 1730 1195 1797 Περσέϊ·
1265 1732 1434 1797 ἀγῶνα
1482 1730 1716 1797 γυμνικὸν
1762 1733 2098 1842 τιθεῖσιωψ
1991 1766 2006 1772 2

209 1832 259 1862 20
282 1812 1059 1883 5>me
1104 1813 1408 1883 παρέχοντες
1448 1814 1606 1866 ἄεθλα
1646 1813 1824 1879 κτήνεα
1866 1795 2098 1900 mlum-2³

281 1899 494 1966 χλαίνας
526 1898 605 1951 καὶ
636 1897 868 1965 δέρματα.
964 1898 1216 1966 εἰρομένου
1247 1898 1302 1950 δέ
1328 1920 1419 1963 μευ
1450 1900 1479 1950 ὅ
1506 1920 1553 1950 τι
1587 1905 1684 1965 σφι
1713 1899 1943 1963 μούνοισι
1967 1890 2098 1967 ’ξω

281 1981 404 2034 ἔωθε
436 1983 462 2032 ὁ
499 1982 728 2050 Περσεὺς
765 1984 1123 2050 ἐπιφαίνεσθαι
1163 1980 1309 2035 καὶὸ
1343 2004 1391 2035 τι
1427 1984 1753 2051 κεχωρίδαται
1788 1985 1939 2050 Αἰγυ-

280 2066 436 2118 πτίων
480 2071 579 2118 τῶν
624 2066 797 2118 ἄλλων
842 2067 1011 2134 ἀγῶνα
1052 2067 1288 2134 γυμνικὸν
1332 2066 1563 2127 τιθέντες,
1608 2066 1809 2133 ἔφασαν
1853 2065 1940 2119 τὸν

280 2148 485 2215 Περσέα
516 2152 570 2202 ἐκ
600 2153 688 2215 τῆς
719 2154 913 2203 ἑωυτῶν
951 2153 1128 2204 πόλιος
1165 2150 1440 2219 γεγονέναι·
1486 2150 1574 2203 τὸν
1610 2153 1705 2217 γὰρ
1737 2150 1940 2203 Δαναὸν

204 2250 251 2291 25
279 2233 358 2285 καὶ
387 2234 474 2286 τὸν
504 2234 702 2301 Λυγκέα
726 2236 898 2289 ἐόντας
929 2237 1181 2300 Χεμμίτας
1206 2238 1463 2287 ἐκπλῶσαι
1494 2237 1544 2289 ἐς
1574 2234 1664 2299 τὴν
1693 2234 1937 2287 Ἑλλάδα.

276 2316 375 2369 ἀπὸ
411 2321 464 2371 δὲ
499 2319 686 2371 τούτων
722 2319 1135 2387 γενεηλογέοντες
1177 2319 1475 2385 κατέβαινον
1506 2321 1556 2372 ἐς
1595 2318 1682 2370 τὸν
1714 2318 1934 2385 Περσέα.

275 2402 577 2468 ἀπικόμενον
629 2405 684 2455 δὲ
735 2403 885 2455 αὐτὸν
938 2405 989 2456 ἐς
1041 2406 1295 2470 Αἴγυπτον
1348 2403 1452 2454 κατ’
1504 2405 1665 2467 αἰτίην
1714 2402 1804 2467 τὴν
1858 2404 1935 2455 καὶ
1971 2411 1999 2454 6

265 2483 519 2551 ’Έλληνες
547 2486 772 2554 λέγουσι,
801 2489 1007 2539 οἴσοντα
1031 2490 1085 2539 ἐκ
1111 2489 1304 2553 Λιβύης
1328 2487 1418 2551 τὴν
1444 2491 1659 2554 Γοργοῦς
1692 2485 1933 2553 κεφαλήν,
1990 2485 2006 2558 ΔΑ

330 2635 347 2661 1
380 2626 414 2664 εἷ
414 2623 563 2677 ρῆ(ι)σι
594 2624 627 2662 C
645 2624 681 2663 R
797 2627 903 2665 αὐτῶ
936 2624 1072 2664 RSV
1228 2638 1253 2662 2
1282 2625 1363 2675 μὴν
1390 2623 1483 2663 RV
1645 2635 1669 2672 3
1699 2623 1768 2663 alt.
1795 2626 1831 2664 οἱ
1851 2636 1932 2663 om.

271 2676 311 2716 A
329 2678 363 2717 B
383 2641 437 2716 Cp
433 2679 466 2717 P
576 2679 780 2732 ἄνθρωπον
802 2679 840 2718 R
857 2680 886 2718 S
902 2679 940 2718 V
1092 2690 1116 2728 5
1147 2678 1345 2732 φεύγουσι
1365 2691 1448 2718 om.
1475 2679 1504 2718 S
1521 2679 1557 2716 V
1717 2680 1744 2716 6
1772 2680 1936 2728 μηδαμὰ

272 2745 353 2771 om.
379 2733 417 2772 R
437 2734 466 2772 S
482 2733 521 2772 V
697 2735 722 2772 8
752 2733 876 2784 Χέμις
897 2733 935 2772 Α
951 2733 985 2772 Β
999 2733 1033 2772 C
1047 2734 1083 2772 V
1098 2731 1146 2773 Sl
1271 2737 1389 2775 πόλις
1409 2746 1491 2773 om.
1516 2733 1547 2772 S
1560 2733 1599 2771 V
1761 2746 1789 2782 9
1817 2731 1934 2774 πόλει

274 2787 307 2825 C
323 2787 361 2825 R
381 2789 410 2826 S
429 2788 504 2840 [V]
677 2802 726 2827 10
755 2790 853 2829 αὐτο
877 2789 914 2827 R
931 2790 960 2827 S
977 2788 1014 2827 V
1179 2801 1228 2838 14
1259 2791 1331 2829 τοῦ
1352 2801 1434 2829 om.
1460 2788 1494 2826 P
1511 2788 1550 2826 R
1569 2788 1598 2826 S
1615 2786 1652 2824 V
1762 2790 1934 2836 Χεμΐται

271 2842 308 2880 Α
328 2842 361 2880 Β
382 2843 415 2881 C
430 2841 485 2881 Vl
635 2854 683 2893 15
715 2844 833 2895 σφίσι
856 2842 1126 2883 Herwerden
1271 2844 1320 2882 18
1350 2843 1551 2891 εὐθηνέειν
1574 2842 1606 2880 L
1749 2854 1798 2891 19
1827 2843 1878 2881 τὰ
1899 2842 1933 2879 C

271 2910 324 2935 20
353 2898 524 2949 ἀγωνίας
548 2897 629 2937 PV
848 2912 898 2947 23
930 2902 1131 2940 τιθεῦντες
1156 2897 1193 2936 R
1411 2910 1461 2948 25
1493 2897 1668 2948 Χεμίτας
1689 2895 1727 2934 Α
1742 2896 1776 2935 Β
1793 2896 1826 2935 C
1843 2895 1881 2934 R
1897 2896 1934 2935 V

270 2953 324 2990 26
354 2954 407 2994 εἷς
432 2953 471 2991 R
639 2966 689 3003 27
721 2953 771 3002 ἣν
790 2952 930 2992 ABC
