2098 3320
703 117 1084 175 ΙΣΤΟΡΙΩΝ
1148 128 1193 177 Δ
1825 133 1909 181 uz
1935 130 2038 195 169

39 312 42 313 ⁷
121 253 387 319 πλησίοισι
420 256 557 305 τοῖσι
590 251 823 319 ἑτέροισι.
912 255 1225 322 Γιλιγαμέων
1256 259 1309 309 δὲ
1346 257 1548 326 ἔχονται
1578 259 1634 310 τὸ
1665 261 1786 328 πρὸς
1823 282 1914 334 170

42 372 52 382 »
118 337 335 405 ἑσπέρης
363 336 668 403 Ἀσβύσται·
714 337 848 389 οὗτοι
879 339 999 405 ὑπὲρ
1028 339 1251 407 Κυρήνης
1281 341 1510 395 οἰκέουσι.
1588 344 1668 396 ἐπὶ
1699 344 1784 396 θά-

13 430 45 475 i‘
74 447 78 450 ·
107 429 323 476 -λασσαν
352 423 405 474 δὲ
424 421 486 473 οὐ
517 419 787 486 κατήκουσι
810 421 1115 488 Ἀσβύσται·
1161 424 1216 476 τὸ
1241 426 1334 492 γὰρ
1358 427 1489 493 παρὰ
1520 426 1786 483 θάλασσαν

22 546 26 549 Α
87 505 391 575 ’Κυρηναῖοι
435 504 685 572 νέμονται.
774 506 1171 574 τεθριπποβάται
1212 511 1265 561 δὲ
1304 509 1389 561 οὐκ
1430 510 1610 575 ἥκιστα
1653 513 1786 565 ἀλλὰ

72 617 94 660 5
117 590 343 659 μάλιστα
381 590 585 656 Λιβύων
628 592 744 649 εἶσί,
788 591 966 657 νόμους
1012 595 1065 644 δὲ
1107 592 1221 646 τοὺς
1260 598 1476 649 πλεῦνας
1519 595 1786 661 μιμέεσθαι

119 675 463 741 ἐπιτηδεύουσι
500 675 614 730 τοὺς
646 677 950 742 Κυρηναίων.
1041 676 1373 742 Ἀσβυστέων
1405 681 1457 731 δὲ
1493 678 1694 747 ἔχονται
1728 681 1785 734 τὸ
1822 692 1900 746 171

117 759 241 828 πρὸς
272 758 487 827 ἑσπέρης
510 759 786 828 Αὐσχίσαι·
832 760 967 812 οῦτοι
997 761 1119 827 ὑπὲρ
1147 760 1339 828 Βάρκης
1369 762 1604 823 οἰκέουσι,
1639 764 1784 830 κατή·

115 865 288 899 κοντες
311 844 392 897 ἐπὶ
417 843 688 897 θάλασσαν
713 843 818 896 κατ’
840 843 1194 912 Εὐεσπερίδας.
1262 846 1562 915 Αὐσχισέων
1586 851 1638 901 δὲ
1664 851 1786 902 κατὰ

115 929 276 996 μέσον
317 932 406 995 τῆς
450 930 616 998 χώρης
660 927 881 981 οἰκέουσι
926 928 1168 989 Βάκαλες,
1212 931 1386 997 ὀλίγον
1431 931 1588 991 ἔθνος,
1637 933 1781 998 κατήἿ

3 1084 5 1090 γ
40 1041 96 1070 ,ιο
119 1036 286 1070 κοντες
327 1014 409 1067 ἐπὶ
451 1013 721 1066 θάλασσαν
761 1015 883 1065 κατὰ
918 1014 1173 1082 Ταύχειρα
1214 1015 1363 1067 πόλιν
1399 1018 1486 1079 τῆς
1524 1019 1783 1084 Βαρκαίης·

115 1099 318 1167 νόμοισι
341 1102 394 1152 δὲ
418 1103 552 1163 τοῖσι
577 1098 772 1151 αὐτοῖσι
795 1097 1042 1166 χρέωνται
1065 1103 1201 1150 τοῖσι
1227 1099 1303 1150 καὶ
1329 1102 1373 1151 οῖ
1397 1101 1517 1168 ὑπὲρ
1544 1101 1783 1168 Κυρήνης.

117 1183 422 1254 Αὐσχισέων
440 1187 493 1237 δὲ
522 1184 708 1236 τούτων
740 1183 796 1235 τὸ
818 1182 939 1250 πρὸς
971 1182 1185 1250 ἑσπέρης
1222 1183 1423 1251 ἔχονται
1453 1188 1782 1251 Νασαμῶνες,
1822 1201 1908 1253 172

116 1269 260 1324 ἔθνος
285 1269 367 1322 ἐὸν
392 1269 604 1329 πολλόν,
630 1269 677 1321 οἳ
701 1267 758 1319 τὸ
783 1266 926 1334 θέρος
959 1268 1316 1321 καταλιπόντες
1348 1268 1428 1320 ἐπὶ
1458 1269 1516 1341 τῇ
1550 1269 1783 1343 θαλάσσῃ

116 1355 176 1407 τὰ
207 1355 440 1422 πρόβατα
470 1354 805 1420 ἀναβαίνουσι
837 1354 888 1407 ἐς
914 1353 1109 1420 Αὔγιλα
1138 1357 1303 1421 χῶρον
1327 1354 1650 1420 ὀπωριεῦντες
1672 1355 1786 1410 τοὺς

43 1462 91 1506 15
117 1440 361 1507 φοίνικας·
408 1441 454 1491 οἱ
495 1440 549 1491 δὲ
584 1437 769 1491 πολλοὶ
812 1438 891 1489 καὶ
934 1436 1254 1508 ἀμφιλαφέες
1294 1437 1565 1504 πεφύκασι,
1605 1438 1786 1495 πάντες
1813 1450 1895 1507 rm
1909 1428 2098 1507 ‘pavenda'

117 1524 283 1578 ἐόντες
320 1523 646 1591 καρποφόροι.
734 1523 847 1576 τοὺς
878 1525 931 1575 δὲ
962 1521 1264 1588 ἀττελέβους
1302 1523 1452 1575 ἐπεὰν
1485 1523 1781 1590 θηρεύσωσι,
1807 1519 2011 1571 (oua-„C

117 1607 385 1674 αὐήναντες
420 1607 541 1676 πρὸς
576 1607 664 1660 τὸν
699 1608 845 1673 ἥλιον
878 1605 1179 1678 κατα-λέουσι
1218 1606 1296 1658 καὶ
1333 1606 1503 1660 ἔπειτα
1540 1609 1620 1661 ἐπὶ
1651 1607 1785 1675 γάλα
1812 1600 1957 1674 ,vals-A
1970 1612 2098 1684 (51³2

115 1691 487 1748 ἐπιπάσσοντες
507 1693 725 1746 πίνουσι.
791 1696 1026 1760 γυναῖκας
1050 1693 1103 1744 δὲ
1126 1691 1410 1757 νομίζοντες
1429 1693 1624 1746 πολλὰς
1647 1692 1784 1761 ἔχειν
1821 1717 1845 1750 2

116 1778 326 1833 ἕκαστος
356 1779 607 1831 ἐπίκοινον
631 1776 818 1830 αὐτέων
842 1778 933 1842 τὴν
963 1775 1125 1843 μεῖξιν
1149 1780 1400 1829 ποιεῦνται
1430 1778 1593 1846 τρόπῳ
1624 1798 1779 1844 παρα-

43 1887 93 1917 20
116 1864 316 1934 πλησίῳ
341 1868 407 1934 τῷ
441 1860 520 1916 καὶ
545 1862 902 1931 Μασσαγέται·
952 1863 1101 1914 ἐπεὰν
1126 1862 1354 1927 σκίπωνα
1376 1860 1780 1928 προστήσωνται,
1824 1862 1982 1929 Abest.

113 1949 398 2016 μίσγονται.
473 1952 669 2015 πρῶτον
700 1950 754 2001 δὲ
782 1945 1055 2015 γαμέοντος
1078 1950 1395 2012 Νασαμῶνος
1427 1945 1603 2013 ἀνδρὸς
1633 1947 1782 2011 νόμος

117 2034 232 2086 ε’στὶ
256 2032 348 2098 τὴν
379 2032 578 2101 νύμφην
608 2032 744 2085 νυκτὶ
766 2040 826 2106 τῇ
850 2032 1016 2104 πρώτῃ
1048 2032 1128 2083 διὰ
1159 2029 1360 2083 πάντων
1391 2029 1661 2095 διεξελθεῖν
1684 2037 1782 2082 τῶν

116 2118 421 2183 δαιτυμόνων
450 2116 777 2185 μισγομένην·
824 2121 923 2168 τῶν
946 2118 999 2168 δὲ
1024 2116 1088 2170 ὡς
1120 2116 1330 2168 ἕκαστός
1361 2117 1406 2167 οἱ
1436 2118 1632 2188 μειχθῇ,
1659 2118 1788 2172 διδοῖ

116 2206 272 2270 δῶρον
294 2201 351 2255 τὸ
373 2201 435 2256 ἂν
458 2203 551 2275 ἔχῃ
572 2203 848 2271 φερόμενος
869 2199 928 2266 ἐξ
946 2202 1096 2253 οἴκου.
1162 2200 1374 2267 ὁρκίοισι
1397 2201 1449 2251 δὲ
1475 2199 1552 2251 καὶ
1574 2206 1783 2272 μαντικῇ
1818 2231 1843 2274 3

43 2310 91 2355 25
115 2286 360 2358 χρέωνται
402 2288 583 2360 τοιῇδε·
644 2287 882 2353 ὀμνύουσι
928 2288 1020 2351 μὲν
1064 2284 1177 2339 τοὺς
1221 2286 1353 2350 παρὰ
1401 2284 1556 2350 σφίσι
1601 2282 1782 2351 ἄνδρας

175 2441 192 2466 1
239 2427 519 2482 Γιλιγαμμέων
550 2428 713 2468 ABC:
762 2425 968 2479 Γιγαμέων
1008 2425 1120 2464 PR:
1169 2423 1370 2476 Γιγάμεαν
1402 2423 1463 2461 V:
1501 2422 1717 2475 Γηγαμέων
1747 2424 1779 2463 S

115 2497 141 2524 2
169 2483 368 2532 Ἀσβύται
390 2484 423 2523 C
443 2486 533 2536 (aut
554 2483 758 2533 Ἀσύνται,
784 2483 827 2522 it.
851 2482 981 2534 infra>
1004 2481 1043 2518 A
1062 2480 1094 2517 B
1185 2478 1294 2520 οὗτοι
1315 2480 1378 2519 τοὶ
1402 2477 1517 2517 RV:
1547 2476 1656 2518 οὗτοι
1677 2479 1726 2519 τὸ
1749 2478 1780 2517 S

116 2552 142 2590 3
171 2538 236 2591 οὐ]
260 2555 295 2580 οι
319 2538 359 2578 R
373 2538 455 2579 SV
566 2537 765 2586 Ἀσβύται
785 2537 825 2576 Α
841 2537 874 2575 Β
891 2537 924 2575 C
1037 2536 1143 2587 παρὰ
1163 2536 1239 2583 τὴν
1260 2533 1348 2575 θάλ.
1371 2533 1410 2572 R
1426 2532 1455 2572 S
1469 2531 1507 2570 V
1682 2546 1707 2581 4
1738 2533 1782 2574 δὲ

115 2606 198 2634 om.
223 2593 257 2632 C
463 2595 490 2633 6
519 2592 755 2642 Ἀσβυτέων
776 2592 815 2631 Α
830 2591 865 2630 Β
880 2592 913 2631 C
934 2606 943 2631 :
973 2588 1209 2638 Ἀβυστέων
1227 2589 1266 2627 V
1469 2600 1490 2636 7
1522 2587 1697 2638 Αὐχίσαι
1718 2586 1752 2627 C
1771 2601 1780 2626 ε

116 2648 291 2701 Αὐχισοί
325 2648 395 2690 R:
442 2651 615 2700 Αὔχισοι
652 2649 708 2688 S:
759 2649 960 2699 Αὕσχισοι
989 2646 1028 2684 V
1180 2643 1310 2690 Βάκης
1342 2645 1415 2684 οἰκ.
1447 2642 1708 2683 κατοίκοντες
1740 2641 1778 2679 R

116 2704 142 2743 8
172 2705 420 2758 Εὐεσπρίδας
440 2704 478 2742 Α
495 2705 529 2743 Β
629 2706 732 2756 Αὐχ.
760 2702 842 2742 SV
953 2715 980 2751 9
1010 2699 1200 2747 Κάβαλες
1223 2697 1309 2737 PR
1326 2697 1355 2737 S
1370 2697 1406 2735 V
1521 2709 1570 2735 10
1599 2696 1780 2750 Ταύχιρα

43 2790 47 2795 «
116 2758 208 2798 ΑΒ
377 2771 422 2798 11
456 2761 494 2801 οἱ
513 2772 594 2799 om.
624 2759 657 2798 C
847 2770 896 2795 12
925 2759 1070 2805 Αὐχισ.
1098 2753 1159 2793 S:
1188 2756 1346 2805 Αὐχησ.
1370 2752 1409 2790 V
1579 2763 1627 2800 13
1657 2767 1780 2792 κατα-

117 2814 330 2856 λείποντες
349 2813 388 2854 Α
405 2810 439 2853 Β
455 2815 489 2854 C
505 2814 539 2853 P
673 2826 722 2863 14
751 2815 902 2865 Αἴγιλα
924 2811 956 2850 Ρ
972 2810 1002 2849 S
1016 2809 1053 2847 V
1071 2823 1080 2848 :
1110 2808 1259 2861 Αἴγίλα
1281 2807 1319 2845 R
1446 2807 1496 2845 16
1525 2805 1780 2854 ἀττελάβους

120 2869 159 2909 R
175 2868 257 2910 SV
444 2883 491 2920 17
524 2870 587 2911 ἐπὶ
609 2881 690 2908 om.
717 2867 755 2907 A
774 2866 807 2905 B
825 2867 857 2906 C
875 2866 909 2904 P
1095 2864 1144 2902 18
1174 2861 1374 2914 νομίζουσι
1398 2860 1436 2898 R
1626 2872 1676 2911 19
1703 2862 1781 2909 τὴν

117 2937 201 2966 orn.
226 2925 265 2964 A
280 2923 315 2964 B
330 2925 363 2965 C
474 2929 580 2978 μιξιν
601 2925 634 2965 L
829 2934 883 2960 20
911 2919 1123 2967 σκίμπωνα
1147 2917 1176 2957 S
1197 2931 1206 2956 :
1236 2917 1387 2957 κίπωνα
1409 2916 1441 2955 C
1555 2931 1715 2956 -σονται
1738 2914 1778 2953 R

119 2992 169 3020 ΩΙ
198 2979 423 3033 ’γαμέοντες
444 2979 485 3018 R
670 2991 722 3016 22
751 2981 900 3030 πρῶτοι
924 2974 963 3012 R
980 2973 1055 3026 [V]
1077 2987 1085 3012 ε
1115 2985 1195 3011 om.
1224 2971 1257 3010 C
1442 2983 1493 3020 23
1527 2969 1691 3011 εκαστόι
1712 2969 1780 3010 A:

120 3034 272 3076 εκαστό
292 3036 326 3074 Β
437 3038 563 3091 μιχθῇ
587 3034 619 3073 L
786 3044 835 3080 24
866 3031 1018 3083 ὅρκοισι
1042 3027 1074 3066 Ρ
1090 3027 1127 3066 R
1144 3026 1224 3066 SV
1389 3038 1440 3075 25
1472 3035 1544 3077 σφι
1568 3025 1652 3122 Ῑὲἰὸὃ
1667 3025 1706 3063 V

173 3102 275 3132 Ηοτ,
299 3104 327 3132 1.
1568 3090 1576 3101 ·
