2098 3320
878 109 1257 159 ΙΣΤΟΡΙΩΝ
1318 111 1358 159 Β
1989 113 2098 164 ΙΙ.ξ

282 241 495 314 κομισθῇ
532 241 727 309 -νεκρός,
777 241 1057 294 δεικνύουσι
1105 246 1240 294 τοῖσι
1287 242 1529 309 κομίσασι
1578 243 1950 311 παραδείγματα

281 331 468 394 νεκρῶν
505 324 698 391 ξύλινα,
731 333 791 400 τῇ
828 327 998 399 γραφῇ
1035 325 1366 392 μεμιμημένα,
1409 328 1490 380 καὶ
1527 326 1618 392 τὴν
1657 330 1750 393 μὲν
1791 349 1946 382 σπου·

282 409 543 475 δαιοτάτην
588 409 775 463 αὐτέων
819 411 949 477 φασὶ
995 410 1122 463 εἶναι
1166 414 1251 462 τοῦ
1295 411 1382 463 οὐκ
1433 412 1576 463 ὅσιον
1621 416 1849 477 ποιεῦμαι
1893 411 1949 464 τὸ

281 495 467 560 οὕνομα
505 494 587 546 ἐπὶ
628 495 833 565 τοιούτῳ
875 492 1127 562 πρήγματι
1167 494 1442 561 ὀνομάζειν,
1486 495 1577 559 τὴν
1621 497 1674 547 δὲ
1719 495 1950 562 δευτέρην

233 600 256 640 5
281 579 560 631 δεικνύουσι
604 577 968 646 ὑποδεεστέρην
1009 600 1063 631 τε
1103 578 1282 644 ταύτης
1328 579 1406 630 καὶ
1455 578 1827 647 εὐτελεστέρην,
1859 579 1950 645 τὴν

281 665 336 716 δὲ
378 664 548 730 τρίτην
593 662 972 728 εὐτελεστάτην·
1021 662 1308 730 φράσαντες
1353 666 1405 715 δὲ
1454 662 1788 716 πυνθάνονται
1834 663 1949 731 παρ’

282 747 443 799 αὐτῶν
475 749 598 799 κατὰ
629 747 803 812 ἥντινα
832 747 1112 813 βούλονταί
1140 753 1238 814 σφι
1270 750 1610 813 σκευασθῆναι
1639 747 1725 800 τὸν
1757 750 1946 816 νεκρόν.

282 833 328 883 οἱ
364 833 456 896 μὲν
497 830 557 895 δὴ
601 832 823 884 ε’κποδὼν
857 835 1021 902 μισθῷ
1065 830 1474 899 ὁμολογήσαντες
1505 831 1946 892 ἀπαλλάσσονται,
1982 852 2007 897 3

282 917 329 967 οἱ
381 918 435 968 δὲ
485 916 874 978 ὑπολειπόμενοι
920 918 976 968 ἐν
1030 915 1267 982 οἰκήμασι
1320 918 1416 968 ὧδε
1467 919 1527 968 τὰ
1581 917 1951 969 σπουδαιότατα

211 1018 260 1048 ιο
283 999 619 1068 ταριχεύουσι·
666 1005 836 1067 πρῶτα
861 1002 955 1066 μὲν
983 1004 1171 1070 σκολιῷ
1197 998 1382 1070 σιδήρῳ
1412 1002 1491 1051 διὰ
1521 1005 1620 1053 τῶν
1649 999 1949 1068 μυξωτήρων
1974 1009 2098 1053 mc

284 1082 523 1151 ἐξάγουσι
551 1083 639 1136 τὸν
670 1083 974 1152 ἐγκέφαλον,
1009 1087 1071 1136 τὰ
1110 1087 1200 1150 μὲν
1237 1083 1384 1154 αὐτοῦ
1419 1085 1544 1136 οὕτω
1576 1083 1853 1152 ἐξάγοντες,
1886 1076 2096 1146 Tasci—y«

282 1170 336 1221 δὲ
387 1167 652 1237 εγχέοντες
705 1167 958 1237 φάρμακα.
1063 1170 1188 1234 μετὰ
1238 1171 1292 1221 δε
1341 1169 1466 1239 λίθῳ
1521 1171 1790 1239 Αἰθιοπικῷ
1843 1167 1948 1233 ὀξέϊ
1982 1192 2011 1235 4

283 1253 692 1321 παρασχίσαντες
725 1254 858 1321 παρὰ
892 1252 984 1318 τὴν
1013 1251 1244 1320 λαπάρην
1274 1250 1390 1317 ἐξ
1359 1258 1428 1305 ὠν
1466 1253 1604 1305 εἶλον
1634 1253 1723 1318 τὴν
1754 1255 1946 1319 κοιλίην
1964 1256 2098 1340 ΨΦ(

0 1353 186 1400 hm
282 1339 465 1397 πᾶσαν,
503 1335 861 1405 ἐκκαθήραντες
899 1340 952 1390 δὲ
991 1336 1145 1402 αὐτὴν
1190 1338 1270 1389 καὶ
1310 1335 1637 1405 διηθ-ήσαντες
1675 1340 1791 1407 οἴνῳ
1829 1344 1941 1408 φοι-
1967 1371 2098 1422 pm

209 1437 256 1482 15
283 1422 450 1492 νικηίῳ
504 1443 639 1475 αυτις
684 1420 939 1487 διηθέουσι
984 1419 1258 1488 θυμιήμασι
1304 1420 1685 1525 τετριμμένοισι.
1775 1422 1946 1474 ἔπειτα
1981 1442 2004 1489 5

282 1505 374 1570 τὴν
420 1505 568 1571 νηδὺν
614 1506 833 1573 σμύρνης
874 1505 1121 1573 ἀκηράτου
1164 1505 1488 1573 τετριμμένης
1529 1506 1608 1558 καὶ
1650 1506 1825 1571 κασίης
1866 1508 1946 1559 καὶ

281 1595 379 1642 τῶν
404 1589 576 1643 ἄλλων
607 1589 939 1656 θυμιημάτων,
966 1589 1100 1655 πλὴν
1122 1595 1424 1656 λιβανωτοῦ,
1451 1588 1738 1655 πλήσαντες
1762 1589 1942 1657 συρρά-

282 1695 461 1727 πτουσι
507 1676 685 1727 ὀπίσω.
774 1679 925 1727 ταῦτα
967 1677 1020 1727 δὲ
1063 1673 1364 1739 ποιήσαντες
1408 1674 1727 1743 ταριχεύουσι
1773 1675 1942 1744 λίτρῳ,
1975 1681 2098 1721 κοῦ

283 1759 561 1826 κρύψαντες
604 1758 788 1826 ἡμέρας
834 1757 1194 1825 ἑβδομήκοντα·
1248 1763 1465 1813 πλεῦνας
1508 1762 1561 1811 δὲ
1600 1758 1814 1811 τουτέων
1858 1759 1944 1811 οὐκ

207 1859 258 1889 20
282 1841 453 1908 ἔξεστι
492 1845 787 1911 ταριχεύειν.
881 1844 1029 1895 ε’πεᾶν
1066 1846 1119 1895 δὲ
1160 1842 1451 1910 παρέλθωσι
1491 1845 1541 1895 αἱ
1582 1841 1941 1908 ἑβδομήκοντα,
1982 1849 2011 1893 6
2081 1876 2083 1878 -

281 1928 556 1982 λούσαντες
599 1927 685 1980 τὸν
730 1927 902 1995 νεκρὸν
952 1928 1332 1979 κατειλίσσουσι
1372 1930 1470 1979 πᾶν
1511 1927 1660 1979 αὐτοῦ
1701 1927 1757 1979 τὸ
1799 1932 1945 1992 σῶμα

0 2021 84 2078 μ’.
106 2019 255 2061 *λαικ-
283 2013 512 2075 σινδόνος
535 2013 789 2083 βυσσίνης
820 2017 1076 2078 τελαμῶσι
1103 2010 1594 2076 κατατετμημένοισι,
1621 2012 1945 2079 ὑποχρίοντες

64 2069 206 2126 eum<

143 2145 260 2183 'm

281 2101 347 2166 τῷ
381 2097 543 2162 κόμμι,
569 2101 635 2166 τῷ
668 2096 726 2160 δὴ
759 2096 866 2148 ἀντὶ
899 2098 1082 2165 κόλλης
1107 2119 1168 2148 τα
1191 2098 1362 2149 πολλὰ
1391 2094 1634 2164 χρέωνται
1664 2097 1940 2163 Αἰγύπτιοι.
1958 2099 2098 2166 «δίει-ι.

281 2181 508 2232 ἐνθεῦτεν
552 2183 604 2233 δὲ
649 2179 1045 2248 παραδεξάμειοί
1086 2202 1171 2246 μιν
1215 2182 1261 2232 οἱ
1308 2201 1646 2247 προσήκοντες
1693 2185 1943 2233 ποιεῦνται
1981 2200 2006 2244 7

207 2281 255 2322 25
281 2262 484 2329 ξύλινον
536 2266 689 2317 τύπον
741 2263 1122 2332 ἀνθρωποειδέα,
1180 2262 1514 2329 ποιησάμενοι
1565 2267 1618 2316 δὲ
1672 2266 2098 2332 ἐσεργνῦσιπίωὲ

279 2347 366 2401 τὸν
425 2349 613 2416 νεκρόν,
670 2330 756 2401 καί
807 2349 1231 2414 κατακληίσαντες
1290 2349 1415 2400 οὕτω
1476 2349 1830 2415 θησαυρίζουσι
1889 2350 1941 2401 ἐν

279 2430 507 2499 οἰκήματι
547 2435 744 2504 θηκαίῳ,
780 2432 1009 2487 ἱστάντες
1045 2433 1194 2501 ὀρθὸν
1240 2432 1363 2499 πρὸς
1405 2437 1594 2500 τοῖχον.
1684 2433 1810 2484 οὕτω
1850 2435 1941 2498 μὲν
1980 2433 2044 2495 87

278 2516 393 2571 τοὺς
439 2519 501 2569 τὰ
548 2516 960 2570 πολυτελέστατα
1008 2515 1305 2580 σκευάζουσι
1354 2517 1570 2584 νεκρούς,
1617 2516 1730 2570 τοὺς
1782 2519 1835 2568 δὲ
1882 2518 1942 2567 τὰ

338 2668 355 2695 1
389 2657 624 2707 κομισθῆναι
648 2655 686 2693 R
853 2654 1056 2696 δεικνύασι
1077 2653 1116 2692 Α
1131 2654 1165 2692 Β
1182 2654 1215 2694 C
1240 2654 1302 2706 (it.
1325 2655 1369 2703 5)
1561 2665 1586 2702 3
1618 2653 1710 2705 τοῦ]
1734 2654 1781 2694 τὸ
1805 2653 1842 2691 R
1860 2653 1942 2692 SV

278 2711 327 2751 τὸ
347 2723 428 2750 om.
455 2711 487 2749 P
504 2710 542 2748 R
559 2710 640 2750 SV
805 2723 828 2759 4
861 2709 1008 2763 πράγμ.
1035 2709 1072 2746 R
1089 2709 1126 2747 V
1291 2720 1315 2757 5
1346 2725 1391 2748 τε
1414 2721 1495 2747 om.
1523 2708 1605 2746 SV
1742 2709 1768 2745 8
1797 2710 1941 2756 μισθὸν

282 2765 492 2804 Richards
625 2778 672 2804 10
701 2765 935 2817 μυξητήρων
959 2764 995 2803 R
1016 2778 1025 2802 τ
1053 2763 1264 2816 μυκτήρων
1286 2764 1345 2802 S:
1374 2763 1562 2815 μητήρων
1582 2763 1620 2801 V
1755 2775 1801 2811 15
1833 2762 1940 2803 αὖθις

278 2818 317 2857 Α
332 2819 365 2858 Β
383 2819 473 2858 RV
660 2821 710 2858 16
738 2819 892 2872 σμύρνη
916 2819 953 2856 R
1084 2818 1256 2871 ἀκράτου
1279 2817 1317 2855 R
1333 2818 1363 2857 S
1379 2818 1415 2855 V
1604 2830 1649 2865 17
1681 2822 1843 2867 θυμιωμ.
1872 2818 1940 2855 R:

279 2879 396 2925 θυωμ.
423 2874 550 2913 PSV
746 2875 794 2912 18
825 2874 942 2927 νίτρω
967 2873 1004 2911 R
1020 2874 1103 2912 SV
1294 2884 1346 2910 22
1376 2872 1570 2920 συσσινης
1593 2873 1651 2911 S.
1681 2887 1823 2913 συνσσ.
1851 2872 1941 2910 RV

278 2941 331 2979 23
361 2928 452 2979 κόμι
481 2929 542 2968 C:
582 2927 744 2980 κόμμιδι
775 2929 908 2968 Bekk.
935 2927 1099 2967 Anecd.
1129 2938 1204 2977 105
1426 2940 1477 2977 25
1510 2926 1771 2979 ἐσεργνύουσι
1804 2926 1940 2966 RSV

278 2986 332 3022 26
362 2987 406 3025 ἐν
422 3015 430 3023 .
452 3014 460 3023 .
478 3014 487 3024 .
507 2985 561 3023 28
581 2984 741 3037 νεκρούς
761 2997 844 3023 om.
870 2983 907 3022 R
926 2983 956 3022 S
970 2983 1006 3021 V
1172 2984 1224 3020 28
1254 2982 1325 3021 alt.
1350 2983 1402 3022 τὰ
1424 2995 1505 3021 om.
1529 2983 1563 3020 C
