2098 3320
99 99 185 148 IV.
214 113 278 159 23

0 491 94 542 ιοὶι,
110 493 242 533 ele-›t-
257 519 265 527 ·

254 588 275 635 5

937 102 1366 151 ΗΡΟΔΟΤΟὙ

314 314 410 382 γάρ
441 322 539 382 σφι
568 316 625 367 οὗ
649 315 821 370 πολλά
842 319 968 369 ἐστι·
1007 317 1063 369 οὗ
1085 316 1180 386 γάρ
1203 340 1251 370 τι
1276 322 1542 371 σπουδαῖαι
1565 321 1616 371 αἱ
1639 319 1786 385 νομαὶ
1808 315 1976 372 αὐτόθι

314 399 431 451 εἰσί.
504 399 599 452 ὑπὸ
630 400 838 471 δενδρέῳ
871 404 923 454 δὲ
956 403 1168 456 ἕκαστος
1200 404 1497 467 κατοίκηται,
1522 402 1609 455 τὸν
1637 405 1728 469 μὲν
1757 408 1980 472 χειμῶνα

313 484 466 535 ἐπεὰν
506 483 564 535 τὸ
601 483 830 552 δένδρεον
869 487 1191 559 περικαλύψῃ
1228 488 1358 556 πίλῳ
1397 491 1590 556 στεγνῷ
1626 492 1800 557 λευκῷ,
1833 486 1891 539 τὸ
1924 488 1977 539 δὲ

313 566 455 634 θέρος
486 567 603 620 ἄνευ
638 570 804 621 πίλου.
895 571 1098 624 τούτους
1139 572 1300 625 οὐδεὶς
1341 570 1523 623 ἀδικέει
1563 571 1837 642 ἀνθρώπων
1864 571 1978 638 (ἱροὶ

310 654 406 719 γὰρ
439 651 676 719 λέγονται
716 651 876 720 εἶναι),
916 653 1029 707 οὐδέ
1070 675 1118 706 τι
1158 653 1329 722 ἀρήιον
1369 657 1530 707 ὅπλον
1569 655 1810 708 ἐκτέαται.
1899 654 1979 707 καὶ

311 740 454 788 τοῦτο
497 739 589 802 μὲν
632 742 766 790 τοῖσι
810 738 1146 806 περιοικέουσι
1192 739 1330 790 οὗτοί
1369 741 1470 791 εἰσι
1513 741 1560 791 οἱ
1604 742 1693 794 τὰς
1735 741 1979 807 διαφορὰς

311 820 626 887 διαιρέοντες,
660 826 805 874 τοῦτο
844 822 914 883 δέ,
950 822 1005 877 ὃς
1042 823 1102 875 ἂν
1135 824 1339 891 φεύγων
1376 824 1638 895 καταφύγῃ
1675 825 1725 877 ἐς
1759 823 1976 883 τούτους,

256 911 260 914 ’
311 904 393 956 ὑπ’
437 905 636 960 οὐδενὸς
681 905 944 959 ἀδικέεται·
1010 907 1195 973 οὔνομα
1241 906 1294 959 δέ
1342 909 1445 974 σφί
1489 909 1598 959 ἐστι
1641 907 1977 974 Ἀργιππαῖοι.

206 1003 272 1052 24
308 987 457 1056 μέχρι
486 988 579 1054 μέν
599 1011 687 1042 νυν
718 995 815 1043 τῶν
847 996 1124 1059 φαλακρῶν
1155 992 1343 1043 τούτων
1367 991 1534 1056 πολλὴ
1566 990 1979 1059 περιφάνειατῆς
2005 1008 2056 1038 10

210 1506 275 1557 25

245 2021 269 2051 k.)

309 1074 474 1141 χώρης
520 1074 631 1126 ἐστὶ
678 1076 755 1127 καὶ
796 1080 896 1127 τῶν
936 1075 1193 1142 ἔμπροσθε
1234 1074 1434 1127 ἐθνέων·
1495 1075 1574 1127 καὶ
1613 1077 1709 1142 γὰρ
1749 1073 1977 1128 Σκυθέων

309 1160 439 1210 τινὲς
463 1157 782 1212 ἀπικνέονται
813 1160 864 1214 ἐς
896 1159 1088 1218 αὐτούς,
1118 1164 1217 1211 τῶν
1241 1159 1297 1210 οὐ
1327 1160 1554 1228 χαλεπόν
1583 1161 1692 1211 ἐστι
1715 1158 1974 1220 πυθέσθαι,

314 1242 394 1293 καὶ
436 1241 701 1308 Ἑλλήνων
744 1248 844 1296 τῶν
890 1246 944 1296 ἐκ
996 1243 1334 1312 Βορυσθένεός
1379 1264 1433 1295 τε
1483 1244 1715 1310 ἐμπορίου
1758 1243 1838 1295 καὶ
1879 1248 1978 1296 τῶν

309 1325 481 1379 ἄλλων
514 1331 775 1381 Ποντικῶν
809 1329 1075 1396 ἐμπορίων.
1167 1326 1394 1381 Σκυθέων
1431 1331 1485 1380 δὲ
1526 1328 1573 1380 οἳ
1607 1326 1667 1379 ἂν
1709 1328 1897 1380 ἔλθωσι
1927 1328 1978 1381 ἐς

310 1410 503 1471 αὐτούς,
529 1411 592 1464 δι’
616 1415 740 1465 ἑπτὰ
771 1411 1022 1480 ἑρμηνέων
1058 1413 1138 1465 καὶ
1174 1412 1235 1480 δι’
1266 1414 1391 1464 ἑπτὰ
1423 1411 1703 1479 γλωσσέων
1732 1410 1974 1478 διαπρήσ-

311 1516 502 1547 σονται.
589 1495 739 1564 μέχρι
798 1499 890 1562 μὲν
949 1496 1006 1561 δὴ
1062 1497 1250 1549 τούτων
1300 1497 1614 1564 γινώσκεται,
1666 1500 1722 1548 τὸ
1774 1498 1827 1547 δὲ
1879 1501 1977 1548 τῶν

311 1585 584 1646 φαλακρῶν
630 1581 900 1647 κατύπερθε
946 1581 1104 1635 οὐδεὶς
1154 1580 1394 1648 ἀτρεκέως
1442 1581 1543 1632 οἶδε
1591 1575 1799 1647 φράσαι·
1860 1582 1978 1647 ὄρεα

310 1666 404 1731 γὰρ
435 1666 613 1731 ὑψηλὰ
643 1665 919 1731 ἀποτάμνει
961 1665 1129 1731 ἄβατα
1173 1666 1252 1717 καὶ
1292 1666 1450 1718 οὐδείς
1490 1672 1629 1733 σφεα
1665 1665 1974 1731 ὑπερβαίνει·

310 1751 356 1800 οἱ
388 1751 441 1800 δὲ
472 1751 724 1817 φαλακροὶ
755 1750 890 1802 οὗτοι
922 1749 1150 1818 λέγουσι,
1188 1750 1296 1815 ἐμοὶ
1326 1752 1419 1815 μὲν
1449 1749 1506 1800 οὐ
1535 1751 1692 1800 πιστὰ
1720 1747 1974 1815 λέγοντες,

310 1831 490 1885 οἰκέειν
535 1835 595 1884 τὰ
640 1836 757 1901 ὄρεα
800 1837 1063 1902 αἰγίποδας
1115 1834 1310 1901 ἄνδρας,
1358 1832 1631 1899 ὑπερβάντι
1676 1835 1728 1884 δὲ
1776 1832 1977 1886 τούτους

310 1917 598 1984 ἀνθρώπους
637 1918 824 1972 ἄλλους
865 1919 911 1971 οἳ
952 1918 1043 1983 τὴν
1087 1917 1332 1983 ἑξάμηνον
1375 1918 1682 1969 κατεύδουσι·
1740 1921 1883 1969 τοῦτο
1923 1918 1976 1969 δὲ

312 2000 398 2052 οὐκ
431 2000 689 2068 ἐνδέκομαι
720 2002 895 2071 ἀρχήν.
973 2004 1109 2054 ἀλλὰ
1133 2002 1190 2054 τὸ
1221 2005 1311 2068 μὲν
1335 2002 1456 2069 πρὸς
1485 2001 1554 2065 ἠῶ
1585 2006 1682 2053 τῶν
1706 2005 1976 2068 φαλακρῶν

311 2086 610 2151 γινώσκεται
648 2087 889 2154 ἀτρεκέως
926 2086 1021 2139 ὑπὸ
1058 2086 1365 2151 Ἰσσηδόνων
1406 2085 1678 2151 οἰκεομένη,
1712 2090 1768 2137 τὸ
1807 2084 1977 2150 μέντοι

311 2170 583 2237 κατύπερθε
630 2171 753 2237 πρὸς
802 2170 990 2238 βορέην
1037 2170 1218 2236 ἄνεμον
1270 2170 1325 2221 οὐ
1374 2170 1671 2236 γινώσκεται
1717 2170 1827 2221 οὔτε
1877 2173 1976 2220 τῶν

311 2260 584 2320 φαλακρῶν
609 2256 720 2307 οὔτε
745 2261 841 2306 τῶν
865 2255 1188 2319 Ἰσσηδόνων,
1218 2257 1260 2306 εἰ
1290 2254 1356 2320 μὴ
1381 2255 1478 2305 ὅσα
1502 2253 1662 2305 αὐτῶν
1685 2253 1870 2304 τούτων
1891 2259 1975 2306 λε-

372 2403 388 2429 1
441 2393 674 2433 συντιθέασι
713 2390 752 2430 Α
776 2391 809 2430 Β
835 2391 868 2430 C
893 2392 925 2430 P
1090 2405 1114 2429 2
1166 2392 1223 2443 τι]
1267 2401 1340 2443 σφι
1383 2392 1413 2430 Ρ
1438 2391 1476 2429 R
1500 2391 1529 2429 S
1552 2390 1590 2429 V
1700 2393 1898 2431 σπουδαῖα
1935 2389 1974 2428 R

311 2447 353 2486 αἱ
375 2460 456 2485 om.
483 2446 570 2484 AB
587 2447 620 2484 C
815 2459 839 2494 4
871 2451 1003 2487 στενῶ
1029 2447 1066 2485 R
1267 2449 1294 2484 6
1324 2445 1439 2487 οὐδέν
1463 2446 1499 2484 R
1650 2445 1816 2487 ἔκτατοιι
1839 2445 1878 2482 R
1894 2444 1975 2484 SV

311 2501 339 2538 8
376 2500 538 2553 φεύγων
570 2499 662 2540 RS
684 2501 722 2539 V
745 2501 823 2540 Pe:
862 2501 1131 2551 καταφεύγων
1161 2500 1195 2538 Λ
1218 2501 1252 2539 Β
1276 2501 1309 2539 C
1330 2500 1376 2538 Ρι
1579 2513 1606 2550 9
1646 2498 1904 2552 Ὀργεμπαῖοι
1935 2499 1974 2537 R

312 2555 473 2596 Zenob.
514 2569 553 2594 v.
594 2567 645 2605 25
663 2570 670 2594 :
724 2555 934 2607 Ὀργιεμπ.
980 2556 1010 2594 S
1036 2555 1071 2594 V
1091 2571 1099 2594 :
1143 2555 1400 2606 Aremphaei
1435 2554 1545 2593 Mela
1562 2569 1570 2593 :
1618 2555 1810 2608 Ἀργεμπ.
1854 2553 1973 2594 Stein

316 2623 361 2649 11
395 2610 620 2664 ἔμπροσθεν
640 2611 673 2649 C
691 2609 723 2648 P
740 2610 779 2648 R
794 2610 824 2649 S
838 2610 876 2648 V
1064 2611 1114 2648 16
1143 2610 1321 2650 τουτέων
1343 2610 1381 2647 R
1398 2610 1427 2648 S
1443 2609 1481 2647 V
1650 2622 1696 2660 17
1728 2608 1975 2663 κατύπερθεν

312 2665 347 2706 C.
363 2664 400 2703 R
414 2665 452 2703 V
591 2666 718 2706 οὐδεὶς
739 2671 839 2704 ante
860 2681 949 2706 κατ.
976 2663 1014 2703 Α
1027 2665 1062 2703 Β
1079 2665 1113 2702 C
1244 2663 1408 2717 ἀτρεκὲς
1430 2664 1466 2701 R
1484 2664 1514 2702 S
1529 2664 1566 2702 V
1753 2665 1801 2703 18
1829 2680 1877 2704 τε
1895 2665 1974 2715 γὰρ

314 2718 353 2757 R
370 2719 400 2759 S
414 2720 452 2757 V
564 2719 693 2772 σφεας
712 2718 751 2757 Α
768 2719 801 2758 Β
818 2720 851 2758 C
1039 2732 1087 2770 19
1115 2718 1190 2769 μὲν
1210 2720 1362 2760 ἄπιστα
1385 2718 1423 2756 R
1438 2718 1476 2757 V
1659 2732 1712 2757 20
1742 2716 1971 2769 αἰγίποδας]

313 2774 540 2822 ἱπποβάτας
561 2774 601 2813 Α
616 2775 650 2813 Β
664 2775 714 2813 (ΣΔ
838 2773 1068 2827 ὑπερβάντα
1090 2774 1125 2811 R
1143 2773 1179 2810 V
1195 2788 1204 2811 :
1234 2790 1298 2814 -as
1320 2773 1351 2811 S
1489 2771 1655 2814 τούτους
1675 2773 1769 2814 τοὺς
1791 2772 1824 2811 Ρ
1838 2772 1876 2811 R
1892 2771 1922 2811 S
1936 2771 1974 2809 V

313 2841 361 2867 21
407 2829 639 2870 καθεύδουσι
682 2829 714 2867 L
908 2841 961 2867 22
1005 2830 1082 2877 τὴν
1121 2829 1252 2881 ἀρχήν
1291 2827 1332 2866 Α
1356 2826 1390 2866 Β
1412 2827 1446 2866 C
1470 2827 1502 2866 P
1622 2828 1700 2876 τὴν
1733 2829 1790 2875 ἠῶ
1823 2825 1862 2865 R
1884 2826 1915 2865 S
1935 2825 1974 2863 V

313 2896 364 2931 23
395 2884 591 2934 ἀτρεκέως
612 2897 691 2923 om.
717 2883 755 2921 A
772 2883 805 2921 Β
820 2884 852 2922 C
983 2882 1211 2928 οἰκεόμενον
1232 2882 1270 2921 Α
1285 2882 1319 2921 Β
1336 2882 1369 2920 C
1387 2882 1420 2921 P
1607 2894 1659 2931 24
1690 2883 1816 2935 βορῆν
1838 2880 1876 2919 R
1892 2881 1922 2920 S
1935 2880 1974 2920 V

315 2950 364 2986 25
396 2943 474 2979 τῶν
495 2953 575 2978 om.
604 2940 639 2977 R
658 2941 687 2978 S
701 2938 738 2976 V
849 2938 1025 2978 τουτέων
1047 2938 1086 2976 R
1102 2940 1131 2977 5
1147 2937 1183 2976 V

246 253 272 295 4
314 229 491 298 τρυγὸς
516 229 743 303 παλ-άθας
777 236 1056 286 συντιθεῖσι
1089 234 1168 285 καὶ
1198 233 1377 289 ταύτας
1398 231 1675 287 σιτέονται.
1747 236 1980 302 πρόβατα
2003 242 2098 289 cub

2003 585 2026 632 5

2004 1427 2051 1469 ¹5

2002 1851 2053 1881 20
