2098 3320
98 106 192 157 111.
220 119 312 170 134
978 106 1403 157 HPOAOTOT

351 236 405 289 δέ
432 258 517 302 μοι
547 237 628 289 ἐπὶ
651 235 743 302 τὴν
773 235 1000 289 Ἑλλάδα
1030 238 1405 304 στρατεύεσθαι.
1482 238 1727 310 ἐπιθυμέω
1758 242 1853 309 γὰρ
1875 243 2014 312 λόγῳ

352 320 694 386 πυνθανομένη
748 323 999 375 Λακαίνας
1049 321 1104 373 τέ
1159 343 1245 387 μοι
1295 322 1532 389 γενέσθαι
1583 326 1883 391 θεραπαίνας
1934 325 2015 379 καὶ

352 405 581 473 Ἀργείας
607 405 685 456 καὶ
713 404 941 459 Ἀττικὰς
965 406 1043 457 καὶ
1068 407 1346 472 Κορινθίας.
1421 406 1554 475 ἔχεις
1583 410 1636 460 δὲ
1659 407 1812 475 ἄνδρα
1843 410 2013 475 ἐπιτη-

352 490 584 541 δεότατον
614 488 1035 556 ἀνδρῶνψπάντων
1066 489 1200 554 δέξαι
1230 511 1284 542 τε
1315 491 1503 542 ἕκαστα
1537 494 1624 555 τῆς
1653 491 1902 547 Ἑλλάδος
1934 492 2014 544 καὶ

289 581 316 622 6
354 572 749 640 κατηγήσασθαι,
775 578 948 625 τοῦτον
972 575 1025 626 ὅς
1051 595 1140 625 σευ
1163 573 1249 626 τὸν
1274 575 1401 627 πόδα
1426 573 1675 640 ἐξιήσατο.
1751 577 2013 642 ἀμείβεται
2035 601 2058 641 5

355 662 581 724 Δαρεῖος·
637 656 710 708 9Ω
755 658 913 724 γύναι,
963 658 1070 709 ἐπεὶ
1109 660 1273 710 τοίνυν
1316 680 1392 709 τοι
1436 658 1596 711 δοκέει
1636 663 1725 724 τῆς
1764 658 2014 715 Ἑλλάδος

349 740 502 807 ἡμέας
521 746 691 808 πρῶτα
713 742 1097 808 ἀποπειρᾶσθαι,
1123 743 1463 795 κατασκόπους
1484 762 1569 807 μοι
1592 742 1750 795 δοκέει
1770 743 2014 811 Περσέων

350 830 545 892 πρῶτον
575 824 775 890 ἄμεινον
806 826 933 878 εἶναι
970 827 1092 891 ὁμοῦ
1131 826 1287 895 τούτῳ
1323 830 1389 895 τῷ
1427 826 1489 877 σὺ
1524 826 1691 894 λέγεις
1727 827 1940 895 πέμψαι·
1961 829 2014 882 ἐς

351 902 542 968 αὐτούς,
570 910 616 962 οἳ
645 910 887 975 μαθόντες
919 911 998 961 καὶ
1030 911 1217 963 ἰδόντες
1249 909 1607 977 ἐξαγγελέουσι
1635 911 1824 963 ἕκαστα
1853 913 2014 966 αὐτῶν

349 994 482 1059 ἡμῖν·
517 995 594 1046 καὶ
619 994 790 1046 ἔπειτα
815 991 1203 1060 ἐξεπιστάμενος
1228 994 1302 1046 ἐπ’
1323 994 1498 1049 αὐτοὺς
1520 994 1784 1062 τρέψομαι.
1859 1000 2013 1050 ταῦτα
2037 1015 2088 1048 10

227 1090 314 1140 135
350 1079 456 1131 εἶπε
483 1079 561 1130 καὶ
586 1077 687 1143 ἅμα
716 1079 834 1132 ἔπος
863 1100 918 1130 τε
949 1079 1028 1130 καὶ
1052 1079 1200 1145 ἔργον
1231 1079 1408 1148 ἐποίεε.
1484 1081 1648 1132 ἐπείτε
1676 1082 1771 1147 γὰρ
1795 1079 2013 1148 τάχιστα

349 1162 503 1230 ἡμέρη
537 1162 818 1230 ἐπέλαμψε,
854 1162 1075 1216 καλέσας
1098 1162 1341 1230 Περσέων
1369 1162 1550 1230 ἄνδρας
1578 1166 1807 1230 δοκίμους
1836 1186 2009 1218 πεντε-

350 1247 550 1299 καίδεκα
583 1246 875 1299 ἐνετέλλετό
905 1253 1002 1314 σφι
1032 1246 1298 1312 ἑπομένους
1332 1247 1615 1313 Δημοκήδεϊ
1649 1247 1922 1313 διεξελθεῖν
1950 1251 2011 1301 τᾶ

348 1331 741 1398 παραθαλάσσια
762 1335 850 1396 τῆς
878 1330 1144 1391 Ἑλλάδος,
1171 1333 1296 1385 ὅκως
1317 1353 1373 1384 τε
1402 1331 1467 1397 μὴ
1499 1331 1820 1400 διαδρήσεταί
1847 1339 2013 1401 σφεας

349 1417 375 1465 ὁ
406 1414 716 1481 Δημοκήδης,
751 1415 883 1467 ἀλλά
912 1437 996 1482 μιν
1027 1410 1223 1469 πάντως
1253 1417 1413 1468 ὀπίσω
1446 1414 1712 1479 ἀπάξουσι.
1786 1415 2008 1470 ἐντειλά-
2037 1435 2083 1478 15

283 1433 306 1464 10

346 1521 495 1565 μενος
524 1503 578 1552 δὲ
607 1500 829 1552 τούτοισι
858 1505 1025 1558 ταῦτα,
1060 1500 1261 1566 δεύτερα
1293 1500 1511 1554 καλέσας
1542 1501 1689 1553 αὐτὸν
1715 1500 2010 1567 Δημοκήδεα

349 1583 510 1636 ἐδέετο
551 1585 699 1637 αὐτοῦ
739 1586 864 1639 ὅκως
909 1583 1283 1651 ἐξηγησάμενος
1323 1588 1493 1637 πᾶσαν
1535 1586 1613 1637 καὶ
1653 1583 1881 1649 ἐπιδέξας
1918 1586 2010 1651 τὴν

345 1667 572 1720 Ἑλλάδα
602 1674 737 1721 τοῖσι
768 1668 1004 1740 Πέρσῃσι
1036 1669 1199 1720 ὀπίσω
1230 1667 1352 1733 ἥξει·
1401 1674 1529 1736 δῶρα
1560 1669 1614 1721 δέ
1648 1692 1732 1735 μιν
1763 1676 1830 1741 τῷ
1861 1671 2009 1738 πατρὶ

347 1753 426 1804 καὶ
456 1758 588 1805 τοῖσι
620 1755 917 1821 ἀδελφεοῖσι
948 1752 1149 1805 ἐκέλευε
1179 1752 1340 1805 πάντα
1375 1755 1437 1805 τὰ
1473 1755 1661 1805 ἐκείνου
1698 1754 1886 1807 ἔπιπλα
1913 1761 2006 1806 λα-

345 1837 508 1901 βόντα
538 1836 692 1905 ἄγειν,
727 1839 828 1904 φὰς
864 1836 999 1888 ἄλλα
1038 1839 1084 1888 οἱ
1129 1835 1492 1901 πολλαπλήσια
1531 1838 1841 1890 ἀντιδώσειν·
1886 1842 2008 1905 πρὸς
2033 1857 2083 1886 20

346 1924 399 1972 δὲ
423 1923 474 1975 ἐς
496 1922 558 1972 τὰ
588 1925 718 1988 δῶρα
749 1920 936 1973 ὁλκάδα
967 1924 1012 1973 οἱ
1045 1921 1142 1988 ἔφη
1176 1921 1560 1986 συμβαλέεσθαι
1584 1920 1784 1986 πλήσας
1807 1923 2008 1989 ἀγαθῶν

282 2028 308 2071 3
345 2007 607 2065 παντοίων,
633 2005 723 2069 τὴν
754 2005 855 2070 ἅμα
878 2008 924 2057 οἱ
947 2005 1275 2057 πλεύσεσθαι.
1354 2010 1567 2072 Δαρεῖος
1595 2008 1686 2071 μὲν
1717 2004 1791 2070 δή,
1818 2005 2007 2058 δοκέειν

10 2141 24 2151 ,
344 2090 467 2153 ἐμοί,
501 2089 586 2141 ἀπ’
616 2089 814 2143 οὐδενὸς
852 2093 1059 2157 δολεροῦ
1095 2088 1212 2140 νόου
1243 2088 1590 2156 ἐπαγγέλλετό
1620 2092 1665 2141 οἱ
1695 2092 1864 2149 ταῦτα,
1899 2094 2003 2155 Δη-

0 2149 299 2262 ἢὲζςέζῒῖὖ
341 2172 557 2238 μοκήδης
588 2176 640 2226 δὲ
664 2175 834 2227 δείσας
863 2172 931 2239 μή
964 2175 1016 2224 εὑ
1049 2175 1317 2242 ἐκπειρῷτο
1344 2177 1571 2240 Δαρεῖος,
1598 2173 2006 2241 οὔτι-ἐπιδραμὼν

343 2255 505 2308 πάντα
527 2259 588 2308 τᾶ
619 2259 850 2323 διδόμενα
876 2256 1086 2316 ἐδέκετο,
1116 2258 1249 2307 ἀλλὰ
1272 2259 1334 2307 τὰ
1363 2259 1455 2321 μὲν
1480 2260 1662 2309 ἑωυτοῦ
1685 2260 1808 2309 κατὰ
1838 2257 2007 2324 χώρην
2030 2274 2079 2314 25

344 2340 441 2408 ἔφη
468 2343 810 2408 καταλείψειν,
837 2343 918 2393 ἵνα
949 2342 1111 2394 ὀπίσω
1134 2339 1272 2407 σφέα
1303 2342 1536 2393 ἀπελθὼν,
1567 2340 1692 2410 ἔχοι,
1717 2341 1808 2406 τὴν
1835 2340 2006 2407 μέντοι

397 2493 423 2529 3
452 2480 640 2522 Ἀττικάς
660 2498 708 2521 τε
730 2480 769 2518 R
785 2480 866 2519 SV
977 2481 1119 2533 ἄνδρας
1142 2479 1182 2517 R
1313 2493 1338 2529 4
1369 2484 1490 2533 δεῖξαι
1511 2481 1548 2519 Α
1564 2481 1599 2519 Β
1617 2480 1655 2518 R
1673 2480 1754 2519 SV
1862 2498 1901 2520 τι
1923 2479 2007 2519 SV

343 2547 368 2584 5
407 2535 716 2588 καταγήσασθαι
756 2535 847 2573 RV
1013 2535 1206 2585 ἀμείβετο
1243 2533 1283 2572 R
1490 2536 1530 2578 ,8
1569 2538 1727 2588 πρῶτον
1758 2533 1833 2585 μὲν
1868 2534 2006 2574 RSV

342 2604 370 2640 9
400 2593 538 2643 ἐξαγγ.
562 2592 694 2631 αὐτῶν
715 2589 869 2630 ἕκαστα
891 2589 952 2628 C:
983 2588 1038 2629 ἔκ.
1067 2592 1206 2642 ἐξαγγ.
1230 2591 1361 2630 αὐτῶν
1382 2590 1421 2628 R
1436 2590 1541 2629 SV:
1575 2590 1630 2630 ἔκ.
1655 2591 1786 2630 αὐτῶν
1807 2592 1948 2641 ἐξαγγ.
1971 2589 2006 2628 Ρ

347 2657 390 2682 11
437 2645 530 2686 ἔπος
563 2661 611 2685 τε
646 2644 785 2684 RSV
816 2644 1010 2683 Eustath.
1047 2643 1093 2684 11.
1137 2646 1270 2684 1182:
1314 2645 1352 2684 τ’
1384 2648 1476 2686 ἔπος
1510 2643 1547 2685 τ’
1580 2645 1659 2692 ἔφα
1688 2643 1806 2682 ΑΒ;
1841 2644 1879 2684 τ’
1911 2643 2005 2685 ἔπος

342 2699 382 2738 τ’
415 2700 502 2740 εῖπε
537 2699 595 2738 C:
642 2699 736 2740 ἔπος
770 2700 808 2740 τ’
840 2700 925 2740 εἶπε
963 2699 996 2738 Ρ
1182 2711 1229 2749 15
1271 2698 1448 2750 ἆπάξωσι
1482 2699 1620 2737 ABC
1789 2699 1839 2738 16
1881 2699 2004 2740 αὐτὸν

343 2752 521 2794 καλέσας
543 2753 582 2791 R
598 2753 628 2792 S
643 2753 682 2792 V
824 2767 870 2802 17
903 2754 1096 2805 ἐπιδείξας
1117 2754 1157 2793 Α
1175 2755 1209 2792 Β
1227 2754 1266 2792 R
1280 2753 1318 2790 V
1331 2754 1404 2803 (S)
1562 2755 1610 2791 18
1640 2752 1770 2805 τοῖσι]
1792 2754 1890 2801 τῆσι
1911 2749 1952 2790 R
1965 2752 2004 2790 V

343 2821 398 2846 20
426 2807 722 2849 πολλαπλάσια
740 2807 780 2846 Α
796 2808 831 2846 Β
849 2809 887 2847 R
1075 2822 1122 2846 21
1158 2809 1437 2859 συμβαλέσθαι
1458 2808 1496 2847 Α
1512 2807 1546 2846 Β
1563 2808 1596 2846 C
1762 2819 1813 2846 22
1842 2806 2003 2848 πάντων

343 2861 382 2899 Α
399 2862 433 2900 Β
448 2862 481 2900 C
646 2862 896 2903 πλεύσασθαι
927 2862 961 2901 C
995 2863 1123 2911 (corr.
1160 2865 1201 2914 1)
1234 2863 1273 2901 R
1289 2860 1318 2900 S
1333 2862 1369 2901 V
1586 2874 1639 2912 23
1678 2862 1829 2914 ἇπαγγ.
1865 2860 1905 2899 R
1921 2860 2003 2902 SV
2048 2913 2060 2920 ἦ

341 2918 395 2955 26
424 2917 685 2959 καταλείπειν
708 2917 745 2956 R
764 2918 793 2956 S
807 2917 845 2956 V
944 2917 1020 2973 ἔχῃ
1041 2917 1082 2955 Α
1095 2917 1130 2955 Β
1144 2917 1177 2957 C
