2098 3320
803 111 1181 160 ΙΣΤΟΡΙΩΝ
1256 112 1296 159 Β
1921 114 2070 163 11.28

216 242 296 293 καὶ
327 240 492 294 νότου.
566 240 630 295 ὡς
662 242 712 292 δὲ
743 238 976 306 ἅβυσσοί
1003 242 1102 292 εἰσι
1133 242 1183 292 αἱ
1209 240 1380 307 πηγαί,
1417 241 1467 294 ἐς
1498 238 1755 305 διάπειραν
1780 240 1879 308 ἔφη
1916 263 1944 306 4

214 325 389 378 τούτου
411 322 738 393 Ψαμμήτιχον
763 324 1015 391 Αἰγύπτου
1037 323 1264 390 βασιλέα
1294 323 1580 376 ἀπικέσθαι.
1648 323 1881 377 πολλέων

215 411 311 477 γὰρ
352 408 501 461 αὐτὸν
540 407 785 477 χιλιάδων
825 407 1063 476 ὀργυιέων
1107 406 1424 474 πλεξάμενον
1471 407 1625 460 κάλον
1662 413 1881 461 κατεῖναι

215 493 368 565 ταύτῃ
401 493 480 545 καὶ
509 494 595 546 οὐκ
627 482 880 558 ἐξικέσθαι
913 494 963 547 ἐς
991 493 1212 559 βυσσόν.
1287 492 1431 546 οὗτος
1461 494 1553 558 μέν
1584 491 1643 556 δὴ
1669 493 1694 543 ὁ
1720 514 1876 559 γραμ-
1922 514 1942 559 5

169 599 191 639 5
215 576 474 644 ματιστής,
515 579 558 630 εἰ
595 577 689 645 ἄρα
727 582 881 630 ταῦτα
915 578 1154 647 γινόμενα
1194 576 1356 644 ἔλεγε,
1390 575 1657 644 ἀπέφαινε,
1693 576 1758 630 ὡς
1795 579 1880 642 ἐμὲ
1904 588 2074 632 m

218 661 517 722 κατανοέειν,
540 653 676 716 δίνας
701 664 838 716 τινὰς
860 662 1010 733 ταύτῃ
1033 661 1212 716 ἐούσας
1236 662 1448 731 ἰσχυρᾶς
1469 661 1547 713 καὶ
1567 662 1878 728 παλιρροίην,

217 748 298 800 οἷα
336 749 391 799 δὲ
432 745 782 813 ἐμβάλλοντος
818 751 906 798 τοῦ
945 749 1121 801 ὕδατος
1163 751 1297 798 τοῖσι
1341 748 1482 813 ὄρεσι
1524 745 1591 812 μὴ
1637 746 1880 798 δύνασθαι

219 829 512 896 κατιεμένην
558 831 999 898 καταπειρητηρίην
1046 832 1098 884 ἐς
1141 830 1345 896 βυσσὸν
1391 829 1534 882 ἰέναι.
1621 829 1782 882 ἄλλου
1826 833 1878 882 δὲ
1917 841 1987 890 9-9

218 915 417 970 οὐδενὸς
454 915 596 968 οὐδὲν
633 913 878 980 ἐδυνάμην
916 913 1177 974 πυθέσθαι,
1211 916 1347 967 ἀλλὰ
1380 915 1593 966 τοσόνδε
1628 917 1720 980 μὲν
1751 914 1880 966 ἄλλο

146 1021 194 1049 10
219 1001 302 1052 ἐπὶ
341 1000 650 1066 μακρότατον
687 1000 956 1064 ἐπυθόμην,
988 998 1137 1068 μέχρι
1172 1002 1264 1065 μὲν
1295 999 1664 1067 Ἐλεφαντίνης
1704 999 1880 1052 πόλιος

217 1083 465 1149 αὐτόπτης
495 1084 673 1143 ἐλθών,
699 1083 755 1135 τὸ
779 1083 821 1134 δ’
846 1083 944 1135 ἀπὸ
975 1084 1147 1135 τούτου
1177 1084 1300 1156 ἀκοῇ
1330 1083 1421 1148 ἤδη
1457 1082 1713 1149 ἱστορέων.
1783 1083 1880 1135 ἀπὸ
1920 1106 1945 1137 2

140 1215 157 1228 ,
218 1167 586 1235 Ἐλεφαντίνης
616 1169 793 1222 πόλιος
822 1166 924 1220 ἄνω
956 1168 1080 1220 ἰόντι
1110 1167 1318 1239 ἄναντές
1343 1169 1453 1219 ἐστι
1483 1168 1683 1236 χωρίον·
1729 1168 1879 1239 ταύτῃ
1909 1181 2098 1246 “ww

0 1243 284 1316 Μῶν
315 1257 392 1304 δεῖ
419 1251 476 1304 τὸ
506 1256 686 1304 πλοῖον
717 1250 1438 1322 διαδήσαντας-ἀμφοτέρωθεν
1470 1250 1593 1302 κατά
1631 1273 1722 1318 περ
1753 1256 1882 1317 βοῦν

0 1327 86 1368 *⁸⁴*
216 1336 532 1403 πορεύεσθαι·
578 1332 639 1400 ἢν
670 1339 723 1389 δὲ
762 1337 1038 1409 ἀπορραγῇ,
1070 1336 1127 1388 τὸ
1162 1340 1342 1388 πλοῖον
1379 1337 1574 1403 οἴχεται
1604 1336 1882 1402 φερόμενον

146 1441 192 1484 15
217 1419 311 1472 ὑπὸ
341 1420 518 1490 ἰσχύος
548 1424 636 1471 τοῦ
663 1419 797 1487 ῥόου.
886 1419 942 1472 τὸ
973 1423 1027 1472 δὲ
1056 1421 1244 1488 χωρίον
1273 1421 1421 1472 τοῦτό
1451 1422 1562 1472 ἐστι
1591 1419 1668 1471 ἐπ’
1698 1419 1883 1487 ἡμέρας
1917 1443 1941 1486 3

216 1503 462 1572 τέσσερας
502 1506 673 1564 πλόος,
709 1504 914 1558 σκολιὸς
955 1507 1008 1556 δὲ
1043 1505 1195 1576 ταύτῃ
1238 1503 1361 1556 κατά
1402 1526 1492 1571 περ
1520 1505 1557 1554 Υὁ
1595 1505 1883 1571 Μαίανδρός

217 1591 328 1642 ἐστι
360 1590 386 1640 ὁ
418 1593 621 1643 Νεῖλος·
669 1593 876 1658 σχοῖνοι
893 1592 946 1641 δὲ
969 1587 1186 1641 δυώδεκά
1210 1590 1310 1641 εἰσι
1334 1589 1469 1640 οὗτοι
1491 1587 1605 1641 τοὺς
1627 1592 1705 1640 δεῖ
1725 1589 1881 1658 τούτῳ
1903 1579 1906 1581 Δ

217 1677 284 1743 τῷ
314 1673 480 1743 τρόπῳ
512 1678 836 1726 διεκπλῶσαι·
883 1673 963 1725 καὶ
1000 1672 1172 1725 ἔπειτα
1203 1671 1403 1737 ἀπίξεαι
1433 1674 1483 1727 ἐς
1521 1673 1694 1724 πεδίον
1723 1677 1880 1733 λεῖον,

218 1759 272 1809 ἐν
312 1762 380 1827 τῷ
423 1761 579 1822 νῆσον
624 1757 870 1825 περιρρέει
910 1758 937 1807 ὁ
978 1761 1180 1811 Νεῖλος·
1225 1757 1493 1825 Ταχομψὼ
1534 1757 1721 1822 οὔνομα
1761 1757 1882 1829 αὐτῇ

144 1861 193 1890 20
217 1843 344 1894 ἐστι.
433 1841 654 1894 οἰκέουσι
685 1845 736 1894 δὲ
767 1844 829 1893 τὰ
859 1842 958 1894 ἀπὸ
990 1839 1359 1909 Ἐλεφαντίνης
1388 1840 1489 1893 ἄνω
1522 1842 1758 1894 Αἰθίοπες
1789 1840 1880 1905 ἤδη
1917 1863 1943 1904 4

218 1927 297 1978 καὶ
326 1928 424 1991 -τῆς
465 1924 622 1990 νήσου
662 1925 719 1977 τὸ
757 1926 925 1991 ἥμισυ,
959 1925 1016 1977 τὸ
1057 1929 1110 1977 δὲ
1148 1926 1302 1991 ἥμισυ
1344 1925 1622 1993 Αἰγύπτιοι.
1713 1926 1882 1994 ἔχεται

216 2013 269 2062 δὲ
306 2013 394 2075 τῆς
431 2009 588 2074 νήσου
623 2012 773 2076 λίμνη
819 2008 1031 2077 μεγάλη,
1074 2009 1166 2073 τὴν
1210 2008 1358 2076 πέριξ
1397 2009 1607 2075 νομάδες
1649 2011 1883 2063 Αἰθίοπες

217 2094 463 2159 νέμονται·
508 2094 598 2158 τὴν
623 2094 936 2147 διεκπλώσας
968 2095 1019 2148 ἐς
1057 2098 1144 2145 τοῦ
1179 2096 1368 2146 Νείλου
1392 2094 1449 2145 τὸ
1490 2093 1690 2160 ῥέεθρον
1730 2094 1879 2159 ἥξεις,

215 2178 271 2230 τὸ
309 2181 359 2232 ἐς
393 2178 482 2243 τὴν
512 2180 694 2244 λίμνην
722 2178 904 2243 ταύτην
935 2179 1132 2231 ἐκδιδοῖ·
1192 2178 1269 2230 καὶ
1301 2178 1472 2230 ἔπειτα
1511 2180 1710 2243 ἀποβὰς
1751 2180 1884 2244 παρὰ
1921 2197 1940 2242 5

145 2282 190 2320 25
218 2267 303 2314 τὸν
352 2263 575 2329 ποταμὸν
621 2264 904 2329 ὁδοιπορίην
949 2260 1184 2327 ποιήσεαι
1229 2262 1450 2328 ἡμερέων
1493 2261 1881 2329 τεσσεράκοντα·

218 2347 466 2400 σκόπελοί
501 2369 555 2400 τε
584 2349 681 2415 γὰρ
721 2349 775 2399 ἐν
806 2348 872 2417 τῷ
903 2348 1068 2416 Νείλῳ
1100 2345 1237 2410 ὀξέες
1268 2346 1509 2415 ἀνέχουσι
1532 2347 1620 2398 ’καὶ
1651 2345 1882 2414 χοιράδες

217 2432 408 2484 πολλαί
441 2434 556 2490 εἰσι,
590 2432 652 2483 δι’
683 2433 752 2483 ὧν
783 2432 868 2484 οὐκ
900 2430 980 2483 οἶά
1015 2430 1072 2482 τέ
1110 2433 1221 2483 ἐστι
1257 2430 1447 2484 πλέειν.
1524 2430 1794 2495 διεξελθὼν
1826 2433 1877 2482 δὲ
1914 2441 1942 2484 6

218 2517 270 2567 ἐν
311 2524 428 2589 τῇσι
466 2515 842 2582 τεσσεράκοντα
881 2514 1098 2586 ἡμέρῃσι
1137 2520 1282 2567 τοῦτο
1323 2515 1379 2566 τὸ
1418 2516 1619 2582 χωρίον,
1658 2515 1793 2568 αὖτις
1830 2516 1881 2567 ἐς

271 2667 297 2704 3
326 2653 462 2697 κάλων
495 2654 535 2693 Α
549 2654 581 2692 Β
597 2655 630 2692 C
822 2666 845 2702 4
887 2655 990 2694 οὕτω
1023 2652 1062 2691 Α
1078 2653 1111 2691 Β
1128 2653 1160 2691 C
1178 2653 1209 2690 P
1397 2665 1421 2701 5
1462 2651 1661 2703 γενόμενα
1697 2651 1731 2689 Ρ
1748 2651 1785 2689 R
1802 2652 1832 2690 S
1845 2650 1884 2689 V

216 2711 243 2749 6
273 2713 484 2752 κατανοεῖν
507 2709 545 2747 R
560 2710 598 2748 V
822 2721 842 2757 7
874 2707 918 2748 δὲ
940 2722 1021 2747 Οῑῐι.
1047 2707 1085 2746 A
1102 2708 1134 2746 B
1151 2709 1183 2745 C
1354 2705 1606 2757 ἐμβαλόντος
1635 2704 1683 2744 C¹
1702 2706 1734 2744 P
1749 2706 1788 2745 R
1804 2706 1834 2745 S
1847 2706 1882 2743 V

218 2766 244 2804 8
274 2767 397 2813 βυθὸν
417 2763 457 2802 Α
471 2765 505 2804 Β
522 2764 561 2803 R
576 2765 605 2804 S
619 2764 656 2802 V
820 2776 835 2802 1
849 2777 864 2801 1
898 2763 1076 2814 &novfi(t)
1098 2762 1137 2800 A
1152 2763 1184 2800 C
1200 2763 1238 2801 R
1401 2774 1449 2810 13
1479 2764 1544 2802 δεῖ
1561 2761 1593 2799 Ρ
1606 2760 1689 2798 Vc:
1720 2762 1767 2808 δὴ
1789 2760 1878 2798 rell.

218 2824 359 2861 πλεῖον
381 2819 420 2858 R
573 2818 822 2866 διαδήσαντα
848 2818 880 2856 Ρ
895 2817 934 2856 R
947 2818 984 2855 V
1002 2832 1011 2856 z
1041 2834 1126 2858 ·τες
1149 2818 1181 2855 C
1197 2818 1226 2855 S
1454 2829 1500 2865 14
1532 2818 1677 2867 οἴξεται
1702 2815 1735 2853 Ρ
1750 2814 1786 2852 R
1803 2815 1882 2853 SV

223 2877 271 2914 16
299 2873 499 2925 τέσσαρας
523 2873 751 2912 CPRSV
868 2875 916 2911 18
945 2871 1264 2923 τῷοῐη.ΑΒ(Ξ
1383 2870 1638 2920 1953RSV
1750 2883 1804 2908 20
1833 2872 1882 2909 τὰ

219 2942 301 2967 om.
330 2928 367 2966 R
383 2928 464 2967 SV
613 2941 665 2966 22
695 2931 767 2976 τῆς
788 2941 871 2966 om.
899 2927 938 2965 R
1094 2940 1146 2974 23
1177 2927 1218 2967 δὲ
1242 2927 1455 2966 ἐκπλεύσας
1475 2925 1537 2963 V:
1569 2925 1616 2973 δὴ
1641 2927 1671 2964 ε’.
1695 2926 1725 2962 S
1839 2927 1883 2964 ἐκ

218 2986 291 3024 τοῦ
314 2982 353 3021 R
367 2977 448 3022 SV
560 2994 612 3034 25
643 2998 810 3035 τεσσαρ.
833 2983 865 3020 C
882 2981 920 3020 R
935 2983 964 3021 S
978 2981 1016 3020 V
1127 2982 1179 3019 28
1211 2983 1252 3021 ἐν
1273 2994 1356 3019 om.
1383 2980 1414 3018 P
1430 2980 1468 3017 R
1484 2979 1518 3016 V
1602 2995 1769 3032 τεσσαρ.
1794 2978 1832 3016 R
1846 2979 1883 3017 V
