2098 3320
114 103 187 153 IV
228 114 280 162 71
936 96 982 143 H
1000 97 1362 143 POAOTOT

317 232 370 281 δὲ
403 229 658 294 κομίζουσι
691 228 745 279 ἐν
775 234 834 299 τῇ
866 224 1029 298 ἁμάξῃ
1059 222 1164 292 [τοῦ
1194 227 1461 295 βασιλέος]
1485 229 1571 282 τὸν
1595 229 1738 282 νέκυν
1771 233 1821 284 ἐς
1848 232 1985 283 ἄλλο

318 313 460 366 ἔθνος
500 317 598 364 τῶν
638 311 869 379 ἄρχουσι·
916 313 962 363 οἱ
1004 310 1058 363 δέ
1103 318 1200 379 σφι
1246 314 1450 365 ἕπονται
1495 316 1546 367 ἐς
1585 315 1698 368 τοὺς
1738 317 1979 383 πρότερον

318 397 490 462 ἦλθον.
568 399 720 448 ἐπεὰν
750 398 802 447 δὲ
834 394 1024 449 πάντας
1052 395 1358 461 περιέλθωσι
1387 398 1475 450 τὸν
1506 397 1651 451 νέκυν
1682 399 1976 464 κομίζοντες,

319 484 374 533 ἐν
416 481 647 548 Γέρροισι
690 481 884 549 ἔσχατα
929 479 1331 546 κατοικημένοισί
1372 484 1472 534 εἰσι
1515 487 1613 535 τῶν
1658 482 1841 536 ἐθνέων
1883 489 1981 537 τῶν

261 590 285 632 4
319 566 534 633 ἄρχουσι
565 566 642 617 καὶ
675 567 728 616 ἐν
758 565 876 636 τῇσι
906 565 1115 635 ταφῇσι.
1206 567 1286 617 καὶ
1316 567 1502 626 ἔπειτα,
1529 569 1680 619 ἐπεὰν
1711 567 1865 620 θέωσι
1894 568 1980 621 τὸν
2005 594 2027 634 5

0 650 297 710 *⁸⁸⁸5*ssss
319 649 464 702 νέκυν
501 652 553 701 ἐν
589 657 706 722 τῇσι
743 647 926 720 θήκῃσι
967 649 1049 701 ἐπὶ
1087 649 1346 716 στιβάδος,
1379 649 1756 718 παραπήξαντες
1795 653 1981 720 αἰχμᾶς

319 734 461 786 ἔνθεν
504 736 582 786 καὶ
624 735 766 786 ἔνθεν
805 737 891 784 τοῦ
931 737 1104 800 νεκροῦ
1144 732 1271 798 ξύλα
1309 736 1652 802 ὑπερτείνουσι
1694 735 1772 787 καὶ
1811 736 1982 789 ἔπειτα

0 835 280 878 hcm-ek.
317 819 431 894 ῥι-ψὶ
464 817 904 885 καταστεγάζουσι,
938 819 993 869 ἐν
1023 820 1077 869 δὲ
1112 819 1170 889 τῇ
1207 820 1360 891 λοιπῇ
1396 819 1668 892 εὐρυχωρίῃ
1705 822 1793 885 τῆς
1829 818 1981 886 θήκης

317 908 417 956 τῶν
463 901 766 956 παλλακέων
810 923 865 954 τε
911 903 1030 967 μίαν
1075 902 1438 968 ἀποπνίξαντες
1483 903 1728 957 θάπτουσι
1772 905 1852 956 καὶ
1893 904 1981 958 τὸν

319 989 552 1056 οἰνοχόον
604 987 683 1039 καὶ
741 985 979 1054 μάγειρον
1031 987 1111 1038 καὶ
1165 989 1443 1053 ἱπποκόμον
1497 988 1576 1040 καὶ
1626 987 1854 1054 διήκονον
1903 989 1982 1041 καὶ
2011 1014 2059 1042 10

321 1073 696 1140 ἀγγελιηφόρον
723 1072 801 1123 καὶ
832 1072 1012 1124 ἵππους
1043 1072 1124 1123 καὶ
1153 1077 1253 1124 τῶν
1285 1072 1457 1125 ἄλλων
1488 1073 1721 1126 ἁπάντων
1751 1074 1982 1142 ἀπαρχὰς

323 1158 401 1209 καὶ
425 1156 613 1225 φιάλας
642 1155 877 1225 χρυσέας·
916 1156 1111 1226 ἀργύρῳ
1135 1158 1188 1207 δὲ
1213 1156 1354 1208 οὐδὲν
1377 1159 1490 1210 οὐδὲ
1513 1163 1688 1227 χαλκῷ
1719 1157 1980 1226 χρέωνται.

264 1263 285 1308 5
320 1247 473 1294 ταῦτα
503 1245 556 1293 δὲ
587 1240 887 1306 ποιήσαντες
911 1245 1063 1309 χοῦσι
1085 1240 1267 1295 πάντες
1298 1246 1444 1310 χῶμα
1472 1242 1618 1309 μέγα,
1644 1243 1982 1308 ἁμιλλώμενοι

77 1340 106 1372 ⁸
222 1340 285 1392 72
323 1327 401 1378 καὶ
425 1327 816 1393 προθυμεόμενοι
847 1325 912 1379 ὡς
940 1324 1184 1392 μέγιστον
1215 1330 1438 1392 ποιῆσαι.
1514 1329 1737 1378 ἐνιαυτοῦ
1768 1329 1822 1379 δὲ
1843 1347 1979 1394 περι-

321 1411 600 1479 φερομένου
649 1410 786 1464 αῦτις
831 1414 1030 1461 ποιεῦσι
1077 1411 1284 1462 τοιόνδε·
1346 1412 1598 1477 λαβόντες
1645 1415 1743 1463 τῶν
1788 1415 1981 1464 λοιπῶν
2010 1434 2056 1475 15

322 1496 638 1563 θεραπόντων
660 1495 775 1549 τοὺς
800 1493 1206 1560 ἐπιτηδεοτάτους
1227 1494 1291 1559 (οἱ
1322 1494 1376 1548 δέ
1399 1497 1499 1548 εἰσι
1529 1496 1713 1547 Σκύθαι
1738 1493 1979 1563 ἐγγενέες·

321 1581 457 1632 οὗτοι
492 1583 586 1648 γὰρ
624 1579 956 1647 θεραπεύουσι
984 1579 1100 1633 τοὺς
1129 1578 1191 1631 ἂν
1222 1580 1366 1633 αὐτὸς
1397 1581 1424 1631 ὁ
1462 1580 1710 1646 βασιλεὺς
1746 1579 1978 1652 κελεύσῃ,

215 1695 219 1699 κ
263 1688 287 1719 2
322 1665 658 1733 ἀργυρώνητοι
698 1667 753 1717 δὲ
787 1665 874 1715 οὐκ
910 1666 1016 1716 εἰσί
1049 1671 1146 1732 σφι
1189 1662 1517 1731 θεράποντες),
1549 1665 1735 1716 τούτων
1776 1662 1844 1716 ὧν
1883 1668 1982 1716 τῶν

321 1751 562 1815 διηκόνων
609 1751 760 1802 ἐπεὰν
802 1747 1120 1813 ἀποπνίξωσι
1165 1747 1471 1813 πεντήκοντα
1516 1750 1596 1800 καὶ
1642 1750 1822 1802 ἵππους
1868 1748 1983 1802 τοὺς

321 1834 745 1887 καλλιστεύοντας
785 1833 1111 1898 πεντήκοντα,
1156 1832 1416 1898 ἐξελόντες
1455 1833 1617 1885 αὐτῶν
1657 1833 1748 1897 τὴν
1789 1835 1983 1898 κοιλίην
2010 1854 2059 1882 20

265 1939 290 1983 3
323 1920 402 1971 καὶ
435 1917 736 1985 καθήραντες
766 1920 1049 1983 ἐμπιπλᾶσι
1079 1918 1279 1986 ἀχύρων
1305 1918 1383 1969 καὶ
1408 1917 1763 2000 συρράπτουσι·
1802 1903 2098 2015 &xltffiosfdk

321 2003 430 2056 δὲ“
398 2025 551 2068 ημισυ
576 2003 657 2055 ἐπὶ
688 2002 774 2053 δύο
797 2001 925 2067 ξύλα
948 2000 1228 2066 στήσαντες
1249 2003 1424 2054 ὕπτιον
1456 2003 1534 2054 καὶ
1558 2001 1613 2053 τὸ
1637 2002 1806 2068 ἕτερον
1828 2000 1983 2066 ἥμισυ

322 2109 410 2152 της
456 2090 639 2155 ἁψῖδος
685 2086 762 2139 ἐπ’
812 2087 956 2153 ἕτερα
1002 2087 1103 2145 δύο,
1153 2084 1520 2151 καταπήξαντες
1566 2087 1730 2154 τρόπῳ
1777 2084 1981 2154 τοιούτῳ

323 2174 492 2224 πολλὰ
531 2176 699 2231 ταῦτα,
739 2171 911 2223 ἔπειτα
951 2175 1050 2223 τῶν
1090 2172 1257 2223 ἵππων
1299 2173 1419 2222 κατὰ
1459 2168 1616 2235 μήκεα
1655 2168 1780 2235 ξύλα
1818 2167 1982 2237 παχέα

322 2255 648 2309 διελάσαντες
677 2253 826 2323 μέχρι
855 2260 954 2307 τῶν
983 2254 1250 2323 τραχήλων
1287 2253 1660 2320 ἀναβιβάζουσι
1696 2253 1870 2307 αὐτοὺς
1900 2253 1982 2305 ἐπὶ
2009 2273 2058 2315 25

266 2363 293 2406 4
321 2344 408 2395 τὰς
439 2344 642 2409 ἁψῖδας·
688 2345 787 2392 τῶν
818 2342 871 2392 δὲ
902 2342 951 2391 αἱ
989 2342 1082 2405 μὲν
1112 2340 1347 2406 πρότεραι
1379 2342 1558 2406 ἀψῖδες
1594 2336 1840 2406 ὑπέχουσι
1869 2337 1984 2390 τοὺς

381 2494 400 2520 1
431 2483 484 2534 τῇ
505 2493 587 2519 om.
607 2479 640 2518 C
656 2479 689 2518 P
799 2481 873 2520 τοῦ
893 2476 1088 2526 βασιλέος
1109 2491 1188 2516 om.
1208 2478 1241 2516 C
1258 2492 1266 2516 :
1299 2483 1394 2528 post
1415 2475 1532 2518 νέκυιί
1550 2476 1583 2515 Ρ
1695 2478 1734 2517 ἐς
1751 2477 1855 2517 ἄλλο
1873 2475 1984 2517 ἔθνος

7 2574 26 2586 ,
321 2537 395 2578 τὸν
416 2534 533 2576 νέκυν
554 2535 587 2573 C
604 2534 638 2572 P
821 2545 847 2582 3
877 2534 1016 2586 νεκρὸν
1038 2532 1071 2571 Ρ
1085 2533 1123 2571 R
1139 2533 1168 2571 S
1184 2533 1221 2571 V
1460 2532 1503 2572 ἔν
1522 2548 1571 2572 τε
1591 2546 1724 2571 τοισιν
1747 2530 1784 2568 R
1802 2530 1910 2569 SV.
1939 2529 1984 2570 ἔν

322 2609 369 2633 τε
399 2598 438 2632 Γ.
474 2590 596 2629 Stein
791 2600 816 2638 5
845 2587 917 2627 alt.
948 2588 1012 2628 καὶ
1043 2601 1124 2626 om.
1156 2586 1291 2626 RSV
1481 2587 1506 2623 8
1535 2586 1639 2639 ῥίψει
1660 2584 1747 2623 ΑΒ
1764 2584 1797 2622 C
1821 2584 1854 2636 (—
1840 2584 1914 2632 -εῒ)
1932 2583 1984 2622 Pe

322 2660 358 2698 9x
378 2655 526 2687 παλακ.
554 2645 587 2683 C
602 2645 640 2682 R
655 2644 684 2683 S
698 2645 735 2682 V
847 2642 1115 2693 ἀποπνίγουσι
1137 2642 1358 2683 θάπτοντες
1381 2641 1415 2679 Β
1588 2653 1602 2676 Ι
1615 2653 1629 2678 Ι
1663 2639 1826 2680 πάντων
1844 2638 1884 2677 Α
1899 2638 1933 2676 Β
1949 2637 1983 2676 C

328 2714 376 2740 12
407 2699 521 2741 οὐδὲν
542 2700 621 2739 del.
649 2699 785 2737 Cobet
923 2696 1013 2737 οὐδὲ
1035 2699 1172 2738 ἄλλων
1192 2696 1380 2738 ἁπάντων
1399 2699 1544 2748 χαλκῶ
1567 2695 1605 2732 R
1693 2696 1707 2707 “
1800 2705 1847 2742 13
1875 2692 1984 2745 μέγα

323 2770 406 2795 om.
435 2755 473 2793 R
489 2754 518 2793 S
532 2755 570 2793 V
680 2753 977 2803 ἇμιλλεώμενοι
999 2751 1037 2790 R
1054 2752 1083 2791 S
1096 2751 1135 2790 V
1303 2753 1351 2788 16
1380 2750 1604 2808 ·ειοτάτους
1621 2748 1659 2786 Α
1676 2748 1738 2787 Β.
1728 2762 1738 2772 ·
1768 2747 1983 2788 -εωτάτους

325 2811 359 2850 C
376 2810 410 2848 P
530 2808 593 2850 δέ]
617 2808 697 2849 δέοι
720 2808 753 2846 C
942 2819 989 2856 17
1019 2809 1098 2859 γὰρ
1118 2807 1166 2855 δὴ
1190 2805 1220 2844 S
1233 2806 1271 2844 V
1449 2817 1503 2844 20
1531 2803 1780 2844 καλλίστους
1799 2800 1840 2839 Α
1853 2800 1888 2839 Β
1902 2800 1935 2839 C
1951 2801 1985 2839 P

325 2865 482 2906 κοιλίαν
506 2865 542 2903 R
559 2863 638 2903 SV
795 2874 844 2900 21
878 2860 1121 2912 καθάραντες
1141 2860 1181 2898 Α
1196 2860 1228 2899 Β
1395 2872 1447 2909 23
1478 2861 1540 2900 ἐπ’
1561 2870 1644 2896 om.
1667 2856 1756 2895 AB
1772 2856 1806 2894 C
1917 2856 1983 2897 καὶ
2053 2903 2065 2909 ⁸

323 2922 457 2970 τρόπῳ
480 2919 512 2957 C
665 2930 715 2966 24
745 2918 810 2957 καὶ
830 2918 880 2957 τὰ
898 2915 938 2953 Α
951 2915 986 2953 Β
1004 2930 1011 2955 :
1043 2916 1147 2957 κατὰ
1165 2916 1219 2957 τὰ
1239 2913 1437 2954 cantabr.
1589 2923 1640 2960 25
1671 2908 1981 2961 ἀναβιβάζονται

323 2975 365 3012 A
379 2974 413 3012 B
430 2975 463 3011 C
628 2974 681 3011 26
710 2971 950 3024 ὑπερέχουσι
969 2970 1010 3008 Α
1025 2970 1058 3008 Β
1075 2970 1109 3009 C
