2098 3320
738 120 1112 204 ιΣΤοΡιΩΝ
1174 157 1220 204 Δ
1432 124 1443 130 ’
1847 156 1937 208 lv,
1961 169 2026 222 53

0 240 157 302 ιςΙ-ἑξά
178 242 359 303 (ἕψῃ
465 287 468 289 .
490 284 528 303 ,,
592 284 612 305 ,,
869 288 891 300 Α
1008 285 1021 304 ,
1137 284 1149 303 ,
1275 287 1286 303 ,
1418 285 1438 306 ,,
1673 285 1685 306 ,

140 305 247 352 μων
269 305 458 338 τουτων
482 307 566 338 εον
586 290 809 352 εμβαλον
833 307 919 350 της
949 307 1115 354 χωρης
1156 290 1387 339 Ιππολεω
1411 308 1533 354 ακρη
1561 293 1807 346 καλεεται,

140 371 196 423 ἐν
226 371 280 422 δὲ
309 369 439 441 αὐτῷ
468 369 573 437 ἱρὸν
607 368 870 437 Δήμητρος
902 371 1161 437 ἐνίδρυται·
1205 370 1361 439 πέρην
1391 373 1444 423 δὲ
1475 376 1561 423 τοῦ
1591 373 1696 438 ἱροῦ
1726 372 1809 424 ἐπὶ

140 455 207 526 τῷ
233 452 413 506 Ὕπάνι
447 445 829 522 Βορυσθενεῗται
864 455 1196 519 κατοίκηνται.
1288 459 1441 507 ταῦτα
1480 458 1572 521 μὲν
1611 458 1671 507 τὰ
1710 454 1808 508 ἀπὸ
1844 470 1910 522 54

139 539 328 591 τούτων
348 543 446 591 τῶν
465 544 713 605 ποταμῶν,
735 541 859 604 μετὰ
879 541 931 591 δὲ
950 540 1152 593 τούτους
1172 538 1394 605 πέμπτος
1414 539 1631 606 ποταμὸς
1652 540 1808 595 ἄλλος

92 650 116 692 5
140 623 207 694 τῷ
233 623 419 688 οὕνομα
443 623 782 689 Παντικάπης·
828 623 929 691 ῥέει
960 626 1013 675 δὲ
1040 626 1118 677 καὶ
1150 625 1291 678 οὗτος
1322 624 1419 677 ἀπὸ
1448 623 1612 692 βορέω
1644 646 1698 677 τε
1731 626 1809 677 καὶ

141 709 195 760 ἐκ
236 709 431 774 λίμνης,
467 709 547 761 καὶ
589 708 645 760 τὸ
684 707 869 774 μεταξὺ
912 708 1086 760 τούτου
1125 730 1178 760 τε
1226 709 1304 760 καὶ
1342 714 1429 760 τοῦ
1470 708 1810 777 Βορυσθένεος

141 791 375 858 νέμονται
417 795 464 845 οἱ
509 793 721 861 γεωργοὶ
769 794 970 863 Σκύθαι,
1022 795 1208 845 ἐκδιδοῖ
1249 796 1303 845 δὲ
1348 795 1398 848 ἐς
1444 793 1535 858 τὴν
1580 793 1807 859 Ὑλαίην,

141 876 583 946 παραμειψάμενος
643 880 696 930 δὲ
745 878 926 942 ταύτην
977 878 1043 948 τῷ
1095 877 1400 944 Βορυσθένεϊ
1452 880 1807 946 συμμίσγεται.

141 961 284 1016 ἕκτος
313 963 367 1014 δὲ
396 960 662 1029 Ὕπάκυρις
695 963 933 1028 ποταμός,
969 962 1022 1016 ὃς
1055 963 1261 1029 ὁρμᾶται
1290 965 1382 1028 μὲν
1414 965 1467 1016 ἐκ
1502 965 1696 1029 λίμνης,
1731 965 1810 1015 διὰ
1846 981 1911 1032 55

68 1072 118 1102 10
139 1045 313 1112 μέσων
355 1049 408 1099 δὲ
448 1051 546 1099 τῶν
587 1045 815 1112 νομάδων
858 1046 1087 1099 Σκυθέων
1125 1047 1252 1114 ῥέων
1290 1050 1475 1100 ἐκδιδοῖ
1512 1050 1635 1099 κατὰ
1676 1052 1807 1115 Καρ-
1844 1104 1848 1108 „

144 1136 319 1184 κινῖτιν
359 1131 525 1191 πόλιν,
571 1134 621 1184 ἐς
663 1129 829 1196 δεξιὴν
870 1131 1101 1199 ἀπέργων
1141 1131 1232 1196 τήν
1271 1154 1325 1184 τε
1355 1131 1565 1198 (Ὑλαίην
1603 1133 1683 1184 καὶ
1723 1132 1810 1185 τὸν

140 1213 440 1283 Ἀχιλλήιον
463 1216 646 1283 δρόμον
669 1217 989 1282 καλεόμενον.
1065 1217 1280 1282 ἕβδομος
1304 1220 1357 1269 δὲ
1382 1216 1562 1284 Γέρρος
1587 1216 1809 1283 ποταμὸς
1844 1223 1915 1283 56

140 1298 449 1368 ἀπέσχισται
478 1303 570 1366 μὲν
601 1300 699 1352 ἀπὸ
729 1305 814 1351 τοῦ
847 1299 1183 1367 Βορυσθένεος
1206 1303 1328 1352 κατὰ
1358 1306 1503 1353 τοῦτο
1526 1305 1614 1367 τῆς
1643 1302 1808 1369 χώρης

141 1385 194 1438 ἐς
233 1382 260 1436 ὃ
300 1384 601 1452 γινώσκεται
641 1386 668 1435 ὁ
711 1385 1042 1452 Βορυσθένης.
1132 1385 1442 1455 ἀπέσχισται
1485 1385 1577 1452 μέν
1621 1407 1709 1438 νυν
1754 1388 1808 1438 ἐκ

69 1494 116 1536 15
141 1468 316 1521 τούτου
350 1474 438 1520 τοῦ
476 1469 657 1538 χώρου,
695 1470 881 1535 οὔνομα
919 1473 971 1522 δὲ
1008 1470 1115 1538 ἔχει
1149 1471 1207 1521 τό
1242 1493 1334 1537 περ
1374 1472 1400 1521 ὁ
1441 1476 1602 1539 χῶρος
1645 1471 1806 1530 αὐτός,

142 1552 339 1620 Γέρρος,
372 1552 500 1620 ῥέων
532 1556 586 1606 δὲ
621 1556 673 1607 ἐς
711 1553 979 1606 θάλασσαν
1016 1554 1195 1621 οὐρίζει
1231 1553 1322 1619 τήν
1357 1577 1411 1607 τε
1448 1561 1546 1607 τῶν
1582 1554 1809 1621 νομάδων

141 1637 311 1706 χώρην
349 1638 430 1690 καὶ
465 1637 555 1702 τὴν
590 1643 689 1691 τῶν
726 1641 1017 1704 βασιληίων
1050 1636 1295 1699 Σκυθέων,
1332 1641 1516 1691 ἐκδιδοῖ
1548 1642 1602 1692 δὲ
1638 1642 1688 1693 ἐς
1723 1639 1809 1691 τὸν

140 1720 427 1790 ’Υπάκυριικ
501 1725 677 1790 ὄγδοος
709 1725 762 1774 δὲ
786 1722 843 1786 δὴ
867 1722 1055 1776 Τάναϊς
1079 1724 1312 1789 ποταμός,
1336 1723 1389 1777 ὃς
1417 1723 1519 1790 ῥέει
1540 1722 1810 1775 τάνέκαθεν
1847 1736 1911 1787 57

143 1807 196 1858 ἐκ
219 1808 400 1873 λίμνης
429 1806 654 1875 μεγάλης
678 1808 978 1874 ὁρμώμενος,
1005 1810 1191 1859 ἐκδιδοῖ
1217 1810 1269 1860 δὲ
1295 1810 1345 1862 ἐς
1374 1807 1503 1873 μέζω
1529 1808 1601 1859 ἔτι
1625 1810 1810 1874 λίμνην

69 1916 119 1945 20
145 1890 453 1957 καλεομένην
486 1895 723 1957 Μαιῆτιν,
756 1890 786 1957 ἢ
821 1892 1003 1960 οὐρίζει
1040 1893 1231 1946 Σκύθας
1266 1915 1320 1945 τε
1356 1892 1470 1946 τοὺς
1506 1894 1809 1958 βασιληίους

145 1975 224 2027 καὶ
277 1975 613 2043 Σαυρομάτας.
703 1979 753 2030 ἐς
806 1979 860 2029 δὲ
909 1976 1101 2029 Τάναϊν
1151 1982 1326 2029 τοῦτον
1379 1977 1536 2030 ἄλλος
1587 1976 1808 2042 ποταμὸς

144 2058 396 2125 ἐσβάλλει
418 2066 484 2131 τῷ
509 2060 695 2126 οὔνομά
720 2063 830 2113 ἐστι
851 2060 1044 2128 Ὕργις.
1121 2066 1254 2113 τοῖσι
1282 2065 1374 2129 μὲν
1397 2061 1455 2126 δὴ
1480 2063 1810 2127 ὀνομαστοῖσι
1846 2059 1911 2121 58

142 2150 416 2211 ποταμοῖσι
434 2146 560 2197 οὕτω
586 2144 643 2210 δή
663 2167 710 2197 τι
730 2147 776 2198 οἱ
798 2147 983 2198 Σκύθαι
1007 2146 1349 2206 ἐσκευάδαται,
1371 2151 1506 2198 τοῖσι
1528 2148 1580 2198 δὲ
1607 2144 1810 2210 κτήνεσι

141 2227 171 2293 ἡ
218 2230 332 2294 ποίη
380 2227 454 2295 (ἡ)
501 2228 820 2297 ἀναφυομένη
860 2232 913 2282 ἐν
954 2239 1014 2303 τῇ
1054 2233 1269 2303 Σκυθικῇ
1310 2233 1420 2282 ἐστι
1461 2229 1807 2302 ἐπιχολφτάτη
1823 2244 2098 2309 *mmm-⁸⁴3«

69 2337 116 2380 25
143 2311 346 2365 πασέων
393 2313 574 2366 ποιέων
623 2320 722 2366 τῶν
769 2315 910 2379 ἡμεῖς
955 2317 1110 2380 ἴδμεν·
1161 2314 1542 2381 ἀνοιγομένοισι»
1578 2317 1632 2367 δὲ
1675 2319 1810 2366 τοῖσι
1959 2300 2098 2350 ‘7⁰³²'

144 2395 348 2461 κτήνεσι
378 2398 488 2450 ἔστι
520 2399 920 2463 σταθμώσασθαι
952 2401 1027 2458 ὅτι
1058 2403 1203 2450 τοῦτο
1235 2401 1388 2453 οὕτως
1419 2399 1539 2468 ἔχει.

223 2483 301 2533 Τὰ
329 2485 422 2548 μὲν
452 2482 509 2547 δὴ
541 2482 759 2550 μέγιστα
791 2485 917 2536 οὕτω
956 2490 1053 2551 σφι
1091 2483 1275 2550 εὔπορά
1311 2485 1436 2544 ἐστι,
1470 2486 1532 2536 τὰ
1568 2486 1621 2536 δὲ
1656 2484 1810 2535 λοιπὰ
1844 2490 1915 2542 59

199 2631 218 2658 1
252 2619 448 2662 Ἱππολέω
470 2621 503 2659 C
519 2621 552 2659 P
567 2621 605 2660 R
621 2621 651 2660 S
666 2621 725 2661 V:
760 2621 883 2662 -λέων
903 2620 942 2660 Α
957 2621 991 2660 Β
1196 2635 1221 2661 2
1251 2620 1376 2674 αὐτῷ]
1398 2624 1446 2664 τὸ
1468 2623 1497 2662 S
1512 2623 1551 2662 V
1659 2625 1810 2678 μητρὸς

140 2672 230 2713 ΑΒ
245 2675 279 2714 C
393 2677 458 2716 ἐπὶ
480 2676 771 2715 Valckenaer:
803 2678 877 2717 ὑπὸ
899 2676 932 2714 L
1063 2689 1088 2726 3
1117 2680 1262 2718 -νεῖται
1286 2677 1325 2716 R
1341 2678 1371 2717 S
1386 2677 1445 2718 V:
1477 2681 1600 2719 -νῖται
1621 2677 1661 2717 Α
1676 2679 1709 2717 Β
1727 2680 1760 2717 C
1779 2679 1812 2717 P

141 2740 166 2778 5
197 2728 261 2781 δὲ]
283 2728 360 2781 μὲν
377 2731 457 2784 γὰρ
476 2730 516 2770 Α
532 2731 566 2770 Β
582 2731 615 2769 C
753 2748 800 2771 τε
822 2730 907 2782 καὶ]
937 2748 982 2771 τε
1003 2730 1042 2769 Α
1057 2731 1091 2770 Β
1109 2732 1142 2770 C
1335 2735 1361 2772 8
1390 2734 1639 2786 παραμείψας
1670 2734 1705 2772 R
1725 2735 1754 2774 S
1772 2734 1810 2772 V

140 2785 271 2825 -σθένι
295 2785 334 2824 R
350 2784 432 2824 SV
624 2799 651 2835 9
680 2785 891 2839 Ὓπάκαρις
912 2785 951 2824 Α
967 2787 1001 2824 Β
1022 2800 1031 2825 :
1061 2786 1245 2838 ‘'rndecpts
1267 2787 1300 2826 C
1495 2800 1543 2826 10
1572 2789 1809 2841 Καρκίνιτον

140 2837 181 2878 A
196 2837 231 2876 Β
246 2838 279 2877 C
477 2852 525 2878 12
558 2839 770 2894 Γέρροντος
792 2840 826 2878 C
1023 2853 1070 2889 14
1103 2844 1142 2882 ἐς
1162 2842 1210 2882 τὸ
1233 2841 1386 2882 Struve
1576 2844 1625 2881 16
1654 2842 1698 2883 δὲ
1720 2857 1802 2882 om.

147 2891 237 2931 RV
348 2895 404 2935 εἷς
427 2894 563 2934 RSV
734 2896 782 2933 18
811 2894 1178 2949 ’AwdnvmeSV
1345 2910 1392 2935 21
1426 2896 1490 2948 δὲ]
1514 2897 1556 2938 δὲ
1577 2899 1651 2938 τὸν
1673 2899 1710 2937 R
1728 2898 1810 2937 SV

141 2959 192 2996 24
223 2949 248 2997 ἡ
268 2961 350 2987 om.
378 2949 410 2987 P-
426 2950 461 2988 R
481 2949 511 2990 S
525 2950 563 2989 V
701 2951 725 2999 ἡ
747 2950 842 2990 add.
870 2950 1029 2989 Reiske
1170 2954 1305 3003 ἐπισχ.
1332 2950 1364 2990 C
1384 2966 1392 2990 ι
1424 2954 1646 3004 ἐπιχωλοτ.
1673 2954 1708 2992 R
1727 2954 1756 2992 S
1773 2954 1809 2992 V

143 3013 195 3052 25
224 3002 369 3044 ποιέων
388 3017 472 3045 om.
496 3004 579 3044 SV
