2098 3320
776 128 1151 211 ῙΣΤοΡΙΩΝ
1212 163 1252 211 Γ
1881 164 1973 215 111.
2000 175 2068 228 45

174 293 343 366 αἱρέει,
376 298 443 364 τῷ
481 292 735 360 ἐπίκουροί
766 313 819 344 τε
854 292 1099 358 μισθωτοὶ
1139 293 1218 345 καὶ
1258 291 1456 358 τοξόται
1494 290 1671 357 οἰκήιοι
1707 290 1839 356 ἦσαν

175 377 357 443 πλήθεϊ
391 379 590 437 πολλοί,
623 381 796 429 τοῦτον
836 376 931 430 ὑπὸ
967 383 1066 430 τῶν
1110 378 1380 430 κατιόντων
1415 379 1617 443 Σαμίων
1653 378 1839 430 ἐόντων

173 464 361 530 ὀλίγων
399 464 702 527 ἑσσωθῆναι.
792 467 891 514 τῶν
930 462 973 514 δ’
1014 462 1097 516 ὑπ’
1139 466 1303 533 ἑωυτῷ
1341 462 1524 515 ἐόντων
1559 461 1839 527 πολιητέων
1874 485 1903 527 4

172 549 234 599 τᾶ
263 546 413 600 τέκνα
443 548 634 601 καὶτὰς
655 551 890 614 γυναῖκας
915 547 941 597 ὁ
966 546 1293 614 Πολυκράτης
1316 549 1367 601 ἐς
1396 547 1511 602 τοὺς
1540 547 1839 600 νεωσοίκους

126 656 147 696 5
173 630 479 697 συνειλήσας
527 631 634 700 εἶχε
679 632 918 697 ἑτοίμους,
964 627 1026 696 ἢν
1078 631 1172 699 ἄρα
1218 635 1489 698 προδιδῶσι
1533 631 1670 684 οὗτοι
1717 630 1840 698 πρὸς

171 715 285 770 τοὺς
310 716 581 776 κατιόντας,
607 717 895 782 ὑποπρῆσαι
917 716 1114 768 αὐτοῖσι
1138 722 1271 768 τοῖσι
1294 718 1629 769 νεωσοίκοισι.
1673 717 1839 769 ἐπείτε
1874 717 1948 776 46

173 805 227 854 δὲ
278 803 325 854 οἱ
377 798 735 866 ἐξελασθέντες
786 801 987 866 Σαμίων
1044 801 1140 854 ὑπὸ
1201 800 1550 869 Πολυκράτεος
1601 802 1838 853 ἀπίκοντο

174 888 226 941 ἐς
269 885 360 950 τὴν
403 883 654 953 Σπάρτην,
699 884 1035 939 καταστάντες
1083 887 1164 938 ἐπὶ
1210 885 1323 939 τοὺς
1366 884 1615 955 ἄρχο-ντας
1660 886 1839 953 ἔλεγον
1859 870 2098 927 *unfit

174 972 344 1024 πολλὰ
388 971 469 1022 οῗα
514 968 666 1037 κάρτα
710 971 949 1036 δεόμενοι.
1042 973 1088 1022 οῖ
1134 970 1188 1022 δέ
1233 977 1332 1037 σφι
1370 971 1430 1042 τῇ
1475 971 1644 1042 πρώτῃ
1690 991 1836 1022 κατα-

103 1079 150 1107 ιο
175 1054 330 1108 στάσι
364 1056 690 1122 ὑπεκρίναντο
730 1057 791 1106 τὰ
831 1058 924 1120 μὲν
969 1060 1139 1122 πρῶτα
1179 1053 1429 1123 λεχθέντα
1468 1053 1836 1120 ἐπιλεληθέναι,

172 1141 235 1193 τὰ
265 1142 320 1192 δὲ
356 1140 540 1207 ὕστερα
579 1139 636 1190 οὑ
673 1138 909 1191 συνιέναι.
998 1141 1123 1205 μετὰ
1160 1142 1212 1191 δὲ
1252 1144 1406 1192 ταῦτα
1446 1140 1649 1204 δεύτερα
1691 1159 1837 1191 κατα-
1879 1158 1905 1190 2

175 1222 386 1277 στάντες
417 1223 546 1275 ἄλλο
576 1226 669 1289 μὲν
696 1222 838 1276 εἶπον
862 1223 1020 1283 οὐδέν,
1050 1224 1267 1276 θύλακον
1291 1227 1345 1276 δὲ
1369 1223 1609 1292 φέροντες
1631 1224 1842 1291 ἔφασαν

173 1312 259 1362 τὸν
306 1309 526 1361 θύλακον
573 1309 804 1376 ἀλφίτων
853 1307 1069 1362 δέεσθαι.
1161 1311 1208 1362 οἱ
1260 1307 1315 1360 δέ
1366 1315 1465 1377 σφι
1515 1310 1841 1376 ὑπεκρίναντο
1967 1353 2098 1398 mu

174 1398 241 1464 τῷ
287 1391 483 1445 θυλάκω
529 1391 902 1461 περιεργάσθαι·
963 1392 1199 1458 βοηθέειν
1243 1392 1285 1445 δ’
1329 1390 1399 1446 ὧν
1444 1391 1585 1458 ἔδοξε
1629 1364 2098 1460 αὐτοῖσι.’ἶξ””ὼ·ψᾼ

102 1500 148 1541 15
176 1478 254 1530 καὶ
299 1477 469 1531 ἔπειτα
513 1476 1016 1545 παρασκευασάμενοι
1058 1478 1417 1546 ἐστρατεύοντο
1461 1478 1842 1544 Λακεδαιμόνιοι
1878 1486 1944 1537 47

173 1563 255 1616 ἐπὶ
295 1561 481 1628 Σάμον,
517 1563 583 1616 ὣς
620 1565 712 1629 μὲν
742 1561 921 1628 Σάμιοι
951 1561 1177 1631 λέγουσι,
1212 1562 1501 1631 εὐεργεσίας
1543 1563 1836 1621 ἐκτίνοντες,
1872 1572 1876 1591 ’

173 1648 249 1700 ὅτι
282 1654 380 1715 σφι
412 1648 645 1715 πρότεροι
675 1647 812 1700 αὐτοὶ
854 1648 1000 1714 νηυσὶ
1042 1646 1334 1714 ἐβοήθησαν
1377 1649 1457 1701 ἐπὶ
1495 1649 1837 1713 Μεσσηνίους,

175 1732 241 1787 ὡς
289 1735 342 1786 δὲ
389 1733 773 1798 Λακεδαιμόνιοι
818 1731 1045 1801 λέγουσι,
1097 1732 1183 1784 οὐκ
1234 1734 1358 1784 οὕτω
1406 1735 1685 1800 τιμωρῆσαι
1731 1736 1838 1784 δεο-

172 1815 372 1883 μένοισι
416 1818 652 1884 Σαμίοισι
701 1817 1060 1885 ἐστρατεύοντο
1109 1818 1174 1871 ὡς
1221 1819 1489 1870 τείσασθαι
1536 1818 1840 1883 βουλόμενοι

101 1924 150 1953 20
172 1906 260 1954 τοῦ
310 1905 548 1971 κρητῆρος
598 1906 687 1967 τῆς
739 1904 980 1970 ἁρπαγῆς,
1036 1902 1121 1954 τὸν
1170 1900 1295 1969 ἦγον
1346 1903 1566 1972 Κροίσῳ,
1622 1903 1702 1955 καὶ
1753 1907 1842 1954 τοῦ

174 1987 408 2055 θώρηκος,
441 1987 529 2039 τὸν
559 1987 755 2039 αὐτοῖσι
778 1986 1000 2054 ’Ἄμασις
1031 1988 1057 2038 ὁ
1088 1987 1342 2055 Αἰγύπτου
1364 1986 1613 2052 βασιλεὺς
1644 1986 1843 2055 ἔπεμψε

172 2074 346 2139 δῶρον.
436 2072 516 2124 καὶ
562 2074 656 2140 γὰρ
710 2072 910 2139 θώρηκα
958 2073 1230 2138 ἐληίσαντο
1277 2076 1344 2142 τῷ
1392 2071 1613 2142 προτέρῳ
1663 2071 1764 2124 ἔτεϊ
1810 2067 1841 2136 ἢ
1878 2093 1903 2124 2

171 2155 259 2208 τὸν
303 2159 518 2225 κρητῆρα
557 2159 604 2209 οἱ
652 2156 844 2223 Σάμιοι,
894 2158 1039 2209 ἐόντα
1081 2159 1174 2222 μὲν
1218 2157 1387 2209 λίνεον
1428 2158 1508 2209 καὶ
1556 2154 1686 2228 ζῴων
1731 2158 1837 2210 ἐνυ-

172 2240 448 2308 φασμένων
495 2247 737 2314 συχνῶν,
768 2241 1140 2308 κεκοσμημένον
1188 2244 1242 2294 δὲ
1288 2246 1459 2311 χρυσῷ
1513 2241 1593 2294 καὶ
1642 2242 1839 2308 εἰρίοισι

100 2347 145 2387 25
171 2324 270 2379 ἀπὸ
298 2324 467 2391 ξύλου·
515 2331 613 2380 τῶν
644 2329 697 2380 δὲ
729 2328 892 2380 εἵνεκα
923 2325 1156 2393 θωμάσαι
1186 2325 1343 2392 ἄξιον,
1376 2327 1620 2409 ἁρπεΞ-όνη
1653 2324 1837 2391 ἑκάστη

170 2414 256 2462 τοῦ
295 2412 514 2479 θώρηκος
555 2410 728 2464 ποιέει·
780 2413 933 2464 ἐοῦσα
970 2413 1066 2479 γὰρ
1107 2411 1267 2476 λεπτὴ
1315 2411 1422 2480 ἔχει
1466 2411 1740 2479 ἁρπεδόνας
1784 2412 1840 2463 ἐν

171 2496 328 2569 ἑωυτῇ
356 2497 642 2564 τριηκοσίας
681 2497 760 2549 καὶ
797 2495 1052 2562 ἑξήκοντα,
1090 2495 1258 2549 πάσας
1296 2495 1535 2564 φανεράς.
1621 2499 1840 2549 τοιοῦτος

1878 2337 2098 2394 5

184 2655 187 2658 ·
227 2646 246 2673 1
277 2651 325 2676 τε
347 2646 429 2675 om.
449 2633 610 2675 ABC:
641 2635 736 2675 add.
764 2635 798 2674 P
921 2646 946 2673 2
975 2633 1110 2684 πλήθη
1133 2634 1173 2674 R
1284 2633 1441 2675 τούτων
1461 2632 1492 2672 S
1507 2632 1543 2671 V
1664 2645 1690 2683 3
1720 2636 1838 2676 ἐσωθ.

171 2688 212 2727 R
231 2689 271 2729 V
406 2691 557 2732 ἑωυτὸν
596 2690 637 2729 R
658 2690 688 2729 S
708 2691 747 2730 V
939 2701 964 2738 5
1010 2689 1168 2740 ἐτίμους
1210 2688 1248 2726 R
1442 2702 1470 2738 9
1512 2688 1764 2730 καταστάσει
1805 2689 1839 2728 L

173 2755 223 2783 10
243 2744 524 2794 ἑπιλεληθέναι
542 2745 582 2784 R
596 2744 627 2784 S
639 2744 678 2784 V
694 2744 804 2785 Plut.
824 2756 928 2785 mor.
945 2757 1026 2795 232
1043 2745 1070 2783 d
1088 2757 1097 2783 ε
1128 2746 1390 2793 ἐπιλελῆσθαι
1406 2744 1497 2783 rell.
1618 2756 1636 2782 1
1647 2757 1664 2782 1
1689 2745 1841 2798 ὕστερα

171 2798 202 2837 S
234 2798 342 2839 Plut.
362 2813 372 2839 ε
414 2800 574 2842 ὕστατα
605 2800 695 2840 rell.
929 2811 979 2849 13
1020 2798 1174 2840 θύλακα
1201 2798 1236 2837 C
1474 2812 1522 2847 14
1553 2798 1839 2852 περιεργάσθαι

170 2852 204 2891 C
218 2852 278 2894 P:
306 2854 605 2909 περιείργασθαι
634 2854 669 2894 Α
684 2855 719 2894 Β
738 2870 746 2895 :
785 2853 1126 2909 περιεργάσασθαι
1159 2853 1198 2892 R
1215 2853 1246 2893 S
1260 2853 1298 2891 V
1463 2857 1628 2902 βοηθεῖν
1649 2853 1682 2891 C
1699 2853 1737 2892 R
1756 2853 1787 2893 S
1800 2853 1839 2893 V

173 2909 222 2946 16
252 2909 499 2952 ἐκτείνοντες
519 2909 559 2948 Α
573 2909 608 2948 Β
622 2909 661 2948 R
678 2909 780 2949 SV:
814 2909 1047 2951 ἐκτίνοντας
1069 2908 1103 2947 C
1246 2920 1293 2957 17
1325 2910 1455 2950 αὐτῶν
1477 2908 1515 2947 R
1528 2907 1567 2946 V
1679 2915 1833 2957 Μεσην.

171 2963 209 3001 R
224 2964 262 3002 V
458 2966 506 3003 18
536 2964 717 3016 δεόμενοι
739 2965 779 3003 R
795 2964 878 3005 SV
1078 2976 1125 3015 19
1154 2963 1345 3005 τίσασθαι
1368 2963 1402 3001 L
1587 2975 1640 3012 24
1673 2968 1838 3015 συχνῶν

168 3034 204 3058 κ.
229 3017 273 3058 δὲ
294 3032 372 3058 om.
403 3020 440 3058 R
457 3019 541 3059 SV
707 3032 759 3070 25
789 3018 990 3070 θωυμάσαι
1013 3018 1045 3057 L
