2098 3320
66 61 154 110 ΙΙΙ.
185 61 251 112 88
906 61 1334 111 ΗΡΟΔΟΤΟΎ

291 192 343 242 δὲ
383 189 460 242 καὶ
497 189 586 253 τὴν
623 194 707 241 τοῦ
737 188 957 242 Ὀτάνεω
990 190 1250 259 θυγατέρα,
1282 189 1312 257 ἢ
1348 195 1434 244 τὸν
1473 189 1634 259 μάγον
1676 190 1952 257 κατάδηλον

0 282 253 364 mmo
291 275 407 326 ἐποί
439 296 515 326 σε.
604 272 834 339 δυνάμιός
863 295 917 326 τε
948 274 1109 327 πάντα
1140 278 1186 328 οἱ
1204 275 1542 342 ἐπιμπλέατο.
1631 280 1827 343 πρῶτον
1861 275 1953 341 μέν

306 380 377 411 'vv
417 360 571 410 τύπον
617 358 951 424 ποιησάμενος
994 361 1187 412 λίθινον
1227 361 1429 426 ἔστησε·
1484 361 1605 430 ζῷον
1645 359 1700 412 δέ
1744 363 1791 413 οἱ
1835 362 1952 425 ἐνῆν

290 442 413 508 ἀνὴρ
462 442 652 502 ἱππεύς,
705 441 964 510 ἐπέγραψε
1011 446 1065 496 δὲ
1112 441 1193 511 [οἱ]
1245 443 1509 511 γράμματα
1553 443 1772 511 λέγοντα
1817 443 1951 496 τάδε·

287 531 504 593 Δαρεῖος
529 527 554 576 6
577 525 897 580 Ὑστάσπεος
922 528 1015 579 σύν
1039 549 1093 580 τε
1116 533 1202 580 τοῦ
1231 530 1383 581 ἵππου
1405 530 1464 600 τῇ
1495 529 1642 600 ἀρετῇ
1669 526 1747 595 (τὸ
1769 528 1954 594 οὔνομα
1977 549 1999 591 5

289 610 474 677 λέγων)
506 611 584 661 καὶ
615 609 866 712 Οἰβάρεος
896 617 982 663 τοῦ
1014 613 1290 678 ἱπποκόμου
1322 611 1566 677 ἐκτήσατο
1596 611 1686 677 τὴν
1711 611 1954 680 Περσέων

0 680 134 741 W}
181 691 251 750 89
291 695 585 759 βασιληίην.
660 693 874 758 ποιήσας
853 699 957 749 ςδὲ
988 701 1140 748 ταῦτα
1170 699 1223 749 ἐν
1255 697 1490 769 Πέρσῃσι
1519 698 1676 765 ἀρχὰς
1713 695 1951 761 κατεστή·

292 800 420 830 σατο
466 780 639 838 εἴκοσι,
682 780 770 832 τὰς
810 779 947 832 αὐτοὶ
988 779 1224 833 καλέουσι
1265 781 1590 848 σατραπηίας·
1638 779 1955 849 καταστήσας

291 865 344 914 δὲ
385 863 472 916 τὰς
514 864 670 930 ἀρχὰς
712 863 789 914 καὶ
829 863 1076 933 ἄρχοντας
1116 864 1395 930 ἐπιστησας
1436 864 1643 930 ἐτάξατο
1683 866 1867 932 φόρους
1907 867 1954 916 οἳ

132 945 552 1020 ςυμιπροσιέναι
578 949 699 1024 κατὰ
731 947 874 1000 ἔθνεά
903 970 958 1000 τε
989 950 1068 1001 καὶ
1093 949 1213 1016 πρὸς
1192 954 1376 1003 ςτοῖσι
1405 949 1574 1001 ἔθνεσι
1597 949 1708 1004 τοὺς
1738 955 1808 1003 πλ
1845 970 1927 1001 σιο
1966 969 2098 1048 ¹02...

0 994 484 1135 Ὲϋιξᾷἢῶχώρους
528 1030 887 1097 προστάσσων,
933 1034 1013 1085 καὶ
1052 1034 1370 1100 ὑπερβαίνων
1409 1034 1521 1088 τοὺς
1566 1032 1850 1104 προσεχέας
1892 1014 2098 1137 τὰμκς,

1 1121 250 1215 &3²
293 1114 546 1190 ἑκαστέρω
578 1115 784 1168 ἄλλοισι
816 1116 949 1168 ἄλλα
979 1117 1125 1170 ἔθνεα
1155 1117 1330 1184 νέμων.
1404 1119 1561 1187 ἀρχὰς
1590 1120 1643 1170 δὲ
1675 1119 1754 1169 καὶ
1785 1109 2077 1184 φόρωνω*

0 1230 100 1262 m
124 1200 546 1267 Μψυγπρόσοδον
577 1222 666 1264 την
703 1199 926 1253 ἐπέτειον
964 1203 1086 1253 κατὰ
1121 1201 1238 1255 τάδε
1279 1207 1448 1255 διεῖλε·
1494 1207 1629 1254 τοῖσι
1667 1204 1759 1267 μὲν
1796 1201 1956 1254 αὐτῶν

0 1286 34 1311 '⁴
53 1271 242 1323 vsu—k».
293 1284 527 1352 ἀργύριον
558 1284 884 1352 ἀπαγινέουσι
911 1287 1074 1353 εἵρητο
1101 1287 1428 1352 Βαβυλώνιον
1453 1286 1677 1352 σταθμὸν
1708 1285 1955 1338 τάλαντον

293 1367 596 1436 ἀπαγινέειν,
631 1374 765 1421 τοῖσι
795 1373 848 1421 δὲ
877 1371 1087 1438 χρυσίον
1120 1370 1448 1438 ἀπαγινέουσι
1474 1370 1741 1436 Εὐβοϊκόν.
1815 1369 1872 1422 τὸ
1903 1372 1957 1421 δὲ
1983 1387 2028 1429 15

294 1453 623 1518 Βαβυλώνιον
647 1453 895 1506 τάλαντον
926 1454 1126 1507 δύναται
1152 1454 1400 1521 Εὐβοΐδας
1424 1454 1572 1521 <ὀκτὼ
1603 1452 1704 1522 καὶ)
1736 1452 1953 1520 ἐβδομή-

230 1559 255 1602 3
296 1558 443 1589 κοντα
460 1536 628 1603 μνέας.
675 1539 755 1590 ἐπὶ
775 1540 868 1605 γὰρ
891 1538 1052 1605 Κύρου
1068 1538 1309 1607 ἄρχοντος
1331 1540 1407 1591 καὶ
1431 1539 1567 1594 αῧτις
1588 1538 1876 1610 Καμβύσεω
1896 1536 1956 1602 ἣν

296 1621 598 1686 κατεστηκὸς
622 1622 764 1674 οὐδὲν
785 1623 943 1689 φόρου
962 1621 1088 1690 πέρι,
1110 1625 1244 1675 ἀλλὰ
1265 1628 1394 1690 δῶρα
1413 1625 1630 1690 ἀγίνεον·
1661 1624 1741 1674 διὰ
1763 1624 1816 1674 δὲ
1839 1621 1952 1674 ταύ-

294 1726 385 1770 την
399 1705 488 1770 τὴν
504 1703 727 1769 ἐπίταξιν
742 1711 827 1758 τοῦ
842 1707 1002 1774 φόρου
1021 1707 1099 1759 καὶ
1119 1706 1445 1774 παραπλήσια
1463 1707 1614 1779 ταύτῃ
1628 1706 1763 1759 ἄλλα
1778 1705 1953 1773 λέγου-

297 1812 351 1842 σι
374 1789 572 1857 Πέρσαι
597 1790 661 1845 ὡς
686 1795 897 1858 Δαρεῖος
926 1794 1017 1856 μὲν
1041 1791 1100 1857 ἧν
1126 1792 1362 1857 κάπηλος,
1393 1792 1671 1858 Καμβύσης
1694 1794 1748 1843 δὲ
1771 1790 1953 1842 δεσπό-
1982 1808 2033 1838 20

295 1896 395 1939 της,
432 1878 590 1942 Κῦρος
625 1873 680 1927 ὃέ
716 1874 892 1942 πατήρ,
927 1877 953 1927 6
983 1878 1074 1942 μὲν
1112 1878 1189 1928 ὅτι
1228 1875 1502 1941 ἐκαπήλευε
1538 1874 1701 1929 πάντα
1734 1877 1797 1926 τὰ
1831 1872 1953 1941 πρή-

294 1980 476 2025 γματα,
504 1959 530 2010 6
560 1962 614 2011 δὲ
643 1960 719 2011 ὅτι
743 1961 970 2028 χαλεπός
1000 1981 1054 2013 τε
1085 1960 1145 2026 ἦν
1173 1961 1250 2012 καὶ
1281 1961 1538 2028 ὀλίγωρος,
1567 1961 1592 2011 6
1623 1962 1676 2012 δὲ
1707 1960 1781 2011 ὅτι
1811 1958 1956 2023 ἤπιός

184 2062 257 2110 90
294 2064 350 2095 τε
382 2043 460 2094 καὶ
485 2041 648 2110 ἀγαθά
681 2051 778 2111 σφι
809 2042 971 2096 πάντα
1001 2043 1370 2113 ἐμηχανήσατο.
1457 2044 1554 2096 ἀπὸ
1576 2046 1668 2109 μὲν
1691 2035 1756 2107 δὴ,
1772 2042 1954 2094 Ἰώνων

297 2127 377 2179 καὶ
403 2126 686 2195 Μαγνήτων
716 2133 815 2180 τῶν
847 2130 901 2180 ἐν
931 2129 988 2200 τῇ
1020 2128 1275 2201 Ἀσίῃ-καὶ
1302 2127 1525 2181 Αἰολέων
1557 2129 1636 2180 καὶ
1668 2131 1846 2194 Καρῶν
1878 2126 1957 2178 καὶ

294 2212 488 2264 Λυκίων
531 2213 607 2264 καὶ
640 2211 878 2264 Μιλυέων
922 2214 1000 2265 καὶ
1039 2214 1336 2280 Παμφύλων
1365 2211 1454 2277 (εἷς
1494 2215 1588 2281 γὰρ
1629 2210 1690 2276 ἧν
1729 2213 1775 2263 οἱ
1814 2231 1952 2262 τετα-
1982 2228 2030 2270 25

354 2362 370 2388 1
398 2348 576 2391 Ὀτάνεω
601 2349 656 2389 P:
690 2348 881 2392 Ὀτοίνεος
902 2349 991 2389 rell.
1119 2363 1143 2389 2
1172 2368 1219 2391 τε
1240 2353 1275 2392 οἵ
1295 2350 1426 2392 πάντα
1446 2351 1486 2390 R
1500 2350 1529 2389 S
1549 2363 1558 2388 :
1587 2352 1623 2391 οἱ
1641 2355 1741 2390 ante
1760 2346 1809 2390 τέ
1827 2346 1958 2390 πάντα

294 2416 425 2454 supra
447 2417 617 2442 versum
637 2405 677 2442 V
788 2407 924 2446 ἐπιπλ.
951 2404 990 2442 Α
1006 2405 1038 2443 Β
1055 2405 1088 2443 C
1129 2426 1134 2429 ·
1252 2418 1278 2455 3
1308 2407 1422 2447 λίθον
1441 2405 1480 2443 Α
1495 2405 1529 2443 Β
1546 2405 1579 2443 C
1757 2416 1782 2453 4
1813 2405 1851 2445 οἱ
1869 2415 1951 2442 om.

295 2459 337 2497 A
354 2459 386 2496 Β
401 2459 433 2497 C
449 2459 504 2498 P:
536 2459 575 2497 in
599 2459 683 2498 fine
704 2473 743 2498 v.
767 2472 892 2507 supra
915 2460 1010 2500 add.
1030 2460 1068 2498 V
1231 2472 1256 2510 5
1286 2460 1355 2511 τὸ]
1378 2462 1451 2500 τοῦ
1473 2459 1563 2498 RV
1726 2472 1753 2508 9
1781 2459 1852 2499 τὰς
1869 2470 1950 2496 om.

297 2512 338 2551 R
354 2512 435 2551 SV
542 2516 578 2554 οἱ
597 2513 741 2567 φόρους
763 2514 802 2552 R
818 2514 846 2552 S
861 2514 898 2551 V
1080 2526 1129 2553 10
1157 2514 1286 2565 τοῖσι]
1307 2514 1488 2555 τούτοισι
1511 2514 1544 2552 C
1715 2526 1759 2552 11
1791 2513 1844 2553 τὰ
1864 2513 1955 2552 ἔκα-

295 2567 398 2616 τέρω
421 2567 523 2617 (εἰελ
546 2575 643 2617 post
668 2569 778 2609 ἄλλα
800 2569 839 2606 R
855 2569 884 2607 S
902 2569 940 2607 V
1054 2582 1102 2608 12
1133 2569 1175 2611 δὲ
1195 2582 1275 2609 om.
1301 2569 1341 2607 R
1357 2569 1439 2608 SV
1554 2581 1601 2617 13
1633 2565 1799 2609 ἐπέτεον
1820 2567 1860 2605 R
1875 2566 1956 2606 SV

295 2622 413 2673 τάδε]
438 2622 482 2663 δὲ
505 2622 543 2660 R
558 2623 587 2661 S
602 2623 639 2661 V
751 2635 799 2671 14
829 2623 1023 2677 ἀργύρεον
1044 2624 1077 2662 C
1163 2629 1294 2677 εἴρητο
1317 2624 1421 2673 (-ετο
1445 2624 1483 2662 R
1499 2623 1528 2662 S
1543 2624 1623 2676 V).
1645 2652 1653 2662 .
1671 2653 1679 2662 .
1694 2620 1976 2675 ἀπαγινέουσι·

295 2690 375 2715 om.
400 2677 434 2714 C
619 2689 665 2727 15
696 2677 864 2731 χρυσίου
884 2677 924 2715 Α
939 2678 973 2716 Β
1086 2678 1304 2727 Εὐβοεικόν
1327 2679 1359 2717 C
1375 2679 1424 2717 Ρ3
1611 2680 1660 2716 16
1689 2679 1828 2727 ἑβδομ.
1851 2677 1950 2723 1331ss-

238 2780 243 2785 η
297 2730 436 2770 RS'V
601 2731 707 2772 ὀκτὼ
736 2733 800 2773 καὶ
830 2733 923 2772 add.
959 2733 1066 2772 Reiz
1288 2745 1335 2782 17
1373 2733 1410 2773 κ’
1441 2733 1551 2773 αὖτις
1573 2732 1640 2770 R:
1674 2730 1712 2772 τ’
1733 2730 1844 2772 αὖτις
1875 2729 1955 2769 SV

299 2787 350 2823 18
370 2787 631 2834 κατεστηκὼς
654 2786 692 2824 R
707 2787 745 2825 V
762 2802 769 2826 :
791 2789 1019 2828 κατεστεὼς
1037 2787 1067 2826 S
1183 2801 1232 2838 19
1250 2791 1322 2828 τοῦ
1343 2801 1425 2827 om.
1450 2787 1490 2825 R
1506 2788 1535 2826 S
1549 2786 1587 2824 V
1697 2786 1807 2827 ἄλλα
1825 2783 1953 2832 ταύτῃ

298 2838 433 2879 RSV
652 2854 700 2879 21
732 2842 785 2882 τὰ
813 2841 944 2883 πάντα
976 2842 1090 2880 RV:
1130 2842 1262 2884 πάντα
1292 2843 1321 2879 S
1541 2854 1594 2879 22
1633 2858 1678 2881 τε
1707 2840 1773 2879 bis
1801 2851 1882 2877 om.
1919 2837 1954 2876 Ε

297 2906 350 3002 23j
380 2893 530 2987 πεξέτα]
553 2897 603 2936 τὰ
623 2895 710 2934 ΑΒ
733 2896 765 2934 C
923 2896 975 2945 24
1006 2901 1086 2938 τῶν
1107 2910 1190 2936 om.
1216 2897 1255 2935 R
1270 2897 1308 2934 V
1472 2909 1523 2946 25
1555 2894 1750 2944 Μηλυέων
1771 2892 1905 2931 ABC
1921 2891 1955 2930 Ρ

296 2966 329 2989 Ol
377 2967 395 2988 0
