2098 3320
47 168 187 232 Ln9

114 1999 205 2034 120

872 169 1301 220 ΗΡΟΔΟΤΟΎ

250 319 341 364 μεν
381 298 596 363 ὤπτησε,
652 301 713 352 τὰ
765 302 817 351 δὲ
846 299 1022 367 ἥψησε
1068 304 1167 352 τῶν
1217 304 1385 368 κρεῶν,
1440 300 1615 366 εὔτυκα
1662 303 1717 354 δὲ
1773 323 1916 369 ποιη-
1936 316 2094 392 ma*

253 382 467 448 σάμενος
518 382 626 452 εἶχε
674 380 903 451 [ἕτοιμα].
951 385 1117 437 ἐπείτε
1154 387 1207 436 δὲ
1246 387 1334 449 τῆς
1375 385 1502 452 ὥρης
1541 385 1802 452 γινομένης
1831 392 1918 439 τοῦ

252 467 450 520 δείπνου
491 471 723 534 παρῆσαν
773 470 824 520 οἵ
869 489 922 520 τε
961 468 1108 520 ἄλλοι
1151 469 1436 535 δαιτυμόνες
1478 469 1557 521 καὶ
1588 470 1614 520 6
1640 467 1915 538 ”Αρπαγος,

251 556 386 604 τοῖσι
415 554 507 618 μὲν
534 552 741 605 ἄλλοισι
779 553 857 605 καὶ
891 553 1020 623 αὐτῷ
1041 552 1314 621 Ἀστυάγεϊ
1337 553 1662 621 παρετιθέατο
1684 554 1918 622 τράπεζαι

252 637 485 690 ἐπίπλεαι
514 636 715 702 μηλέων
751 642 919 704 κρεῶν,
957 635 1192 708 Ἀρπάγῳ
1224 640 1276 690 δὲ
1306 642 1392 690 τοῦ
1422 641 1595 692 παιδὸς
1613 642 1699 690 τοῦ
1718 641 1916 704 ἑωυτοῦ,
1944 664 1966 705 5

249 720 383 786 πλὴν
420 724 647 789 κεφαλῆς
684 744 740 774 τε
782 722 859 774 καὶ
903 721 1067 789 ἄκρων
1105 727 1289 791 χειρῶν
1324 743 1378 775 τε
1418 722 1497 774 καὶ
1533 726 1715 788 ποδῶν,
1754 724 1920 777 τᾶλλα

250 803 427 857 πάντα·
476 810 628 858 ταῦτα
659 809 712 859 δὲ
746 807 899 875 χωρὶς
933 807 1094 860 ἔκειτο
1124 807 1205 859 ἐπὶ
1237 806 1393 876 κανέῳ
1433 807 1917 874 κατακεκαλυμμένα.

250 888 314 944 ὡς
345 892 396 941 δὲ
429 896 494 960 τῷ
525 889 761 961 Ἅρπάγῳ
797 891 963 943 ἐδόκεε
999 890 1111 944 ἅλις
1141 890 1278 960 ἔχειν
1314 894 1401 956 τῆς
1431 895 1603 958 βορῆς,
1638 890 1920 962 Ἀστυάγης

249 974 407 1040 εἴρετό
435 995 518 1039 μιν
553 976 595 1026 εἰ
624 974 802 1039 ἡσθείη
830 997 878 1027 τι
908 975 967 1046 τῇ
1003 976 1159 1047 θοίνῃ.
1211 974 1435 1042 φαμένου
1463 978 1516 1028 δὲ
1545 974 1798 1043 Ἀρπάγου
1839 977 1919 1029 καὶ

249 1056 403 1125 κάρτα
426 1058 643 1123 ἡσθῆναι
669 1058 958 1127 παρέφερον
986 1064 1120 1111 τοῖσι
1145 1058 1438 1126 προσέκειτο
1461 1059 1552 1124 τὴν
1584 1059 1809 1128 κεφαλὴν
1832 1066 1919 1113 τοῦ
1950 1084 1995 1112 ιο

250 1146 422 1196 παιδὸς
473 1142 977 1209 κατακεκαλυμμένην
1019 1143 1098 1195 καὶ
1139 1145 1227 1197 τὰς
1263 1148 1434 1213 χεῖρας
1470 1143 1549 1196 καὶ
1589 1144 1704 1199 τοὺς
1744 1145 1915 1204 πόδας,
2012 1146 2017 1151 ’

239 1225 502 1294 “Αρπαγον
544 1225 597 1279 δὲ
640 1227 870 1280 ἐκέλευον
929 1226 1277 1294 προσστάντες
1328 1228 1696 1281 ἀποκαλύπτειν
1737 1251 1791 1282 τε
1840 1230 1918 1282 καὶ

245 1315 429 1376 λαβεῖν
460 1316 516 1362 τὸ
541 1312 782 1376 βούλεται
814 1312 993 1364 αὐτῶν.
1072 1313 1366 1378 πειθόμενος
1402 1315 1456 1365 δὲ
1492 1313 1518 1363 6
1540 1311 1798 1381 “Αρπαγος
1838 1315 1918 1366 καὶ

247 1395 613 1455 ἀποκαλύπτων
666 1397 754 1467 ὁρᾷ
802 1401 887 1448 τοῦ
935 1395 1110 1450 παιδὸς
1151 1398 1211 1448 τὰ
1249 1397 1516 1463 λείμματα·
1563 1398 1680 1450 ἰδὼν
1716 1400 1768 1449 δὲ
1805 1397 1918 1450 οὔτε

227 1477 497 1547 ,ἐξεπλάγη
555 1481 694 1535 ἐντός
755 1503 809 1532 τε
860 1483 1044 1541 ἑωυτοῦ
1095 1481 1301 1548 γίνεται.
1394 1482 1550 1548 εἴρετο
1598 1484 1650 1534 δὲ
1696 1480 1844 1534 αὐτὸν
1891 1483 1992 1544 615

244 1562 526 1631 Ἀστυάγης
558 1566 600 1617 εἰ
637 1565 879 1632 γινώσκοι
909 1565 1022 1616 ὅτευ
1075 1566 1242 1632 θηρίου
1284 1563 1403 1632 κρέα
1442 1565 1714 1632 βεβρώκοι.
1802 1567 1829 1616 6
1865 1569 1918 1619 δὲ

246 1648 324 1700 καὶ
354 1649 621 1716 γινώσκειν
666 1648 762 1716 ἔφη
805 1650 883 1701 καὶ
923 1648 1135 1715 ἀρεστὸν
1180 1650 1306 1702 εἶναι
1352 1652 1451 1702 πᾶν
1475 1653 1529 1701 τὸ
1570 1648 1632 1702 ἂν
1669 1650 1918 1716 βασιλεὺς

243 1732 376 1804 ἔρδῃ.
465 1733 706 1785 τούτοισι“
734 1736 788 1786 δὲ
840 1732 1180 1800 ἀμειψάμενος
1226 1734 1305 1786 καὶ
1353 1734 1625 1800 ἀναλαβὼν
1664 1736 1726 1786 τὰ
1763 1737 1918 1787 λοιπὰ

243 1821 341 1868 τῶν
379 1822 533 1884 κρεῶν
573 1816 651 1883 ἤιε
692 1819 743 1872 ἐς
781 1819 843 1870 τὰ
890 1819 1035 1870 οἰκία.
1127 1820 1354 1871 ἐνθεῦτεν
1390 1820 1442 1871 δὲ
1483 1817 1682 1885 ἔμελλε,
1717 1818 1782 1874 ὡς
1818 1820 1918 1888 ἐγὼ

244 1900 414 1960 δοκέω,
442 1903 624 1956 ἁλίσας
655 1901 839 1969 θάψειν
869 1904 931 1954 τὰ
966 1901 1144 1954 πάντα.
1529 1903 1536 1910 ”
1885 1935 1891 1942 ’
1945 1923 1996 1952 20

327 1984 562 2056 Ἃρπάγῳ
595 1988 686 2048 μὲν
715 1985 999 2053 Ἀστυάγης
1030 1987 1169 2051 δίκην
1202 1986 1383 2052 ταύτην
1414 1985 1637 2052 ἐπέθηκε,
1671 1987 1834 2054 Κύρου
1864 1990 1918 2041 δὲ

245 2068 355 2135 πέρι
386 2070 646 2135 βουλεύων
671 2069 846 2124 ἐκάλεε
870 2070 983 2124 τοὺς
1015 2070 1192 2124 αὐτοὺς
1215 2076 1313 2123 τῶν
1346 2070 1519 2138 μάγων
1542 2071 1588 2123 οἳ
1609 2070 1666 2123 τὸ
1689 2072 1918 2125 ἐνύπνιόν

244 2156 290 2205 οἱ
326 2154 477 2226 ταύτῃ
516 2155 727 2222 ἔκριναν.
818 2153 1145 2220 ἀπικομένους
1189 2158 1242 2207 δὲ
1279 2157 1436 2222 εἴρετο
1475 2156 1502 2206 6
1540 2154 1823 2222 Ἀστυάγης
1857 2156 1917 2228 τῇ

245 2236 439 2304 ἔκρινάν
470 2241 516 2291 οἱ
546 2238 636 2303 τὴν
667 2241 806 2307 ὄψιν.
896 2241 942 2291 οἱ
973 2241 1026 2291 δὲ
1058 2241 1179 2290 κατὰ
1212 2239 1364 2290 ταύτὰ
1394 2238 1553 2298 εἶπαν,
1587 2239 1828 2306 λέγοντες
1854 2240 1920 2294 ὣς

177 2342 186 2351 ’
245 2326 554 2386 βασιλεῦσαι
598 2326 726 2391 χρῆν
771 2322 858 2375 τὸν
903 2326 1068 2382 παῖδα,
1111 2325 1154 2375 εἰ
1204 2321 1426 2386 ἐπέζωσε
1470 2323 1549 2375 καὶ
1591 2323 1658 2389 μὴ
1702 2322 1919 2376 ἀπέθανε
1946 2341 1994 2382 25

245 2406 502 2472 πρότερον.
591 2407 617 2457 6
649 2410 702 2460 δὲ
732 2407 992 2473 ἀμείβεται
1029 2406 1203 2460 αὐτοὺς
1236 2408 1440 2459 τοισίδε·
1479 2405 1633 2459 Ἔστι
1662 2429 1716 2460 τε
1747 2409 1774 2458 6
1805 2413 1919 2461 παῖς

248 2489 327 2542 καὶ
358 2491 597 2557 περίεστι,
628 2491 710 2543 καί
734 2512 817 2557 μιν
847 2490 923 2543 ἐπ’
947 2492 1099 2558 ἀγροῦ
1130 2490 1452 2555 διαιτώμενον
1476 2492 1523 2543 οἱ
1554 2492 1609 2542 ἐκ
1638 2494 1726 2556 τῆς
1757 2492 1920 2557 κώμης

247 2577 421 2628 παῖδες
452 2573 733 2640 ἐστήσαντο
766 2573 1005 2641 βασιλέα.
1088 2575 1114 2625 6
1145 2577 1197 2627 δὲ
1227 2573 1389 2628 πάντα
1417 2575 1516 2626 ὅσα
1546 2577 1638 2642 περ
1668 2578 1714 2628 οἱ
1745 2575 1920 2641 ἀληθέϊ

313 2725 331 2751 1
366 2712 492 2765 έψησε
515 2714 548 2753 C
565 2714 599 2754 Ρ
616 2714 655 2752 R
672 2714 702 2754 S
714 2713 753 2752 V
837 2716 1011 2755 εὔτυκτα
1033 2712 1073 2751 R
1089 2713 1118 2752 S
1133 2713 1171 2751 V
1292 2725 1317 2751 2
1348 2711 1489 2764 ἕτοιμα
1509 2725 1589 2752 om.
1614 2712 1646 2753 S
1660 2713 1698 2752 V
1780 2713 1920 2756 ἔπειτα

257 2767 297 2806 R
313 2767 395 2807 SV
560 2781 585 2819 5
620 2769 808 2810 ἐπίπλεαι
827 2781 908 2808 om.
935 2768 965 2807 S
1075 2766 1239 2818 μηλέων
1261 2767 1471 2806 Bredow:
1500 2768 1679 2818 μηλείων
1701 2768 1735 2807 L
1844 2773 1919 2810 τοῦ

257 2824 406 2864 ἑωυτοῦ
436 2824 576 2865 παιδὸς
608 2823 747 2862 RSV
922 2825 950 2862 6
978 2825 1052 2870 τῆς
1082 2825 1262 2875 κεφαλῆς
1295 2821 1330 2860 Β
1347 2821 1387 2860 R
1403 2820 1486 2861 SV
1648 2836 1675 2873 9
1703 2825 1776 2864 τοῦ
1802 2824 1860 2864 Ἃ.
1882 2823 1917 2862 C

261 2889 310 2916 12
366 2877 649 2930 προσστάντες
690 2877 1103 2928 Schweighaeuser:
1161 2893 1303 2928 προστ.
1331 2876 1365 2915 L
1607 2889 1656 2926 15
1704 2877 1774 2929 τε]
1814 2876 1850 2918 δ’
1882 2877 1917 2916 C

262 2932 311 2969 18
340 2931 474 2984 ἀμοιψ.
500 2931 540 2970 R
675 2945 727 2972 22
758 2933 931 2974 ἐκάλεσε
953 2931 1006 2971 B1
1025 2947 1035 2972 τ
1065 2929 1228 2973 ἐκέλευε
1249 2929 1290 2968 R
1305 2930 1335 2970 S
1348 2930 1387 2969 V
1524 2943 1576 2980 23
1607 2932 1765 2985 ἔκριναν
1779 2961 1789 2972 .
1809 2961 1820 2971 .
1839 2962 1849 2971 .
1865 2934 1918 2986 τῇ

259 2985 322 3035 (τί
342 2985 440 3035 SV)
463 2998 547 3026 om.
569 2986 609 3024 R
729 3000 782 3038 24
811 2989 940 3030 ταῦτα
961 2987 996 3026 Β
1014 2986 1054 3026 R
1177 2999 1229 3037 25
1261 2983 1434 3039 ἐπέζησε
1453 2984 1488 3025 C
1503 2984 1537 3024 P
1645 2987 1700 3027 26
1726 2985 1920 3039 ἀμείβετο

259 3039 295 3080 C
311 3038 351 3079 R
366 3038 396 3080 S
409 3039 449 3080 V
558 3044 697 3085 τοῖσδε
723 3041 757 3082 L
