2098 3320
48 116 108 161 ΙΙ.
138 116 207 161 68

141 242 208 290 68

187 1025 211 1067 (Α.)

877 108 1329 160 ΗΡΟΔΟΤΟΎΔ

330 246 444 294 Τῶν
474 246 528 294 δὲ
560 242 886 310 κροκοδείλων
910 242 1063 310 φύσις
1087 242 1197 294 ἐστὶ
1224 240 1405 308 τοιήδε·
1451 242 1564 297 τοὺς
1587 240 1907 311 χειμεριωτά·

246 347 358 380 τους
376 329 534 392 μῆνας
558 325 804 394 τέσσερας
829 327 986 379 ἐσθίει
1010 326 1170 394 οὐδέν,
1193 327 1276 379 ἐὸν
1303 330 1355 378 δὲ
1378 326 1650 395 τετράπουν
1671 330 1912 397 χερσαῖον

248 411 328 463 καὶ
358 411 590 477 λιμναῖόν
621 405 747 463 ἐστὶ·
795 412 949 463 τίκτει
976 413 1068 477 μὲν
1098 412 1195 478 γὰρ
1217 410 1284 481 ᾠὰ
1319 413 1372 464 ἐν
1395 411 1458 484 γῇ
1492 412 1571 463 καὶ
1602 411 1801 478 ἐκλέπει
1833 415 1912 466 καὶ

245 496 304 548 τὸ
337 494 532 548 πολλὸν
561 498 647 560 τῆς
677 494 862 562 ἡμέρης
898 496 1146 563 διατρίβει
1178 497 1231 547 ἐν
1262 501 1329 566 τῷ
1365 492 1512 565 ξηρῷ,
1545 495 1636 560 τὴν
1672 499 1725 548 δὲ
1762 496 1913 550 νύκτα

245 584 416 632 πᾶσαν
448 581 502 631 ἐν
532 584 597 649 τῷ
630 584 850 650 ποταμῷ·
897 580 1196 647 θερμότερον
1224 581 1321 647 γὰρ
1355 578 1413 644 δή
1448 581 1558 632 ἐστι
1587 579 1643 631 τὸ
1672 581 1801 649 ὕδωρ
1824 584 1912 647 τῆς
1936 606 1958 646 5

245 685 301 716 τε
344 666 536 731 αἰθρίης
581 663 658 715 καὶ
699 666 786 729 τῆς
825 663 1022 730 δρόσου.
1113 661 1313 716 πάντων
1355 666 1409 716 δὲ
1450 668 1549 716 τῶν
1589 664 1730 730 ἡμεῖς
1774 666 1913 731 ἴδμεν

246 751 439 813 θνητῶν
473 753 617 799 τοῦτο
659 746 718 812 ἐξ
754 749 1027 816 ἐλαχίστου
1063 747 1303 816 μέγιστον
1344 749 1549 815 γίνεται·
1594 750 1655 800 τὰ
1689 752 1780 815 μὲν
1817 751 1912 818 γὰρ

246 833 316 904 ᾠὰ
335 832 529 901 χηνέων
553 833 609 884 οὐ
633 836 806 902 πολλῷ
825 829 1007 898 μέζονα
1030 833 1199 891 τίκτει,
1227 833 1306 884 καὶ
1322 833 1357 902 ῥ
1377 832 1592 886 νεοσσὸς
1611 835 1734 885 κατὰ
1756 834 1913 901 λόγον

247 922 334 968 τοῦ
363 917 453 987 ᾠοῦ
482 918 686 984 γίνεται,
721 914 1052 983 αὐξανόμενος
1084 918 1138 968 δὲ
1167 917 1356 984 γίνεται
1394 918 1473 969 καὶ
1505 919 1555 971 ἐς
1586 918 1914 970 ἑπτακαίδεκα

248 1001 440 1069 πήχεας
471 1001 548 1052 καὶ
578 1000 739 1066 μέζων
765 1001 853 1053 ἔτι.
942 1004 1048 1070 ἔχει
1070 1003 1122 1053 δὲ
1146 1001 1437 1068 ὀφθαλμοὺς
1464 1003 1556 1067 μὲν
1579 1002 1679 1060 ὑός,
1706 1003 1913 1056 ὀδόντας
1941 1024 1988 1052 10

248 1089 301 1138 δὲ
335 1084 584 1153 μεγάλους
628 1085 706 1137 καὶ
746 1085 1108 1154 χαυλιόδοντας
1145 1081 1287 1150 [κατὰ
1323 1085 1480 1151 λόγον
1521 1090 1608 1137 τοῦ
1642 1083 1907 1152 σώματος].

247 1175 495 1237 γλῶσσαν
536 1172 590 1221 δὲ
629 1173 814 1235 μοῦνον
859 1170 1042 1236 θηρίων
1084 1169 1170 1220 οὐκ
1215 1170 1390 1236 ἔφυσε.
1481 1170 1593 1221 οὐδὲ
1636 1170 1783 1222 κινέει
1820 1170 1913 1235 τὴν

247 1254 378 1306 κάτω
402 1253 604 1322 γνάθον,
632 1255 767 1306 ἀλλὰ
799 1255 878 1306 καὶ
903 1259 1048 1305 τοῦτο
1070 1258 1252 1319 μοῦνον
1277 1255 1459 1320 θηρίων
1482 1254 1573 1319 τὴν
1600 1254 1701 1307 ἄνω
1726 1253 1912 1322 γνάθον

247 1338 493 1406 προσάγει
523 1339 581 1410 τῇ
607 1336 754 1390 κάτω.
842 1337 949 1406 ἔχει
972 1340 1025 1390 δὲ
1050 1338 1129 1390 καὶ
1152 1340 1336 1406 ὄνυχας
1362 1337 1621 1405 καρτεροὺς
1646 1339 1726 1391 καὶ
1759 1337 1913 1406 δέρμα

246 1427 523 1496 λεπιδωτὸν
558 1421 802 1490 ἄρρηκτον
838 1424 919 1475 ἐπὶ
954 1427 1042 1474 τοῦ
1078 1422 1252 1474 νώτου.
1340 1422 1535 1490 τυφλὸν
1570 1426 1623 1475 δὲ
1661 1424 1715 1475 ἐν
1752 1424 1908 1482 ὕδατι,
1939 1444 1984 1483 15

240 1510 301 1566 ,ἐν
324 1510 378 1559 δὲ
401 1508 461 1579 τῇ
485 1508 648 1579 αἰθρίῃ
672 1506 1107 1573 ὀξυδερκέστατον.
1188 1505 1275 1559 ἅτε
1297 1506 1354 1571 δὴ
1380 1503 1447 1558 ὧν
1472 1509 1523 1558 ἐν
1552 1507 1691 1559 ὕδατι
1717 1508 1910 1560 δίαιταν

247 1591 557 1657 ποιεύμενον,
583 1591 641 1643 τὸ
666 1591 829 1657 στόμα
858 1590 1057 1643 ἔνδοθεν
1090 1589 1262 1658 φορέει
1285 1594 1384 1643 πᾶν
1413 1589 1602 1656 μεστὸν
1626 1586 2097 1671 βδελλέωνᾹοοω,

246 1679 307 1729 τὰ
337 1678 429 1742 μὲν
451 1675 510 1741 δὴ
542 1675 677 1727 ἄλλα
706 1677 853 1743 ὄρνεα
892 1677 971 1728 καὶ
1009 1676 1152 1742 θηρία
1188 1674 1366 1743 φεύγει
1399 1695 1500 1740 μιν,
1534 1675 1561 1726 ὁ
1594 1678 1647 1728 δὲ
1676 1677 2098 1756 τροχίλοςψῑηως1

248 1761 497 1828 εἰρηναῖόν
531 1761 583 1812 οἵ
615 1762 739 1819 ἐστι,
766 1758 853 1812 ἅτε
890 1758 1222 1830 ὠφελεομένῳ
1261 1758 1381 1827 πρὸς
1417 1760 1581 1812 αὐτοῦ·
1629 1762 1778 1813 ἐπεὰν
1815 1762 1911 1828 γὰρ

247 1847 299 1899 ἐς
333 1845 425 1910 τὴν
465 1847 561 1912 γῆν
597 1845 723 1916 ἐκβῇ
758 1846 813 1896 ἐκ
856 1848 941 1895 τοῦ
983 1845 1159 1898 ὕδατος
1195 1844 1221 1894 6
1259 1843 1571 1911 κροκόδειλος
1616 1845 1694 1896 καὶ
1740 1843 1912 1897 ἔπειτα
1941 1863 1987 1891 20

247 1928 379 2002 χάνῃ
399 1927 544 1997 (ἔωθε
565 1931 660 1997 γὰρ
684 1933 828 1981 τοῦτο
849 1928 914 1982 ὡς
934 1928 990 1981 τὸ
1009 1930 1190 1981 ἐπίπαν
1210 1927 1397 1981 ποιέειν
1416 1928 1538 1996 πρὸς
1556 1932 1642 1980 τὸν
1665 1925 1908 1996 ζέφυρον),
1938 1971 1953 1982 .

248 2017 460 2067 ἐνθαῦτα
496 2014 522 2064 6
553 2015 788 2081 τροχίλος
826 2012 1047 2066 ἐσδύνων
1077 2014 1129 2066 ἐς
1165 2012 1220 2064 τὸ
1262 2013 1424 2078 στόμα
1464 2013 1613 2064 αὐτοῦ
1657 2014 1913 2065 καταπίνει

250 2101 337 2152 τὰς
359 2098 602 2164 βδέλλας·
649 2098 675 2147 6
698 2100 751 2150 δὲ
775 2097 1122 2165 ὠφελεύμενος
1146 2097 1316 2162 ἥδεται
1339 2096 1419 2149 καὶ
1442 2097 1583 2149 οὐδὲν
1611 2099 1803 2150 σίνεται
1825 2097 1912 2149 τὸν

251 2184 506 2251 τροχίλον.
580 2187 714 2234 τοῖσι
743 2183 835 2247 μὲν
865 2181 923 2246 δὴ
955 2186 1054 2234 τῶν
1086 2182 1370 2249 Αἰγυπτίων
1401 2182 1501 2249 ἱροί
1531 2182 1707 2233 εἰσι·οῑ
1739 2181 1907 2248 κροκό-

251 2270 424 2326 δειλοι,
457 2271 591 2318 τοῖσι
627 2269 681 2318 δὲ
717 2266 788 2325 οὔ,
822 2265 939 2318 ἀλλ’
970 2264 1058 2318 ἅτε
1094 2267 1362 2331 πολεμίους
1399 2263 1709 2333 περιέπουσι.
1783 2268 1829 2318 οἱ
1860 2267 1913 2318 δὲ
1939 2283 1986 2323 25

250 2353 365 2418 περί
391 2372 445 2403 τε
477 2349 660 2416 Θήβας
691 2351 769 2402 καὶ
799 2349 890 2415 τὴν
922 2351 1131 2417 Μοίριος
1160 2351 1343 2415 λίμνην
1374 2347 1620 2403 οἰκέοντες
1650 2350 1730 2402 καὶ
1761 2348 1914 2417 κάρτα

256 2435 466 2502 ἥγηνται
506 2434 680 2487 αὐτοὺς
723 2433 848 2486 εἰναι
891 2435 1037 2501 ἱρούς.
1121 2435 1174 2485 ἐκ
1215 2432 1415 2487 πάντων
1460 2436 1514 2486 δὲ
1559 2434 1647 2486 ἕνα
1691 2433 1914 2502 ἑκάτεροι

250 2515 496 2586 τρέφουσι
533 2519 859 2585 κροκόδειλον,
900 2515 1252 2586 δεδιδαγμένον
1290 2517 1415 2570 εἶναι
1450 2516 1728 2586 χειροήθεα,
1764 2516 2098 2594 ἄιρτῄ,-ῥ(..ᾼ«.ι

311 2670 329 2697 1
361 2658 387 2708 ἡ
418 2657 537 2709 φύσις
568 2656 774 2697 Schaefer
993 2671 1018 2696 2
1047 2656 1250 2711 τέσσαρας
1278 2656 1461 2696 CRSV
1678 2667 1704 2705 3
1734 2656 1811 2697 ὠεὰ
1831 2654 1935 2699 ΡὯῙγ

254 2716 426 2755 ἐκλεπεῖ
444 2712 483 2751 R
500 2712 538 2752 V
722 2713 750 2750 6
777 2729 824 2752 τε
845 2724 925 2751 om.
950 2711 991 2750 A
1004 2711 1039 2750 B
1057 2711 1091 2750 C
1201 2715 1320 2762 ἴσμεν
1341 2711 1381 2750 R
1399 2710 1429 2749 S
1445 2710 1484 2749 V
1663 2723 1686 2760 7
1715 2709 1914 2763 μέγιστον

252 2780 334 2806 om.
361 2767 391 2806 S
405 2767 443 2806 V
550 2767 662 2819 γίγν.
690 2766 723 2805 Ρ
737 2766 776 2805 R
790 2767 828 2805 V
851 2767 913 2816 (it.
937 2779 964 2816 9
984 2766 1070 2816 bis)
1182 2767 1209 2805 8
1236 2764 1341 2816 μέζω
1362 2765 1395 2803 Ρ
1410 2765 1449 2804 R
1465 2763 1547 2805 SV
1661 2777 1706 2804 11
1738 2765 1844 2806 κατὰ
1862 2794 1872 2804 .
1898 2793 1911 2805 .

254 2824 438 2873 σώματος
458 2820 625 2861 seclusa
645 2821 729 2860 del.
753 2821 967 2871 Gomperz
1136 2833 1184 2859 12
1214 2820 1349 2874 θηρίον
1369 2819 1409 2858 R
1429 2832 1439 2858 ε
1467 2832 1550 2859 om.
1572 2819 1606 2858 -S
1619 2818 1657 2858 V
1767 2819 1914 2860 κινέειν

253 2876 287 2915 C
309 2890 318 2915 ε
347 2879 453 2917 κινεῖ
470 2876 503 2914 Ρ
521 2889 530 2914 :
561 2879 667 2917 κινεῖ
684 2881 782 2926 post
804 2874 912 2916 κάτω
933 2875 971 2914 R
989 2875 1019 2914 S
1033 2875 1072 2913 V
1241 2886 1289 2924 13
1320 2874 1453 2928 θηρίον
1474 2874 1505 2913 S
1520 2873 1557 2912 V
1712 2885 1766 2912 20
1795 2875 1851 2914 εἷς
1872 2873 1912 2911 R

254 2943 304 2968 21
339 2932 457 2971 ἐώθεε
479 2930 518 2968 R
535 2930 564 2969 S
580 2930 620 2969 V
785 2931 834 2970 τὸ
853 2943 932 2968 om.
958 2929 998 2968 A
1013 2929 1047 2967 B
1062 2929 1094 2968 C
1111 2928 1143 2967 P
1349 2940 1403 2977 23
1432 2927 1710 2980 ὠφελεύμενος
1730 2927 1764 2967 Ρ
1777 2927 1816 2966 R
1832 2927 1862 2966 S
1874 2927 1914 2966 V

255 2987 309 3024 26
338 2984 485 3034 Μύριος
508 2984 547 3022 R
563 2984 594 3023 S
608 2984 647 3022 V
1116 3016 1122 3018 .
1228 3015 1231 3017 ,
