2098 3320
721 127 1102 196 ΙΣΤΟΡΙΩΝ
1163 149 1207 195 Δ

129 282 290 347 βορῆν
322 280 433 333 ε’στὶ
457 279 624 347 πρώτη
655 281 748 345 μὲν
780 279 959 347 ἔρημος
991 278 1067 332 ἐπ’
1096 277 1320 346 ἡμερέων
1352 279 1477 331 ἑπτὰ
1509 278 1642 341 ὁδόν,
1672 279 1798 342 μετὰ

129 366 183 418 δὲ
212 363 303 429 τὴν
333 363 515 433 ἔρημον
545 365 869 417 ἀποκλίνοντι
899 368 1096 430 μᾶλλον
1133 363 1254 431 πρὸς
1290 363 1579 429 ἀπηλιώτην
1616 360 1799 428 ἄνεμον

128 447 361 515 νέμονται
392 447 742 516 Θυσσαγέται,
768 448 911 502 ἔθνος
941 448 1136 501 πολλὸν
1172 448 1250 500 καὶ
1280 450 1423 500 ἴδιον·
1469 448 1587 511 ζῶσι
1618 449 1670 500 δὲ
1701 446 1799 500 ἀπὸ

130 531 297 601 θήρης.
345 532 582 602 συνεχέες
599 535 650 585 δὲ
669 533 894 585 τούτοισι
911 535 964 585 ἐν
984 538 1118 585 τοῖσι
1135 533 1332 585 αὐτοῖσι
1351 533 1550 585 τόποισι
1571 553 1796 597 κατοικη-

83 642 105 684 5
130 616 272 685 μένοι
301 619 401 670 εἰσὶ
438 622 574 669 τοῖσι
609 618 796 685 οὕνομα
822 623 976 670 κεῖται
1007 616 1210 685 Ἰύρκαι,
1246 617 1325 669 καὶ
1356 617 1490 668 οὗτοι
1519 616 1618 668 ἀπὸ
1649 614 1801 684 θήρης

135 703 310 766 ζῶντες
333 702 499 772 τρόπῳ
524 705 715 772 τοιῷδε·
759 709 893 773 λοχᾷ
918 703 999 754 ἐπὶ
1031 701 1261 769 δένδρεον
1285 700 1496 767 ἀναβάς,
1520 703 1582 753 τὰ
1606 700 1661 753 δέ
1690 703 1802 754 ἐστι

134 787 291 840 πυκνὰ
315 787 410 838 ἀνὰ
433 790 602 838 πᾶσαν
625 786 715 851 τὴν
747 787 933 855 χώρην·
976 787 1125 840 ἵππος
1149 789 1203 839 δὲ
1227 785 1421 856 ἑκάστῳ
1453 785 1802 854 δεδιδαγμένος

1834 148 1922 198 IV.
1950 160 2016 197 22

1835 555 1860 586 2

135 870 215 923 ἐπὶ
250 870 474 938 γαστέρα
513 874 709 923 κεῖσθαι
749 872 1100 939 ταπειν-ότητος
1138 872 1301 924 εἵνεκα
1333 871 1529 937 ἕτοιμός
1570 873 1683 923 ε’στι
1723 870 1804 922 καὶ
1824 866 2002 932 &mn
2017 882 2098 904 “²⁸

136 956 279 1007 κύων·
326 956 478 1007 ε’πεᾶν
509 958 563 1008 δὲ
594 957 744 1028 ἀπίδῃ
775 955 832 1007 τὸ
857 956 1026 1022 θηρίον
1058 955 1155 1009 ἀπὸ
1176 961 1262 1008 τοῦ
1293 955 1536 1024 δενδρέου,
1562 954 1805 1020 τοξεύσας

135 1126 190 1176 δὲ
208 1123 396 1176 τούτων
419 1123 477 1176 τὸ
497 1123 619 1192 πρὸς
639 1124 729 1190 τὴν
752 1124 824 1189 ἠῶ
845 1126 1167 1178 ἀποκλίνοντι
1186 1124 1404 1178 οἰκέουσι
1423 1125 1611 1177 Σκύθαι
1634 1124 1800 1185 ἄλλοι,

138 1209 236 1262 ἀπὸ
263 1213 364 1261 τῶν
405 1210 693 1275 βασιληίων
724 1208 953 1262 Σκυθέων
983 1209 1296 1264 ἀποστάντες
1328 1210 1408 1262 καὶ
1437 1210 1592 1264 οὕτως
1628 1210 1802 1262 ἀπικό-

136 1314 277 1360 μενοι
309 1295 360 1348 ἐς
389 1298 564 1346 τοῦτον
593 1294 681 1347 τὸν
711 1299 892 1363 χῶρον.
982 1293 1131 1363 μέχρι
1159 1297 1252 1362 μὲν
1282 1294 1341 1360 δὴ
1372 1298 1458 1360 τῆς
1488 1296 1676 1347 τούτων
1706 1299 1806 1346 τῶν

138 1376 370 1431 Σκυθέων
411 1379 578 1447 χώρης
619 1379 729 1431 ε’στὶ
766 1379 796 1444 ἡ
842 1384 1213 1448 καταλεχθεῖσα
1252 1383 1393 1432 πᾶσα
1437 1378 1609 1434 πεδιάς
1648 1400 1703 1431 τε
1743 1382 1806 1446 γῆ

64 1486 111 1528 ¹5
141 1462 220 1514 καὶ
249 1463 542 1530 βαθύγαιος,
569 1463 626 1515 τὸ
655 1463 697 1516 δ’
721 1463 819 1516 ἀπὸ
849 1464 1023 1516 τούτου
1052 1465 1269 1530 λιθώδης
1297 1464 1339 1516 τ’
1365 1464 1475 1516 ἐστὶ
1499 1464 1578 1516 καὶ
1602 1461 1805 1532 τρηχέα.

140 1546 444 1613 διεξελθόντι
496 1550 550 1600 δὲ
599 1548 677 1600 καὶ
728 1551 815 1613 τῆς
862 1546 1076 1617 τρηχέης
1128 1554 1293 1617 χῶρον
1341 1548 1536 1602 πολλὸν
1587 1546 1808 1601 οἰκέουσι

88 1634 106 1641 ”
137 1632 364 1699 ὑπώρεαν
408 1629 564 1699 ὀρέων
606 1634 820 1700 ὑψηλῶν
859 1632 1111 1702 ἄνθρωποι
1150 1634 1419 1701 λεγόμενοι
1461 1633 1588 1686 εἶναι
1625 1632 1808 1686 πάντες

139 1717 389 1784 φαλακροὶ
413 1718 466 1768 ε’κ
489 1720 664 1785 γενεῆς
686 1717 953 1785 γινόμενοι,
983 1718 1062 1769 καὶ
1086 1718 1287 1785 ἔρσενες
1310 1718 1388 1772 καὶ
1412 1716 1587 1782 θήλεαι
1611 1718 1805 1783 ὁμοίως,

141 1801 222 1853 καὶ
253 1802 392 1867 σιμοὶ
417 1803 495 1855 καὶ
525 1799 694 1870 γένεια
717 1802 920 1871 ἔχοντες
949 1801 1162 1870 μεγάλα,
1190 1802 1365 1870 φωνὴν
1394 1805 1448 1855 δὲ
1481 1804 1607 1868 ἰδίην
1633 1799 1806 1862 ἱέντες,

66 1913 114 1942 20
141 1887 316 1952 ε’σθῆτι
366 1889 420 1939 δὲ
471 1887 747 1955 χρεώμενοι
794 1888 1022 1959 Σκυθικῇ,
1077 1888 1252 1952 ζῶντες
1305 1890 1357 1940 δὲ
1405 1887 1504 1939 ἀπὸ
1551 1884 1807 1954 δενδρέων.

1851 926 2098 979 &aarum

65 1063 111 1091 ιο
133 1034 251 1105 [καὶ]
284 1041 468 1107 ἐπιβὰς
495 1040 575 1092 ἐπὶ
598 1040 686 1092 τὸν
716 1041 871 1092 ἵππον
901 1040 1080 1100 διώκει,
1108 1041 1187 1092 καὶ
1211 1042 1238 1092 ὁ
1262 1040 1390 1093 κύων
1421 1041 1607 1108 ἔχεται.
1681 1041 1804 1107 ὑπὲρ
1840 1061 1866 1106 3

1844 1304 1910 1352 23

1846 1567 1873 1600 2

0 1998 100 2042 nm,
139 1970 374 2041 πον-τικὸν
401 1973 494 2037 μὲν
524 1972 712 2038 οὔνομα
746 1973 811 2044 τῷ
850 1969 1060 2042 δενδρέῳ
1101 1972 1186 2025 ἀπ’
1222 1972 1278 2024 οὗ
1317 1973 1453 2037 ζῶσι,
1496 1969 1715 2039 μέγαθος
1755 1974 1810 2024 δὲ
1850 1992 1875 2036 3

0 2148 21 2195 ἱ

142 2056 266 2110 κατὰ,
309 2054 492 2121 συκέην
534 2056 758 2121 μάλιστά
802 2078 877 2129 κῃ·
932 2056 1120 2124 καρπὸν
1162 2058 1215 2109 δὲ
1256 2056 1428 2124 φορέει
1469 2055 1634 2127 κυάμῳ
1675 2058 1805 2116 ἴσον,

140 2142 331 2207 πυρῇνα
375 2143 428 2193 δὲ
472 2139 592 2209 ἔχει.
681 2146 824 2194 τοῦτο
870 2143 1022 2194 ε’πεᾶν
1065 2140 1270 2209 γένηται
1313 2140 1490 2200 πέπον,
1539 2139 2098 2222 σακ-κ-έουοτἰἰιίιιῖιμοῑΐνοι4

142 2226 398 2290 ἱματίοισι,
432 2225 665 2293 ἀπορρέει
704 2229 757 2278 δὲ
794 2225 879 2278 ἀπ’
919 2226 1069 2278 αὐτοῦ
1110 2226 1244 2294 παχὺ
1285 2227 1365 2278 καὶ
1403 2225 1579 2292 μέλαν,
1623 2226 1812 2292 οὔνομα

140 2394 510 2462 συμμίσγοντες
553 2397 770 2454 πίνουσι,
816 2397 896 2447 καὶ
940 2395 1039 2448 ἀπὸ
1083 2399 1171 2461 τῆς
1214 2396 1499 2465 παχύτητος
1539 2395 1687 2447 αὐτοῦ
1725 2398 1813 2460 τῆς

200 2546 217 2572 1
251 2532 402 2587 βορέην
422 2533 456 2573 Ρ
639 2548 664 2573 2
694 2535 959 2576 ἄποκλῖναντι
983 2535 1021 2573 R
1037 2534 1119 2575 SV
1301 2549 1326 2585 4
1357 2535 1687 2586 κατοικημένοισι
1711 2537 1812 2581 (om.

141 2588 237 2640 εἶσὶ)
263 2588 302 2626 R
318 2588 400 2628 SV
521 2601 546 2639 5
582 2589 735 2629 Turcae
756 2590 866 2629 Mela
887 2590 912 2630 i.
936 2591 1014 2628 116
1090 2591 1093 2595 ’
1137 2603 1160 2640 7
1193 2590 1353 2632 ἑκάστω
1375 2591 1466 2632 ἔστι
1490 2591 1529 2629 R
1546 2591 1628 2630 SV
1711 2594 1812 2632 δεδι-

139 2642 288 2695 γμένος
311 2644 350 2682 R
495 2645 521 2682 8
553 2647 644 2686 ἐστι
664 2657 746 2684 om.
773 2644 813 2682 R
830 2645 859 2683 S
874 2645 912 2683 V
1043 2658 1070 2695 9
1102 2646 1265 2686 ἐπειδὰν
1288 2645 1327 2683 R
1343 2645 1373 2684 S
1387 2646 1427 2684 V
1537 2645 1701 2699 δένδρου
1720 2644 1758 2684 Α
1775 2645 1811 2684 Β

145 2709 195 2736 10
223 2699 288 2739 καὶ
318 2711 397 2737 om.
434 2697 473 2737 A
487 2699 522 2738 B
539 2699 573 2739 C
591 2699 624 2737 P
790 2699 930 2740 ἕπεται
962 2699 995 2738 Ρ
1012 2699 1049 2738 R
1066 2699 1096 2738 S
1112 2700 1149 2738 V
1373 2713 1418 2738 11
1461 2700 1640 2742 τουτέων
1675 2701 1714 2739 R
1731 2700 1761 2739 S
1775 2701 1814 2739 V

140 2755 198 2793 τῶ
223 2751 262 2790 R
277 2753 308 2792 S
322 2753 357 2791 V
374 2751 425 2792 C¹
447 2766 658 2805 suprascr.
775 2755 1041 2796 ἀποκλίνειν-τι
1062 2754 1095 2793 C
1111 2755 1141 2793 S
1155 2755 1193 2793 V
1320 2767 1369 2804 14
1399 2755 1536 2797 πεδιάς
1557 2772 1603 2796 τε
1625 2768 1704 2795 om.
1731 2755 1814 2794 SV

146 2818 194 2856 15
226 2807 447 2860 βαθύγαιος
470 2809 641 2848 Bekker
660 2823 669 2848 :
699 2825 808 2862 -7eos
834 2810 867 2848 L
1007 2808 1047 2850 τ’
1068 2823 1149 2848 om.
1174 2808 1214 2847 A
1231 2809 1265 2848 B
1281 2810 1315 2849 C
1454 2813 1629 2862 τρηχεῖα
1651 2810 1690 2855 R
1706 2811 1735 2850 S
1749 2811 1812 2851 V:

140 2862 411 2956 Rp'ssxf‘ff’pren‘
501 2918 549 2956 ιε
610 2863 995 2960 εἶῗτῖῗᾍοὲὲῖδ
1011 2863 1048 2902 V
1073 2925 1093 2959 θ
1105 2865 1391 2960 ’λεᾷἴηᾶἕηῧ
1404 2864 1443 2902 R
1460 2865 1490 2903 s
1505 2865 1583 2959 νει
1616 2937 1647 2960 π
1663 2866 1814 2961 ’χῖἷῖῖἶῖ

145 2972 248 3010 SV:
293 2972 509 3013 πάντοικον
549 2934 606 3012 ΚὙ
702 2936 726 2968 η
754 2973 830 3023 μὲν
867 2987 947 3014 om.
989 2936 1127 3031 RSV
1293 2976 1370 3016 ἀπὸ
1400 2977 1473 3016 τοῦ
1504 2938 1813 3025 ζώουσιαῖἶὸν

144 3039 196 3076 23
227 3027 461 3070 σακκέοισιν
484 3027 597 3068 RV:
631 3028 845 3070 σακεύουσι
869 3029 991 3068 Phot.
1011 3035 1052 3068 ct
1074 3028 1192 3070 Suid.
1215 3043 1246 3069 S.
1266 3043 1304 3070 V.
1489 3032 1542 3070 26
1571 3034 1645 3081 τῆς
1665 3032 1812 3085 τρυγὸς

143 3081 224 3121 del.
250 3081 409 3123 Reiske

67 2335 86 2364 2
93 2337 115 2378 5
140 2311 193 2361 δὲ
216 2314 284 2379 τῷ
308 2309 606 2377 ἀπορρέοντί
627 2312 737 2363 ἐστι
767 2310 918 2379 ἄσχυ·
956 2315 1099 2363 τοῦτο
1125 2312 1204 2363 καὶ
1227 2312 1462 2379 λείχρυσι
1488 2311 1566 2362 καὶ
1596 2309 1812 2378 γάλακτι
1832 2315 1935 2377 244·
1951 2327 2016 2379 q·
2037 2346 2046 2358 .
