2098 3320
15 83 18 87 ’
74 89 164 140 IV.
192 102 282 153 145
934 86 1361 137 ΗΡΟΔΟΤΟΤ

318 217 432 271 τοὺς
474 217 668 278 Μινύας
708 217 786 269 ἐπ’
833 218 936 269 οῖσι
981 216 1187 270 θέλουσι
1231 216 1383 270 αὐτοί.
1469 216 1693 283 μάλιστα
1721 220 1790 271 ,δὲ
1834 217 1982 286 ἐνῆγέ

321 309 485 369 σφεας
517 302 649 354 ὥστε
685 301 872 354 ποιέειν
913 306 1064 353 ταῦτα
1103 306 1201 354 τῶν
1238 301 1582 370 Τυνδαριδέων
1611 303 1641 368 ἡ
1673 304 1895 368 ναυτιλίη
1928 305 1982 355 ἐν

319 388 378 459 τῇ
414 386 600 453 Ἀργοῖ.
694 385 951 451 δεξάμενοι
996 390 1048 438 δὲ
1092 387 1206 441 τοὺς
1251 387 1445 441 Μινύας
1480 390 1572 454 γῆς
1611 409 1666 439 τε
1703 386 1980 453 μετέδοσαν

322 472 399 523 καὶ
431 472 481 524 ἐς
512 472 676 538 φυλὰς
707 469 1015 525 διεδάσαντο.
1089 474 1135 522 οἱ
1168 473 1220 522 δὲ
1250 470 1422 524 αὐτίκα
1451 474 1543 537 μὲν
1565 470 1752 539 γάμους
1773 472 1977 540 ἔγημαν,

184 563 278 622 146
319 557 406 609 τὰς
439 558 490 607 δὲ
524 557 577 607 ἐκ
606 553 808 621 Λήμνου
836 555 1019 622 ἤγοντο
1050 555 1291 620 ἐξέδοσαν
1321 555 1544 608 ἄλλοισι.
1626 555 1812 624 χρόνου
1841 558 1895 609 δὲ
1923 555 1981 608 οὐ
2003 582 2026 623 5

319 643 512 692 πολλοῦ
559 640 842 693 διελθόντος
889 639 1062 692 αὐτίκα
1116 642 1162 692 οἱ
1210 640 1395 692 Μινύαι
1447 639 1735 708 ἐξύβρισαν,
1787 643 1876 706 τῆς
1925 662 1980 694 τε

318 726 597 790 βασιληίης
659 723 1000 789 μεταιτέοντες
1061 725 1140 776 καὶ
1197 724 1333 776 ἄλλα
1389 729 1643 779 ποιεῦντες
1699 725 1786 776 οὐκ
1842 725 1976 778 ὅσια.

255 832 282 864 2
318 814 453 861 τοῖσι
484 806 552 861 ὧν
589 809 1027 874 Λακεδαιμονίοισι
1063 807 1202 874 ἔδοξε
1238 807 1413 864 αὐτοὺς
1449 811 1749 869 ἀποκτεῖναι,
1785 815 1976 862 συλλα·

318 893 501 958 βόντες
524 892 586 945 ’δέ
616 901 780 960 σφεας
818 892 1102 958 κατέβαλον
1138 896 1191 948 ἐς
1227 892 1418 961 ἐρ’-(χήν.
1494 895 1742 947 κτείνουσι
1775 896 1830 946 δὲ
1865 893 1979 949 τοὺς
2011 895 2098 957 tm}

317 976 379 1029 ἂν
421 979 651 1030 κτείνωσι
692 978 1073 1043 Λακεδαιμόνιοι
1108 979 1295 1037 νυκτός,
1335 978 1442 1044 μετ’
1474 977 1659 1045 ἡμέρην
1695 980 1750 1030 δὲ
1785 977 1976 1031 οὐδένα.
2005 1001 2054 1032 10

253 1088 278 1131 3
318 1062 425 1114 ἐπεὶ
469 1060 536 1114 ὧν
581 1062 798 1128 ἔμελλόν
843 1069 1007 1130 σφεας
1053 1061 1476 1132 καταχρήσεσθαι,
1515 1061 1884 1129 παραιτήσαντο
1926 1065 1978 1116 αἱ

317 1152 546 1214 γυναῖκες
582 1152 681 1199 τῶν
715 1146 965 1206 Μινυέων,
1010 1149 1183 1199 ἐοῦσαι
1223 1148 1377 1200 ἀσταί
1417 1169 1472 1200 τε
1517 1147 1595 1199 καὶ
1639 1151 1738 1200 τῶν
1770 1147 1978 1215 πρώτων

317 1230 669 1298 Σπαρτιητέων
706 1231 984 1299 θυγατέρες,
1024 1234 1254 1284 ἐσελθεῖν
1288 1253 1343 1284 τε
1384 1234 1435 1286 ἐς
1469 1231 1559 1296 τὴν
1595 1231 1770 1299 ἐρκτὴν
1807 1233 1884 1284 καὶ
1926 1233 1978 1286 ἐς

315 1317 496 1383 λόγους
549 1317 715 1368 ἐλθεῖν
768 1315 952 1381 ἑκάστη
1003 1322 1071 1386 τῷ
1124 1319 1307 1381 ἑωυτῆς
1367 1317 1521 1383 ἀνδρί.
1611 1319 1658 1369 οἱ
1707 1315 1762 1368 δέ
1811 1326 1977 1384 σφεας

254 1423 281 1464 4
318 1404 557 1466 παρῆκαν,
597 1399 774 1452 οὐδένα
810 1402 959 1452 δόλον
996 1400 1252 1455 δοκέοντες
1294 1400 1354 1466 ἐξ
1389 1400 1578 1453 αὐτέων
1613 1400 1837 1453 ἔσεσθαι.
1925 1403 1976 1454 αἱ
2003 1422 2051 1464 15

316 1486 367 1536 δὲ
394 1487 557 1537 ἐπείτε
577 1487 813 1549 ἐσῆλθον,
841 1489 1039 1538 ποιεῦσι
1068 1485 1250 1538 τοιάδε·
1297 1489 1468 1537 πᾶσαν
1497 1485 1586 1550 τὴν
1618 1484 1757 1553 εἶχον
1788 1486 1977 1550 ἐσθῆτα

314 1572 626 1636 παραδοῦσαι
671 1574 805 1621 τοῖσι
844 1569 1054 1636 ἀνδράσι
1092 1570 1234 1622 αὐταὶ
1274 1569 1365 1634 τὴν
1401 1574 1500 1622 τῶν
1538 1570 1729 1637 ἀνδρῶν
1765 1570 1974 1635 ἔλαβον.

314 1655 361 1706 οἱ
392 1656 445 1706 δὲ
476 1655 663 1706 Μινύαι
695 1654 918 1707 ἐνδύντες
954 1653 1044 1718 τὴν
1075 1655 1364 1722 γυναικηίην
1403 1656 1591 1719 ἐσθῆτα
1627 1653 1713 1706 ἅτε
1748 1659 1976 1722 γυναῖκες

314 1736 521 1803 ἐξήισαν
551 1737 662 1804 ἔξω,
697 1739 999 1806 ἐκφυγόντες
1034 1742 1088 1791 δὲ
1118 1740 1281 1808 τρόπῳ
1318 1738 1522 1808 τοιούτῳ
1560 1739 1722 1803 ἵζοντο
1752 1739 1888 1791 αὖτις
1925 1740 1977 1793 ἐς

188 1841 276 1891 147
312 1822 369 1873 τὸ
397 1822 667 1891 Τηΰγετον.
757 1823 844 1875 τὸν
874 1825 927 1875 δὲ
959 1822 1109 1875 αὐτὸν
1138 1828 1313 1876 τοῦτον
1343 1824 1528 1891 χρόνον
1561 1821 1733 1890 Θήρας
1763 1823 1789 1873 6
1820 1819 1973 1875 Α’ὐτε-
2002 1844 2051 1873 20

313 1908 494 1961 σίωνος
533 1912 619 1959 τοῦ
662 1911 973 1973 Τεισαμενοῦ
1017 1912 1103 1958 τοῦ
1148 1906 1473 1974 Θερσάνδρου
1516 1912 1602 1959 τοῦ
1646 1908 1976 1960 Πολυνείκεος

247 2012 272 2043 2
313 1991 527 2044 ἔστελλε
574 1994 625 2046 ἐς
676 1992 907 2057 ἀποικίην
954 1993 1007 2043 ἐκ
1055 1993 1439 2057 Λακεδαίμονος.
1526 1988 1588 2056 ῆν
1633 1994 1687 2043 δὲ
1730 1993 1757 2042 6
1802 1989 1974 2058 Θήρας

312 2075 469 2135 οὗτος,
519 2075 663 2143 γένος
714 2077 809 2128 ἐὼν
863 2079 1124 2141 Καδμεῖος,
1178 2079 1266 2141 τῆς
1311 2075 1493 2143 μητρὸς
1545 2075 1792 2144 ἀδελφεὸς
1841 2079 1974 2127 τοῖσι

312 2159 673 2227 Ἀριστοδήμου
705 2162 848 2213 παισὶ
884 2159 1188 2227 Εὐρυσθένεϊ
1222 2161 1299 2212 καὶ
1336 2159 1574 2227 Προκλέϊ·
1623 2161 1806 2212 ἐόντων
1837 2159 1879 2211 δ’
1902 2159 1974 2211 ἔτι

311 2249 410 2296 τῶν
450 2246 640 2297 παίδων
676 2246 863 2297 τούτων
898 2247 1087 2310 νηπίων
1129 2246 1453 2311 ἐπιτροπαίην
1490 2245 1595 2312 εἶχε
1625 2245 1652 2295 6
1684 2243 1856 2311 Θήρας
1884 2243 1975 2308 τὴν
2000 2263 2049 2305 ²5

252 2347 278 2389 3
312 2330 366 2380 ἐν
418 2328 619 2401 Σπάρτῃ
668 2330 962 2395 βασιληίην.
1052 2328 1367 2394 αὐξηθέντων
1414 2331 1468 2380 δὲ
1513 2333 1611 2380 τῶν
1664 2327 1975 2395 ἀδελφιδέων

312 2413 392 2464 καὶ
439 2415 839 2480 παραλαβόντων
886 2413 977 2478 τὴν
1020 2411 1194 2481 ἀρχήν,
1245 2413 1371 2464 οὕτω
1420 2412 1477 2476 δὴ
1523 2413 1549 2462 6
1594 2411 1766 2479 Θήρας
1814 2411 1974 2463 δεινὸν

363 2565 389 2601 4
420 2552 604 2605 φυλακὰς
626 2552 659 2591 C
794 2550 938 2593 διεδέσ.
966 2549 1022 2589 R¹
1040 2564 1048 2588 :
1080 2549 1247 2591 διεδαίσ.
1274 2549 1332 2587 Rc
1347 2549 1409 2600 (Ι)
1424 2549 1505 2589 SV
1632 2547 1709 2600 μὲν
1727 2562 1809 2588 om.
1833 2548 1872 2587 A
1889 2548 1923 2587 B
1938 2548 1972 2588 C

310 2617 335 2655 5
363 2609 517 2657 ἤγοντο
536 2620 619 2647 om.
646 2607 684 2645 R
700 2606 730 2645 S
743 2607 782 2645 V
931 2608 975 2646 οὐ
995 2618 1076 2645 om.
1104 2605 1143 2643 R
1159 2603 1189 2643 S
1202 2603 1241 2641 V
1436 2605 1463 2642 6
1492 2603 1766 2655 διεξελθόντος
1787 2603 1825 2641 Α
1841 2603 1876 2641 Β
1889 2603 1923 2641 C
1940 2602 1973 2641 P

311 2666 453 2707 βασιλ.
477 2678 525 2702 τε
547 2663 586 2700 R
603 2661 632 2699 S
646 2662 684 2700 V
811 2674 833 2710 7
863 2659 1069 2701 ποιέοντες
1088 2658 1127 2697 Α
1142 2659 1177 2696 Β
1194 2658 1227 2696 C
1241 2658 1275 2696 P
1395 2671 1422 2708 9
1452 2658 1598 2712 ἑρκτήν
1618 2658 1657 2696 Α
1671 2658 1706 2696 Β
1723 2657 1757 2696 Ρ
1772 2672 1782 2697 2
1813 2657 1974 2712 εἱρκτήν

312 2715 352 2753 R
367 2715 449 2755 SV
645 2728 689 2755 11
723 2715 1054 2769 καταχρήσεσθαι
1083 2714 1115 2752 C
1136 2728 1145 2753 ε
1182 2716 1346 2754 ·σασθαι
1376 2713 1470 2752 rell.
1669 2724 1718 2761 13
1748 2713 1818 2752 ἐσὸ
1840 2714 1972 2753 ἐλθεῖν

309 2769 448 2809 ABC
587 2769 961 2823 ἑρκτὴνΑΒΟΡε
994 2769 1155 2821 εἱρκτὴν
1178 2766 1315 2807 RSV
1511 2778 1558 2816 15
1589 2765 1973 2835 AbyovCPRSV

313 2826 362 2863 16
390 2823 570 2866 ποιέουσι
590 2825 629 2864 Α
644 2826 678 2863 Β
694 2825 727 2864 C
742 2825 776 2863 P
900 2823 998 2865 τάδε
1021 2823 1060 2862 R
1075 2821 1156 2861 SV
1342 2823 1392 2862 18
1422 2821 1587 2863 Μινύαις
1609 2821 1649 2860 R
1835 2834 1886 2871 19
1912 2838 1971 2872 τῳ

309 2879 444 2932 τρόπῳ
458 2879 592 2932 τούτῳ
609 2879 643 2919 Ρ
657 2879 696 2918 R
712 2879 742 2919 S
755 2879 792 2918 V
902 2892 958 2918 20
983 2877 1131 2930 χρόνον
1145 2880 1291 2918 τοῦτον
1306 2876 1341 2916 C
1452 2888 1503 2914 21
1534 2883 1676 2926 Τισαμ.
1698 2876 1731 2914 L
1843 2888 1896 2914 22
1926 2878 1972 2917 ἐκ
2037 2896 2049 2903 -

308 2946 388 2976 om.
412 2934 451 2972 R
466 2934 496 2974 S
510 2934 549 2974 V
715 2945 767 2985 25
798 2933 1034 2990 ἐπιτροπίην
1055 2932 1089 2972 C
1256 2932 1309 2971 26
1339 2932 1548 2985 ἀδελφεῶν
1569 2931 1602 2969 Ρ
1617 2930 1656 2969 R
1671 2929 1701 2968 S
1715 2930 1754 2969 V
