2098 3320
769 118 1148 201 ΙΣΤΟΡΙΩΝ
1208 154 1246 200 Γ
1888 155 1978 204 111.
2006 166 2090 218 155

178 288 337 338 εἴκοσι
365 281 550 351 ἡμέρας
583 282 661 335 καὶ
697 284 866 336 ἔπειτα
901 284 1090 340 ἄλλους
1127 284 1332 337 κάτισον
1373 286 1575 353 ἀγαγὼν
1608 289 1729 337 κατὰ
1761 288 1848 340 τὰς

177 369 444 421 Χαλδαίων
476 366 780 434 καλεομένας
811 370 973 423 πύλας
1002 371 1451 438 τετρακισχιλίους.
1542 370 1763 439 ἐχόντων
1793 373 1846 422 δὲ

175 451 299 520 μήτε
329 455 376 506 οἱ
416 453 647 521 πρότεροι
682 456 836 519 μηδὲν
872 459 971 506 τῶν
1013 455 1327 519 ἀμυνεύντων
1366 453 1490 521 μήτε
1526 454 1678 514 οὗτοι,
1712 454 1846 519 πλὴν

177 539 504 607 ἐγχειριδίων·
557 542 702 589 τοῦτο
743 541 797 591 δὲ
844 541 930 591 ἐᾶν
974 538 1128 608 ἔχειν.
1215 540 1338 605 μετὰ
1382 542 1435 591 δὲ
1480 538 1570 604 τὴν
1611 539 1846 604 εἰκοστὴν
1880 547 1908 591 6

129 650 152 691 5
176 621 362 690 ἡμέρην
414 620 557 676 ἰθέως
607 622 699 687 τὴν
755 626 848 689 μὲν
906 622 1068 688 ἄλλην
1131 623 1369 691 στρατιὴν
1424 624 1643 676 κελεύειν
1703 623 1850 691 πέριξ

177 705 531 776 προσβάλλειν
571 706 693 774 πρὸς
733 708 790 760 τὸ
836 713 1016 776 τεῖχος,
1060 707 1266 776 Πέρσας
1308 707 1362 760 δέ
1402 730 1487 774 μοι
1527 707 1676 774 τάξον
1724 708 1845 761 κατά

175 814 230 846 τε
273 793 362 846 τὰς
402 793 619 858 Βηλίδας
650 791 966 862 γκαλεομένας
1013 793 1090 845 καὶ
1134 793 1353 847 Κισσίας
1398 794 1574 847 πύλας·
1640 793 1705 847 ὡς
1750 795 1845 860 γὰρ

177 877 274 945 ἐγὼ
311 876 482 937 δοκέω,
525 876 643 943 ἐμέο
683 877 883 945 μεγάλα
924 877 1047 945 ἔργα
1091 875 1462 944 ἀποδεξαμένου
1506 877 1568 930 τά
1611 898 1665 931 τε
1710 877 1845 930 ἄλλα

0 1011 17 1052 ᾧ
177 960 534 1029 ἐπιτρέψονται
565 963 673 1027 ἐμοὶ
707 962 1027 1028 Βαβυλώνιοι
1065 964 1143 1015 καὶ
1179 962 1235 1027 δὴ
1276 963 1354 1014 καὶ
1391 967 1490 1015 τῶν
1528 962 1728 1015 πυλέων
1757 964 1844 1016 τὰς

30 1004 520 1119 Ὕβαλράγρας·
568 1051 623 1098 τὸ
655 1049 707 1099 δὲ
745 1049 973 1099 ἐνθεῦτεν
1011 1048 1123 1113 ἐμοί
1154 1069 1208 1100 τε
1250 1048 1328 1099 καὶ
1368 1046 1603 1120 Πέρσῃσι
1632 1045 1844 1113 μελήσει

174 1133 236 1184 τὰ
283 1135 360 1184 δεῖ
403 1131 606 1184 ποιέειν.
696 1136 849 1183 ταῦτα
894 1130 1241 1197 ἐντειλάμενος
1284 1131 1362 1197 ἤιε
1408 1132 1500 1184 ἐπὶ,
1532 1134 1621 1185 τὰς
1665 1132 1840 1191 πύλας,
1881 1133 1974 1195 156

174 1216 602 1284 ἐπιστρεφόμενος
654 1216 719 1270 ὡς
767 1215 825 1280 δὴ
875 1216 1099 1281 ἀληθέως
1149 1216 1443 1281 αὐτόμολος.
1533 1218 1745 1284 ὁρῶντες
1790 1219 1843 1268 δὲ

173 1300 270 1354 ἀπὸ
301 1305 400 1355 τῶν
422 1301 626 1368 πύργων
656 1304 701 1353 οῖ
735 1303 858 1353 κατὰ
888 1305 1033 1352 τοῦτο
1058 1300 1350 1368 τεταγμένοι
1382 1299 1681 1369 κατέτρεχον
1714 1299 1843 1352 κάτω

174 1385 253 1438 καὶ
283 1386 458 1454 ὀλίγον
489 1407 537 1438 τι
568 1388 963 1453 παρακλίναντες
1000 1385 1091 1450 τὴν
1128 1385 1299 1453 ἑτέρην
1332 1386 1493 1450 πύλην
1526 1385 1739 1451 εἰρώτων
1768 1386 1843 1439 τίς

66 1522 69 1525 ,
101 1489 148 1531 15
171 1491 226 1524 τε
266 1472 339 1536 εἵη
378 1471 458 1523 καὶ
493 1471 606 1523 ὅτευ
649 1471 882 1536 δεόμενος
924 1471 1050 1535 ἥκοι.
1141 1472 1166 1521 ὁ
1204 1469 1257 1522 δέ
1295 1477 1393 1538 σφι
1427 1470 1634 1537 ἠγόρευε
1671 1470 1736 1523 ὡς
1767 1471 1840 1534 ε’ίη

171 1575 226 1608 τε
257 1555 494 1622 Ζώπυρος
541 1556 619 1608 καὶ
659 1554 959 1621 αὐτομολέοι
1001 1557 1050 1608 ἐς
1091 1555 1324 1609 ἐκείνους.
1413 1553 1536 1621 ἦγον
1573 1553 1630 1619 δή
1672 1575 1756 1620 μιν
1796 1556 1842 1606 οἱ
1878 1574 1903 1609 ,2

160 1642 426 1707 Ιπυλουροί,
455 1645 607 1692 ταῦτα
637 1640 700 1694 ὡς
731 1639 968 1705 ἤκουσαν,
998 1639 1078 1692 ἐπὶ
1095 1642 1163 1691 ’τὰ
1189 1641 1327 1691 κοινὰ
1358 1645 1456 1691 τῶν
1483 1640 1839 1705 Βαβυλωνίων·

173 1726 421 1780 καταστὰς
481 1727 533 1777 δὲ
594 1725 672 1777 ἐπ’
735 1725 859 1776 αὐτὰ
921 1725 1267 1788 κατοικτίζετο,
1325 1726 1425 1791 φὰς
1477 1722 1572 1775 ὑπὸ
1626 1723 1840 1790 Δαρείου

171 1809 474 1863 πεπονθέναι
503 1811 564 1861 τὰ
595 1810 868 1862 ἐπεπόνθεε
897 1808 980 1862 ὑπ’
1013 1812 1208 1868 ἑωυτοῦ,
1244 1812 1420 1861 παθεῖν
1452 1809 1504 1860 δὲ
1535 1812 1688 1859 ταῦτα
1717 1808 1841 1859 διότι

98 1913 148 1943 20
172 1896 561 1961 συμβουλεῦσαί
607 1897 653 1947 οἱ
709 1893 1045 1947 ἀπανιστάναι
1104 1892 1194 1958 τὴν
1255 1891 1510 1960 στρατιήν,
1566 1892 1730 1945 ἐπείτε
1780 1891 1839 1956 δὴ

172 1979 332 2032 οὐδεὶς
360 1979 514 2047 πόρος
546 1980 783 2047 ἐφαίνετο
821 1982 907 2044 τῆς
944 1978 1180 2032 ἁλώσιος.
1269 1981 1378 2030 Νῦν
1418 1998 1488 2036 τε,
1523 1977 1622 2044 ἔφη
1654 1975 1837 2043 λέγων,
1877 2000 1901 2043 3

171 2063 270 2129 ἐγὼ
301 2062 503 2130 ὑμῖν,,ὣ
536 2064 873 2130 Βαβυλώνιοι,
905 2064 1008 2128 ἥκω
1040 2062 1284 2130 μέγιστον
1315 2062 1520 2129 ἀγαθόν,
1555 2061 1750 2130 Δαρείῳ
1786 2063 1840 2112 δὲ

172 2147 251 2200 καὶ
286 2156 346 2222 τῇ
384 2148 593 2222 στρατιῇ
629 2144 730 2214 [καὶ
766 2145 1021 2219 Πέρσῃσι]
1057 2146 1299 2214 μέγιστον
1338 2147 1503 2198 κακόν·
1552 2145 1608 2196 οὐ
1647 2146 1743 2212 γὰρ
1780 2145 1838 2209 δὴ

170 2231 259 2297 ἐμέ
281 2253 340 2299 γε
368 2234 465 2286 ὧδε
488 2231 858 2299 λωβησάμενος
886 2230 1280 2299 καταπροΐξεται·
1328 2232 1600 2296 ἐπίσταμαι
1624 2229 1665 2281 δ’
1690 2229 1839 2281 αὐτοῦ

16 2351 27 2353 Α
97 2331 145 2374 ²5
170 2315 336 2371 πάσας
382 2318 471 2371 τὰς
518 2316 765 2383 διεξόδους
814 2322 912 2369 τῶν
960 2314 1336 2382 βουλευμάτων.
1426 2319 1627 2366 τοιαῦτα
1673 2313 1835 2381 ἔλεγε.

169 2402 215 2452 οἱ
262 2404 316 2454 δὲ
365 2401 683 2468 Βαβυλώνιοι
729 2402 941 2468 ὁρῶντες
988 2400 1143 2468 ἄνδρα
1187 2404 1272 2452 τὸν
1318 2401 1372 2451 ἐν
1419 2398 1658 2471 Πέρσῃσι
1703 2402 1832 2450 δοκι·
1875 2406 1961 2458 157

167 2485 394 2550 μώτατον
438 2487 575 2553 ῥινός
620 2507 675 2538 τε
722 2485 802 2537 καὶ
847 2486 986 2538 ὤτων
1031 2483 1364 2552 ἐστερημένον
1408 2481 1618 2549 μάστιξί
1657 2504 1711 2535 τε
1756 2484 1836 2535 καὶ

168 2571 337 2635 αἵματι
367 2569 797 2638 ἀναπεφυρμένον,
823 2569 994 2639 πάγχυ
1019 2570 1320 2622 ἐλπίσαντες
1343 2566 1514 2635 λέγειν
1535 2588 1621 2633 μιν
1645 2565 1836 2632 ἀληθέα

169 2655 252 2707 καί
295 2661 392 2723 σφι
435 2655 576 2719 ἥκειν
621 2655 890 2723 σύμμαχον
934 2652 1297 2719 ἐπιτράπεσθαι
1339 2653 1524 2717 ἕτοιμοι
1568 2650 1698 2716 ἦσαν
1738 2656 1836 2702 τῶν

222 2807 247 2833 2
276 2793 406 2836 πύλας
426 2800 527 2833 ante
549 2803 640 2836 καλ.
666 2794 705 2833 R
721 2793 825 2833 SV:
857 2807 937 2834 om.
964 2793 997 2831 C
1136 2805 1162 2842 3
1190 2792 1282 2842 μηδ’
1306 2790 1348 2832 ἓν
1372 2791 1411 2829 R
1524 2789 1781 2841 ἀμυνούντων
1802 2791 1835 2829 L

167 2861 189 2899 7
221 2867 268 2890 τε
288 2861 369 2890 om.
393 2849 430 2888 R
447 2849 478 2888 S
491 2849 529 2888 V
677 2848 807 2890 πύλας
827 2850 891 2889 καὶ
914 2855 959 2888 Κ.
983 2847 1017 2886 C
1034 2847 1066 2886 P
1231 2852 1233 2854 ’
1285 2859 1312 2896 9
1342 2844 1626 2899 ἐπιτράψονται
1647 2845 1687 2883 Α
1701 2845 1735 2884 Β
1753 2845 1787 2884 C
1802 2846 1835 2883 P

125 2946 128 2949 Δ
171 2917 216 2944 11
249 2905 303 2946 τὰ
322 2907 385 2945 δεῖ
403 2903 588 2945 Reiske:
619 2903 717 2945 τάδε
735 2904 769 2942 L
854 2902 939 2954 ἐπὶ]
957 2903 1052 2953 πρὸς
1070 2901 1109 2940 R
1125 2901 1155 2940 S
1168 2901 1206 2940 V
1321 2913 1371 2939 12
1401 2900 1585 2954 ὁρέοντες
1603 2900 1636 2938 C
1651 2899 1684 2939 P
1698 2900 1738 2939 R
1753 2899 1836 2939 SV

170 2971 219 3008 14
247 2975 288 3000 τι
309 2970 391 2999 om.
418 2958 459 2997 R
474 2958 556 2998 SV
708 2971 755 3008 17
786 2957 964 3011 πυλωροί
985 2956 1120 2995 RSV
1270 2968 1325 2994 20
1354 2957 1401 3004 δὴ
1423 2955 1832 3004 Schweighaeuser:

166 3011 213 3054 δὲ
231 3011 272 3052 Α
288 3013 320 3051 Β
334 3014 368 3053 C
384 3013 423 3051 R
441 3031 450 3054 ε
482 3025 564 3053 om.
591 3013 624 3052 P
638 3013 668 3053 S
681 3012 721 3050 V
842 3025 894 3060 23
924 3014 986 3053 καὶ
1010 3010 1191 3065 Πέρσῃσι
1212 3023 1296 3050 om.
1320 3010 1353 3048 P
1370 3010 1408 3048 R
1425 3009 1455 3048 S
1470 3010 1506 3047 V
1628 3023 1680 3060 24
1711 3026 1833 3052 κατα-

167 3066 367 3121 προΐξεται
392 3067 429 3106 R
443 3067 481 3106 V
647 3068 700 3106 26
728 3070 809 3107 τῶν
831 3066 864 3105 C
882 3065 915 3104 P
1079 3078 1133 3114 29
1163 3063 1447 3118 ἐπιτραπέσθαι
1472 3064 1509 3102 R
1524 3063 1561 3101 V
