2098 3320
117 102 205 155 IV.
234 104 302 167 48
958 104 1389 153 HPOAOTOT
1429 167 1432 170 ¹

339 233 564 302 δεύτερος
600 235 800 303 λεχθεὶς
840 233 1116 303 Τιάραντος
1163 234 1284 303 πρὸς
1330 234 1544 303 ἑσπέρης
1588 257 1642 289 τε
1680 239 1878 303 μᾶλλον
1925 238 2003 292 καὶ

338 318 592 379 ἐλάσσων,
629 320 655 370 6
686 322 742 371 δὲ
771 319 828 385 δὴ
853 318 1069 387 ’Άραρός
1097 341 1152 372 τε
1187 321 1266 372 καὶ
1297 321 1323 371 6
1354 319 1586 389 Νάπαρις
1617 321 1697 374 καὶ
1726 323 1753 373 6
1784 321 2000 390 Ὀρδησ-

339 402 429 456 σὸς
460 406 539 455 διὰ
568 402 727 469 μέσου
757 404 943 456 τούτων
982 402 1179 471 ῥέοντες
1223 404 1542 470 ἐσβάλλουσι
1583 407 1634 460 ἐς
1670 404 1756 459 τὸν
1779 405 1999 474 Ἴστρον.

271 506 298 548 4
336 488 470 540 οὗτοι
501 490 592 553 μὲν
616 487 898 555 αὐθιγενέες
931 489 1158 541 Σκυθικοὶ
1190 491 1402 555 ποταμοὶ
1428 491 1808 555 συμπληθύουσι
1834 490 1999 552 αὐτόν,

336 574 390 623 ἐκ
435 575 493 624 δὲ»
532 571 860 640 Ἀγαθύρσων
907 572 1071 639 Μάρις
1117 573 1338 639 ποταμὸς
1382 573 1508 640 ῥέων
1553 576 1888 643 συμμίσγεται
1931 580 2000 646 τῷ
2024 596 2048 638 5

224 672 296 720 49
328 655 528 726 Ἴστρῳ.
605 659 659 708 ἐκ
679 659 731 709 δὲ
761 662 847 710 τοῦ
872 659 1030 723 Αἵμου
1052 663 1150 710 τῶν
1175 656 1432 726 κορυφέων
1454 663 1585 725 τρεῖς
1608 658 1759 711 ἄλλοι
1788 658 2001 727 μεγάλοι

333 741 530 807 ῥέοντες
573 745 694 808 πρὸς
736 745 895 808 βορῆν
940 741 1123 807 ἄνεμον
1165 741 1485 808 ἐσβάλλουσι
1526 744 1577 796 ἐς
1618 743 1781 803 αὐτόν,
1808 742 1999 798 Ἀτλας

336 825 414 877 καὶ
446 826 610 892 Αὔρας
642 827 721 878 καὶ
760 827 984 892 Τίβισις·
1032 829 1112 878 διὰ
1149 829 1201 879 δὲ
1245 828 1467 893 Θρηίκης
1509 827 1599 878 καὶς
1630 828 1862 894 Θρηίκων
1901 833 2022 881 τῶν

334 910 608 977 Κροβύζων
637 909 836 977 ῥέοντες
859 909 1043 978 ’Άθρυς
1082 911 1161 963 καὶ
1199 912 1336 976 Νόης
1369 913 1449 964 καὶ
1480 909 1723 978 Ἀρτάνης
1754 913 2000 964 ἐκδιδοῦσι

334 995 385 1047 ἐς
423 993 509 1045 τὸν
542 993 760 1062 Ἴστρον·
815 997 869 1047 ἐκ
909 998 962 1047 δὲ
1003 997 1235 1047 Παιόνων
1282 995 1360 1047 καὶ
1401 997 1539 1063 ὄρεος
1578 995 1818 1061 Ῥοδόπης
1855 997 2000 1051 Σκίος
2026 1013 2075 1044 10

274 1101 298 1130 2
334 1078 555 1144 ποταμὸς
604 1077 764 1144 μέσον
815 1080 1005 1149 σχίζων
1048 1079 1135 1132 τὸν
1181 1081 1341 1146 Αἶμον
1385 1083 1570 1132 ἐκδιδοῖ
1612 1082 1663 1134 ἐς
1705 1081 1869 1133 αὐτόν.
1943 1078 2004 1145 ἐξ

333 1161 593 1230 Ἰλλυριῶν
638 1166 692 1216 δὲ
735 1162 861 1231 ῥέων
913 1164 1036 1230 πρὸς
1087 1167 1248 1231 βορῆν
1292 1164 1475 1230 ἄνεμον
1514 1163 1737 1232 ’Ἄγγρος
1780 1164 1998 1232 ποταμὸς

335 1247 586 1313 ἐσβάλλει
612 1250 662 1302 ἐς
682 1250 854 1301 πεδίον
877 1248 934 1300 τὸ
955 1248 1302 1314 Τριβαλλικὸν
1328 1250 1406 1300 καὶ
1430 1251 1480 1303 ἐς
1502 1248 1726 1315 ’ποταμὸν
1750 1250 1993 1317 Βρόγγον,

334 1333 360 1382 ὁ
409 1334 460 1384 δὲ
512 1334 734 1400 Βρόγγος
782 1335 833 1386 ἐς
880 1337 966 1384 τὸν
1009 1331 1226 1399 Ἴστρον·
1290 1334 1415 1385 οὕτω
1465 1332 1777 1401 ἀμφοτέρους
1825 1333 1998 1387 ἐόντας

332 1415 583 1482 μεγάλους
621 1417 646 1467 ὁ
675 1416 877 1484 Ἴστρος
916 1417 1122 1470 δέκεται.
1200 1419 1254 1469 ἐκ
1294 1420 1348 1470 δὲ
1390 1420 1489 1482 τῆς
1524 1420 1794 1486 κατύπερθε
1830 1418 1997 1487 χώρης
2023 1439 2071 1482 15

334 1499 626 1567 Ὀμβρικῶν
668 1500 859 1568 Κάρπις
900 1501 1120 1568 ποταμὸς
1162 1502 1240 1554 καὶ
1280 1501 1436 1555 ἄλλος
1458 1501 1646 1556 ’Άλπις
1684 1506 1804 1570 πρὸς
1835 1505 1998 1570 βορῆν

271 1607 297 1650 3
335 1583 517 1650 ἄνεμον
550 1585 630 1636 καὶ
660 1586 794 1637 οὗτοι
823 1585 1021 1659 ῥέοντες
1057 1588 1302 1638 ἐκδιδοῦσι
1339 1588 1390 1640 ἐς
1426 1586 1604 1638 αὐτόν.
1665 1585 1766 1653 ῥέει
1804 1583 1996 1654 γὰρ’δὴ
2055 1635 2059 1637 ,

334 1671 414 1720 διὰ
458 1669 623 1735 πάσης
658 1674 746 1735 τῆς
788 1669 1030 1737 Εὐρώπης
1065 1671 1091 1721 6
1113 1669 1328 1737 Ἴστρος,
1372 1669 1644 1738 ἀρξάμενος
1686 1672 1741 1722 ἐκ
1773 1674 1993 1731 Κελτῶν,

334 1753 380 1805 οἳ
411 1753 623 1822 ἔσχατοι
654 1754 777 1821 πρὸς
805 1755 950 1820 ἡλίου
980 1754 1208 1820 δυσμέων
1237 1756 1361 1820 μετὰ
1394 1754 1617 1820 Κύνητας
1649 1753 1867 1807 οἰκέουσι
1895 1759 1996 1807 τῶν

333 1839 385 1889 ἐν
430 1845 490 1911 τῇ
540 1838 770 1911 Εὐρώπῃ·
816 1837 943 1905 ῥέων
995 1842 1047 1891 δὲ
1093 1840 1171 1891 διὰ
1215 1838 1380 1904 πάσης
1424 1842 1511 1904 τῆς
1555 1839 1796 1906 Εὐρώπης
1840 1840 1892 1893 ἐς
1933 1839 1996 1890 τὰ
2022 1858 2072 1890 20

5 1924 142 1965 Mb>
225 1941 294 1990 50
333 1921 524 1993 7⁷>xg'cyta
574 1926 662 1988 τῆς
722 1925 960 1988 Σκυθικῆς
1005 1922 1270 1988 ἐσβάλλει.
1359 1924 1545 1975 τούτων
1589 1920 1658 1974 ῶν
1700 1927 1800 1975 τῶν
1846 1943 1991 1975 κατα-

332 2006 620 2075 λεχθέντων
653 2008 731 2059 καὶ
762 2007 936 2059 ἄλλων
967 2012 1173 2059 πολλῶν
1206 2005 1642 2074 συμβαλλομένων
1665 2006 1722 2058 τὸ
1747 2006 1994 2075 σφέτερον

323 2083 459 2157 ’ὕδωρ
491 2093 683 2158 γίνεται
713 2093 739 2142 6
762 2091 963 2158 Ἴστρος
993 2097 1226 2157 ποταμῶν
1263 2090 1515 2159 μέγιστος,
1550 2091 1656 2143 ἐπεὶ
1692 2092 1821 2158 ὕδωρ
1851 2112 1909 2159 γε
1940 2090 1994 2143 ἓν

333 2174 454 2241 πρὸς
479 2175 531 2227 ἓν
556 2175 876 2241 συμβάλλειν
900 2176 926 2226 6
949 2179 1135 2229 Νεῖλος
1168 2174 1349 2240 πλήθεϊ
1380 2174 1689 2243 ἀποκρατέει·
1735 2176 1787 2229 ἐς
1816 2176 1911 2242 γὰρ
1933 2174 1992 2239 δὴ

332 2263 507 2311 τοῦτον
520 2260 632 2312 οὔτε
643 2259 861 2325 ποταμὸς
880 2260 991 2312 οὔτε
1011 2258 1160 2327 κρήνη
1180 2259 1381 2325 οὐδεμία
1401 2261 1660 2311 ἐκδιδοῦσα
1677 2261 1726 2314 ἐς
1743 2259 1935 2324 πλῆθός
1947 2261 1994 2312 οἱ
2019 2279 2067 2320 25

390 2410 408 2436 1
441 2399 658 2450 Τιαραντὸς
681 2398 714 2436 Ρ
728 2399 767 2437 R
783 2398 812 2437 S
826 2398 863 2437 V
960 2397 1135 2451 ἑσπέρην
1156 2398 1189 2436 Ρ
1205 2399 1243 2437 R
1259 2397 1341 2437 SV
1431 2397 1474 2439 ’τί
1495 2397 1553 2437 C:
1583 2413 1650 2438 ται
1672 2395 1712 2435 R
1823 2409 1849 2434 2
1877 2396 1948 2437 alt.
1971 2400 1993 2439 6

331 2465 413 2492 om.
449 2453 490 2491 R
505 2453 534 2493 S
548 2453 586 2492 V
714 2459 808 2492 tert.
843 2456 862 2493 ὁ
894 2452 928 2492 Ρ
957 2453 1075 2492 solus
1203 2453 1404 2505 Ὄρδησος
1435 2452 1476 2490 R
1490 2452 1520 2491 S
1532 2451 1589 2490 V⁰
1793 2451 1831 2501 ’3
1861 2450 1992 2494 ἰόντες
2041 2487 2054 2499 ,

330 2506 468 2546 ABC
645 2522 670 2558 4
701 2525 790 2549 ποτ.
813 2512 930 2551 Σκυθ.
955 2507 988 2547 Ρ
1167 2521 1203 2556 7,
1231 2520 1292 2556 12,
1321 2509 1369 2546 16
1397 2505 1544 2560 βορέην
1565 2505 1598 2544 C
1616 2505 1649 2544 P
1810 2506 1838 2544 8
1864 2506 1993 2560 Λύρας

332 2561 373 2600 R
387 2562 417 2600 S
432 2562 470 2600 V
581 2563 769 2616 Θρηϊκίης
786 2563 819 2601 C
930 2567 1015 2604 τῶν
1033 2575 1115 2602 om.
1140 2562 1178 2600 R
1195 2562 1224 2601 S
1237 2563 1276 2601 V
1413 2575 1440 2611 9
1471 2566 1601 2615 Κρωβ.
1621 2560 1661 2599 Α
1675 2559 1708 2598 Β
1723 2559 1757 2599 C
1867 2561 1991 2603 Νοίας

334 2616 373 2655 R
389 2617 419 2655 S
437 2618 470 2654 V
638 2617 832 2671 Ἀτάρνης
863 2617 895 2655 C
912 2617 945 2655 P
1112 2619 1236 2658 ἐσδιδ.
1267 2615 1306 2654 R
1320 2616 1351 2656 S
1364 2615 1402 2654 V
1623 2627 1673 2654 10
1701 2616 1775 2656 τὸν
1799 2627 1880 2656 om.
1906 2615 1940 2654 C
1955 2615 1990 2654 P

333 2671 426 2712 Κίος
447 2671 487 2710 Α
504 2671 538 2710 Β
556 2671 590 2710 C
606 2672 639 2710 P
806 2684 851 2710 11
882 2671 1007 2723 μέσος
1027 2671 1066 2711 Α
1083 2671 1118 2709 Β
1134 2671 1167 2710 C
1281 2674 1436 2712 ἐσδιδοῖ
1450 2670 1490 2709 Α
1502 2670 1536 2708 Β
1705 2683 1754 2710 12
1784 2670 1926 2721 ἄνεμος
1947 2670 1988 2709 R

334 2737 382 2775 13
403 2727 452 2767 τὸ
467 2727 604 2768 πεδίον
621 2727 671 2767 ’τὸ
694 2727 732 2766 R
748 2726 777 2766 S
790 2727 828 2765 V
905 2727 1148 2779 Τριβαλικδν
1165 2726 1197 2764 C
1216 2740 1224 2765 :
1254 2724 1499 2779 Τριβάλλιον
1520 2725 1558 2763 R
1576 2724 1656 2763 SV
1769 2726 1819 2763 16
1839 2724 1988 2778 Κάρμις
2047 2768 2051 2771 ,

333 2779 372 2817 R
389 2780 419 2819 S
432 2781 470 2819 V
605 2781 753 2822 Ἄλπις
773 2782 952 2831 ποταμὸς
972 2780 1012 2818 Α
1025 2780 1059 2818 Β
1077 2781 1109 2818 C
1334 2792 1379 2828 17
1411 2782 1546 2831 ἐσδιδ.,
1558 2779 1598 2816 R
1613 2779 1644 2818 S
1659 2779 1695 2818 V
1833 2780 1883 2828 δὴ
1902 2791 1985 2819 om.

333 2834 371 2872 R
389 2835 419 2874 S
432 2835 468 2873 V
598 2848 648 2886 19
676 2835 791 2889 πρὸς]
815 2837 907 2886 πρὶν
926 2835 965 2873 Α
982 2835 1016 2874 Β
1033 2835 1066 2874 C
1195 2848 1248 2874 20
1275 2837 1350 2883 τῆς
1370 2847 1450 2873 om.
1475 2833 1514 2872 A
1528 2834 1562 2872 B
1577 2834 1610 2872 C
1738 2845 1787 2872 21
1819 2833 1986 2881 Σκυθίης

329 2888 370 2927 Α
383 2888 418 2927 Β
433 2889 465 2928 C
483 2889 516 2928 P
623 2889 802 2931 τουτέων
824 2890 862 2928 R
878 2891 907 2929 S
920 2890 958 2929 V
1067 2902 1119 2939 24
1151 2890 1373 2944 ἐπικρατέει
1397 2889 1429 2928 Ρ
1443 2888 1481 2928 R
1497 2889 1526 2928 S
1539 2888 1578 2928 V
1688 2899 1739 2938 25
1771 2890 1891 2929 ἐκδιδ.
1908 2886 1986 2927 A²z
2053 2902 2063 2907 “

332 2945 456 2985 ἐσδιδ.
487 2943 522 2983 L
633 2945 688 2996 οἱ]
714 2947 753 2986 ἐς
776 2944 814 2982 R
832 2944 861 2984 S
877 2944 914 2983 V
