2098 3320
702 126 1078 195 ISTOPIQN
1138 147 1177 196 Γ
1227 199 1229 202 ⁴
1821 146 2028 210 111.133

113 274 360 345 γενέσθαι·
405 274 630 347 Ἀτόσσῃ
664 283 725 348 τῇ
763 275 925 343 Κύρου
960 278 1052 341 μὲν
1090 278 1311 344 θυγατρί,
1346 278 1561 344 Δαρείου
1598 279 1651 330 δὲ
1688 298 1773 344 γυ-

111 361 241 414 ναικὶ
270 361 351 413 ἐπὶ
386 364 472 411 τοῦ
510 365 706 425 μαστοῦ
729 359 840 427 ,ἔφυ
880 365 1035 430 φῂμα,
1067 363 1193 426 μετὰ
1234 363 1288 414 δὲ
1327 363 1535 429 ἐκραγὲν
1575 360 1776 427 ἐνέμετο
1799 362 2062 414 Qum.

111 444 300 512 πρόσω.
390 443 516 495 ὅσον
546 445 637 509 μὲν
667 443 725 508 δὴ
755 445 941 513 χρόνον
970 445 1031 510 ἣν
1063 445 1308 504 ἔλασσον,
1339 445 1369 511 ἡ
1402 448 1453 497 δὲ
1493 445 1777 513 κρύπτουσα

113 529 190 581 καὶ
214 526 550 596 αἰσχυνομένη
583 527 767 595 ἔφραζε
797 529 975 591 οὐδενί,
1004 530 1168 582 ἐπείτε
1198 532 1252 581 δὲ
1284 531 1337 581 ἐν
1362 535 1492 600 κακῷ
1523 528 1600 594 ἦν,
1631 552 1773 596 μετε-

64 637 86 678 5
112 613 348 681 πέμψατο
387 611 475 664 τὸν
508 610 932 680 Δημοκήδεαδκαί
962 615 1009 665 οἱ
1045 612 1260 678 ἐπέδεξε.
1352 614 1378 663 ὁ
1413 616 1467 665 δὲ
1499 615 1600 681 φὰς
1636 614 1776 683 ὑγιέα
1812 636 1836 667 2

111 696 339 763 ποιήσειν
370 693 569 763 ἐξορκοῖ
592 717 678 762 μιν
708 694 739 761 ἦ
767 695 859 762 μέν
890 699 937 749 οἱ
968 695 1365 765 ἀντυποργήσειν
1403 698 1595 762 ἐκείνην
1633 703 1778 758 τοῦτο

110 782 168 835 τὸ
205 780 267 834 ἂν
306 781 455 846 αὐτῆς
496 783 659 854 δεηθῇ,
695 779 969 846 δεήσεσθαι
1010 784 1062 834 δὲ
1101 781 1300 835 οὐδενὸς
1336 786 1434 834 τῶν
1471 783 1570 834 ὅσα
1612 784 1662 836 ἐς
1702 785 1776 835 αἷ-

112 867 305 936 σχύνην
338 866 447 918 ἐστὶ
479 865 713 934 φέροντα.
806 866 870 921 ὡς
902 869 955 919 δὲ
983 866 1078 933 ἄρα
1112 888 1198 932 μιν
1233 869 1357 932 μετὰ
1389 871 1542 919 ταῦτα
1574 868 1781 933 ἰώμενος
1816 885 1907 935 134

109 950 253 1020 ὑγιέα
283 948 508 1016 ἀπέδεξε,
543 953 755 1003 ἐνθαῦτα
785 950 843 1016 δὴ
876 954 1173 1019 διδαχθεῖσα
1207 953 1302 1004 ὑπὸ
1340 956 1426 1003 τοῦ
1458 951 1781 1018 Δημοκήδεος

41 1036 139 1102 ιοὴ
169 1034 408 1088 ’Ἄτοσσα
447 1034 734 1103 προσέφερε
771 1037 824 1087 ἐν
858 1043 918 1109 τῇ
960 1037 1098 1108 κοίτῃ
1135 1036 1332 1106 Δαρείῳ
1372 1037 1530 1103 λόγον
1569 1038 1779 1089 τοιόνδε·

32 1111 38 1114 ’
103 1119 178 1172 9Ω
207 1124 443 1187 βασιλεῦ,
477 1119 609 1189 ἔχων
640 1120 846 1186 δύναμιν
877 1121 1127 1186 τοσαύτην
1160 1119 1387 1186 κάτησαι,
1419 1121 1531 1173 οὔτε
1561 1143 1608 1173 τι
1639 1122 1781 1175 ἔθνος

111 1205 495 1273 προσκτώμενος
526 1205 640 1257 οὔτε
669 1205 878 1271 δύναμιν
911 1204 1163 1277 Πέρσῃσι.
1240 1205 1373 1259 οἰκὸς
1405 1204 1458 1257 δέ
1489 1207 1599 1258 ἐστι
1629 1204 1781 1273 ἄνδρα
1817 1226 1841 1258 2

112 1290 192 1342 καὶ
234 1289 349 1342 νέον
394 1290 473 1342 καὶ
519 1287 790 1358 χρημάτων
835 1289 1069 1358 μεγάλων
1117 1290 1367 1355 δεσπότην
1414 1291 1690 1357 φαίνεσθαί
1733 1312 1781 1342 τι

113 1375 553 1440 ἀποδεικνύμενον,-
587 1375 669 1426 ἵνα
710 1374 788 1426 καὶ
831 1373 1029 1442 Πέρσαι
1075 1373 1328 1439 ἐκμάθωσι
1369 1375 1445 1426 ὅτι
1484 1373 1566 1426 ὑπ’
1606 1374 1782 1441 ἀνδρὸς

42 1484 88 1526 ¹5
111 1458 367 1528 ἄρχονται.
455 1458 533 1512 ἐπ’
571 1459 833 1526 ἀμφότερα
873 1458 928 1511 δέ
955 1464 1045 1510 4τοι
1085 1458 1228 1526 φέρει
1270 1463 1423 1510 ταῦτα
1463 1458 1666 1518 ποιέειν,
1703 1459 1781 1510 καὶ

112 1544 194 1596 ἵνα
224 1542 399 1611 σφέων
424 1542 624 1610 Πέρσαι
655 1542 985 1596 ἐπιστέωνται
1013 1542 1167 1610 ἄνδρα
1199 1543 1323 1595 εἶναι
1354 1543 1441 1596 τὸν
1464 1549 1782 1610 προεστεῶτα

114 1627 193 1680 καὶ
229 1628 311 1680 ἵνα
348 1629 623 1695 τρίβωνται
662 1627 867 1698 πολέμῳ
912 1630 1036 1693 μηδὲ
1084 1627 1282 1696 σχολὴν
1323 1627 1531 1695 ἄγοντες
1572 1629 1778 1693 ἐπιβου-

111 1711 306 1765 λεύωσί
327 1734 419 1764 τοι.
507 1716 594 1765 νῦν
626 1714 721 1780 γὰρ
751 1711 812 1765 ἄν
848 1733 896 1764 τι
932 1712 1011 1763 καὶ
1044 1710 1309 1777 ἀποδέξαιο
1349 1713 1514 1779 ἔργον,
1548 1712 1639 1766 ἕως
1670 1711 1782 1766 νέος
1820 1735 1844 1778 3

114 1797 182 1851 εἶς
221 1797 435 1863 ἡλικίην·
481 1795 733 1866 αὐξομένῳ
770 1799 866 1864 γὰρ
905 1802 973 1867 τῷ
1011 1797 1205 1862 σώματι
1247 1794 1577 1861 συναύξονται
1615 1796 1694 1847 καὶ
1731 1798 1781 1848 αἱ

41 1905 92 1936 20
153 1880 309 1947 ρένες,
340 1880 648 1950 γηράσκοντι
679 1883 731 1933 δὲ
765 1880 1179 1948 συγγηράσκουσι
1215 1881 1295 1933 καὶ
1334 1883 1383 1935 ἐς
1419 1883 1480 1932 τὰ
1517 1879 1782 1948 πρήγματα

114 1964 276 2018 πάντα
304 1965 736 2032 ἀπαμβλύνονται.
826 1966 855 2030 ἡ
893 1968 985 2031 μὲν
1016 1965 1075 2030 δὴ
1107 1970 1258 2018 ταῦτα
1290 1968 1344 2017 ἐκ
1375 1967 1581 2033 διδαχῆς
1617 1964 1779 2031 ἔλεγε,
1816 1988 1844 2031 4

114 2050 141 2099 ὁ
170 2049 212 2101 δ’
242 2050 482 2115 ἀμείβετο
513 2052 720 2102 τοισίδε·
759 2049 832 2100 ς,Ω
863 2051 1023 2117 γύναι,
1058 2050 1219 2102 πάντα
1250 2051 1347 2100 ὅσα
1377 2071 1468 2116 περ
1498 2048 1643 2102 αὐτὸς
1674 2050 1779 2101 ἐπι-

114 2133 235 2187 νοέω
256 2133 484 2199 ποιήσειν
509 2136 720 2202 εἵρηκας·
764 2136 863 2201 ἐγὼ
881 2138 979 2202 γὰρ
1001 2135 1348 2200 βεβούλευμαι
1369 2133 1538 2199 ζεύξας
1557 2132 1782 2200 γέφυραν

115 2219 170 2270 ἐκ
208 2221 362 2283 τῆσδε
403 2222 491 2284 τῆς
530 2219 734 2286 ἠπείρου
777 2221 827 2273 ἐς
871 2220 961 2284 τὴν
1007 2218 1180 2286 ἑτέρην
1223 2218 1427 2286 ἤπειρον
1468 2216 1549 2270 ἐπὶ
1591 2218 1782 2271 Σκύθας

43 2325 91 2367 25
116 2303 491 2370 στρατεύεσθαι·
555 2304 635 2355 καὶ
674 2309 827 2356 ταῦτα
866 2306 1042 2371 ὀλίγου
1082 2305 1267 2372 χρόνου
1306 2303 1450 2354 ἔσται
1489 2301 1778 2367 τελεύμενα.

113 2386 253 2455 λέγει
274 2387 510 2440 Ἀτοσσα
540 2387 672 2441 τάδε·
710 2387 844 2456 ’Όρα
873 2410 978 2449 νυν,
1007 2389 1088 2440 ἐπὶ
1122 2388 1311 2442 Σκύθας
1340 2389 1433 2452 μὲν
1463 2386 1553 2451 τὴν
1583 2387 1780 2452 πρώτην
1821 2406 1840 2451 5

116 2470 240 2524 ἰέναι
279 2472 449 2525 ἔασον·
497 2473 631 2525 οὗτοι
671 2472 782 2540 γάρ,
816 2475 968 2525 ἐπεὰν
1011 2473 1074 2523 σὺ
1115 2473 1298 2544 βούλῃ,
1333 2471 1542 2523 ἔσονταί
1578 2491 1668 2521 τοι·
1717 2470 1780 2521 σὺ

169 2624 194 2661 5
225 2611 401 2665 ἐπέδειξε
422 2611 510 2651 ΑΒ
536 2612 654 2652 Suid:
779 2614 807 2651 6
837 2611 1183 2666 ἀντυπουργήσειν
1206 2611 1239 2650 L
1359 2623 1380 2660 7
1412 2610 1479 2663 τὸ]
1503 2611 1524 2651 ’ὃ
1545 2609 1632 2647 ΑΒ
1658 2609 1775 2649 Suid.

117 2668 156 2708 ἐς
176 2678 258 2706 om.
285 2667 318 2706 P
334 2667 372 2706 R
388 2667 418 2707 S
433 2668 468 2707 V
621 2669 647 2706 8
675 2684 744 2718 μιν
762 2669 865 2718 μετὰ
884 2670 1014 2708 ταῦτα
1033 2684 1103 2718 μιν
1124 2666 1213 2705 RV
1370 2678 1416 2704 11
1450 2664 1620 2714 κάθησαι
1642 2663 1730 2702 ΑΒ
1746 2664 1779 2702 C

118 2733 166 2760 12
196 2723 301 2764 εἰκὸς
323 2722 352 2762 S
366 2722 404 2760 V
565 2735 614 2772 13
645 2721 850 2772 δεσπότην
870 2721 1063 2775 μεγάλων
1084 2721 1119 2760 Ρ
1282 2732 1329 2769 15
1360 2719 1554 2772 συμφέρει
1576 2719 1774 2759 Cantabr.

119 2777 167 2814 16
196 2781 435 2830 προεστῶτα
453 2776 493 2816 Α
509 2776 544 2815 Β
560 2777 598 2817 R
615 2777 697 2816 SV
847 2789 898 2828 19
926 2775 1177 2829 αὐξανομένῳ
1200 2775 1238 2813 R
1255 2774 1337 2814 SV
1358 2774 1478 2815 Stob.
1502 2776 1592 2815 flor.
1618 2775 1709 2823 116,
1723 2786 1778 2824 45

116 2830 256 2871 Schol.
280 2831 361 2870 Od.
386 2837 508 2881 3315
620 2830 931 2884 συναυξάνονται
954 2830 1148 2871 Eustath.
1173 2830 1254 2869 Od.
1284 2842 1385 2879 1447
1499 2842 1554 2868 20
1584 2827 1777 2881 συγγηρ.]

113 2902 204 2939 γηρ.
229 2885 268 2924 R
446 2899 496 2926 21
530 2887 741 2938 ἄπλαμβλ.
770 2886 861 2924 RV
973 2889 1166 2938 διαδοχῆς
1187 2885 1268 2924 SV
1447 2897 1498 2923 22
1529 2884 1720 2934 ἀμείβετο
1743 2883 1776 2921 C

114 2953 280 2991 quoque
391 2945 529 2983 τοῖσδε
548 2941 581 2980 L
694 2943 748 2979 26
778 2940 861 2992 ἐπὶ]
886 2944 926 2982 ἐς
946 2940 985 2979 Α
1000 2940 1034 2979 Β
1049 2940 1083 2979 C
1193 2939 1268 2991 μὲν
1288 2952 1371 2980 om.
1397 2939 1435 2979 R
1449 2939 1486 2977 V
1598 2951 1647 2990 27
1679 2939 1777 2981 εἶναι

115 2994 286 3036 Bekker
395 2996 535 3045 βούλει
558 2999 612 3044 (ει
634 3009 689 3035 ex
710 2997 841 3039 corr.)
867 2995 904 3034 R
