<?xml version="1.0" encoding="UTF-8"?>
<!DOCTYPE html PUBLIC "-//W3C//DTD XHTML 1.0 Transitional//EN"
    "http://www.w3.org/TR/xhtml1/DTD/xhtml1-transitional.dtd">
<html xmlns="http://www.w3.org/1999/xhtml" xml:lang="en" lang="en">
 <head>
  <title>
</title>
<meta http-equiv="Content-Type" content="text/html;charset=utf-8" />
  <meta name='ocr-system' content='tesseract 3.04.00' />
  <meta name='ocr-capabilities' content='ocr_page ocr_carea ocr_par ocr_line ocrx_word'/>
</head>
<body>
  <div class='ocr_page' id='page_1' title='image "./herodotihistoria01herouoft_0391.png"; bbox 0 0 2098 3320; ppageno 0'>
   <div class='ocr_carea' id='block_1_1' title="bbox 671 59 689 70">
    <p class='ocr_par' dir='ltr' id='par_1_1' title="bbox 671 59 689 70">
     <span class='ocr_line' id='line_1_1' title="bbox 671 59 689 70; baseline 0 0"><span class='ocrx_word' id='word_1_1' title='bbox 671 59 689 70; x_wconf 60' lang='grc' dir='ltr'><em>κ</em></span> 
     </span>
    </p>
   </div>
   <div class='ocr_carea' id='block_1_2' title="bbox 745 111 1227 186">
    <p class='ocr_par' dir='ltr' id='par_1_2' title="bbox 745 111 1227 186">
     <span class='ocr_line' id='line_1_2' title="bbox 745 111 1227 186; baseline 0.006 -3"><span class='ocrx_word' id='word_1_2' title='bbox 745 111 1119 186; x_wconf 76' lang='grc' dir='ltr'>[ΣΤΟΡΙΩΝ</span> <span class='ocrx_word' id='word_1_3' title='bbox 1183 141 1227 186; x_wconf 82' lang='grc' dir='ltr'>Δ</span> 
     </span>
    </p>
   </div>
   <div class='ocr_carea' id='block_1_3' title="bbox 0 267 1812 2278">
    <p class='ocr_par' dir='ltr' id='par_1_3' title="bbox 11 267 1812 1685">
     <span class='ocr_line' id='line_1_3' title="bbox 147 267 1812 339; baseline 0.002 -18"><span class='ocrx_word' id='word_1_4' title='bbox 147 267 350 336; x_wconf 81' lang='grc' dir='ltr'>Πέρσης</span> <span class='ocrx_word' id='word_1_5' title='bbox 372 268 640 319; x_wconf 84' lang='grc' dir='ltr'>τείσασθαι</span> <span class='ocrx_word' id='word_1_6' title='bbox 662 269 749 331; x_wconf 87' lang='grc' dir='ltr'>τῆς</span> <span class='ocrx_word' id='word_1_7' title='bbox 772 268 964 334; x_wconf 88' lang='grc' dir='ltr'>πρόσθε</span> <span class='ocrx_word' id='word_1_8' title='bbox 995 269 1301 334; x_wconf 82' lang='grc' dir='ltr'>δουλοσύνης</span> <span class='ocrx_word' id='word_1_9' title='bbox 1332 268 1658 336; x_wconf 84' lang='grc' dir='ltr'>βουλόμενος,</span> <span class='ocrx_word' id='word_1_10' title='bbox 1684 275 1812 339; x_wconf 84' lang='grc' dir='ltr'>χρῆν</span> 
     </span>
     <span class='ocr_line' id='line_1_4' title="bbox 28 350 1811 429; baseline 0.001 -24"><span class='ocrx_word' id='word_1_11' title='bbox 28 419 38 429; x_wconf 2' lang='grc' dir='ltr'>ἡ,</span> <span class='ocrx_word' id='word_1_12' title='bbox 146 351 294 405; x_wconf 78' lang='grc' dir='ltr'>αὐτὸν</span> <span class='ocrx_word' id='word_1_13' title='bbox 331 350 531 405; x_wconf 88' lang='grc' dir='ltr'>πάντων</span> <span class='ocrx_word' id='word_1_14' title='bbox 567 355 666 403; x_wconf 82' lang='grc' dir='ltr'>τῶν</span> <span class='ocrx_word' id='word_1_15' title='bbox 701 350 874 404; x_wconf 87' lang='grc' dir='ltr'>ἄλλων</span> <span class='ocrx_word' id='word_1_16' title='bbox 916 351 1229 420; x_wconf 80' lang='grc' dir='ltr'>ἀπεχόμενον</span> <span class='ocrx_word' id='word_1_17' title='bbox 1267 353 1392 406; x_wconf 85' lang='grc' dir='ltr'>ἰέναι</span> <span class='ocrx_word' id='word_1_18' title='bbox 1432 355 1558 405; x_wconf 84' lang='grc' dir='ltr'>οὕτω</span> <span class='ocrx_word' id='word_1_19' title='bbox 1602 355 1682 406; x_wconf 89' lang='grc' dir='ltr'>ἐπὶ</span> <span class='ocrx_word' id='word_1_20' title='bbox 1722 355 1811 419; x_wconf 75' lang='grc' dir='ltr'>τὴν</span> 
     </span>
     <span class='ocr_line' id='line_1_5' title="bbox 26 433 1810 504; baseline 0.001 -16"><span class='ocrx_word' id='word_1_21' title='bbox 26 440 66 499; x_wconf 53' lang='lat' dir='ltr'>x]</span> <span class='ocrx_word' id='word_1_22' title='bbox 143 435 401 504; x_wconf 82' lang='grc' dir='ltr'>ἡμετέρην,</span> <span class='ocrx_word' id='word_1_23' title='bbox 429 436 508 488; x_wconf 89' lang='grc' dir='ltr'>καὶ</span> <span class='ocrx_word' id='word_1_24' title='bbox 531 434 592 488; x_wconf 84' lang='grc' dir='ltr'>ἂν</span> <span class='ocrx_word' id='word_1_25' title='bbox 617 433 797 500; x_wconf 84' lang='grc' dir='ltr'>ἐδήλου</span> <span class='ocrx_word' id='word_1_26' title='bbox 819 439 947 488; x_wconf 82' lang='grc' dir='ltr'>πᾶσι</span> <span class='ocrx_word' id='word_1_27' title='bbox 978 436 1043 489; x_wconf 87' lang='grc' dir='ltr'>ὡς</span> <span class='ocrx_word' id='word_1_28' title='bbox 1073 437 1154 489; x_wconf 86' lang='grc' dir='ltr'>ἐπὶ</span> <span class='ocrx_word' id='word_1_29' title='bbox 1178 437 1370 491; x_wconf 85' lang='grc' dir='ltr'>Σκύθας</span> <span class='ocrx_word' id='word_1_30' title='bbox 1393 439 1592 491; x_wconf 82' lang='grc' dir='ltr'>ἐλαύνει</span> <span class='ocrx_word' id='word_1_31' title='bbox 1623 440 1701 491; x_wconf 90' lang='grc' dir='ltr'>καὶ</span> <span class='ocrx_word' id='word_1_32' title='bbox 1723 439 1810 491; x_wconf 89' lang='grc' dir='ltr'>οὐκ</span> 
     </span>
     <span class='ocr_line' id='line_1_6' title="bbox 68 510 1810 589; baseline -0.001 -14"><span class='ocrx_word' id='word_1_33' title='bbox 68 513 71 515; x_wconf 36' lang='grc'><strong>’</strong></span> <span class='ocrx_word' id='word_1_34' title='bbox 144 521 226 575; x_wconf 86' lang='grc' dir='ltr'>ἐπὶ</span> <span class='ocrx_word' id='word_1_35' title='bbox 262 510 375 574; x_wconf 85' lang='grc' dir='ltr'>τοὺς</span> <span class='ocrx_word' id='word_1_36' title='bbox 409 519 613 573; x_wconf 86' lang='grc' dir='ltr'>ἄλλους.</span> <span class='ocrx_word' id='word_1_37' title='bbox 700 524 788 572; x_wconf 86' lang='grc' dir='ltr'>νῦν</span> <span class='ocrx_word' id='word_1_38' title='bbox 818 522 871 572; x_wconf 84' lang='grc' dir='ltr'>δὲ</span> <span class='ocrx_word' id='word_1_39' title='bbox 909 522 1070 573; x_wconf 83' lang='grc' dir='ltr'>ἐπείτε</span> <span class='ocrx_word' id='word_1_40' title='bbox 1106 520 1324 589; x_wconf 89' lang='grc' dir='ltr'>τάχιστα</span> <span class='ocrx_word' id='word_1_41' title='bbox 1359 521 1502 588; x_wconf 80' lang='grc' dir='ltr'>διέβη</span> <span class='ocrx_word' id='word_1_42' title='bbox 1537 520 1632 588; x_wconf 87' lang='grc' dir='ltr'>&lt;ἐς&gt;</span> <span class='ocrx_word' id='word_1_43' title='bbox 1655 522 1810 588; x_wconf 89' lang='grc' dir='ltr'>-τήνδε</span> 
     </span>
     <span class='ocr_line' id='line_1_7' title="bbox 33 602 1806 672; baseline 0.001 -13.99"><span class='ocrx_word' id='word_1_44' title='bbox 33 602 42 619; x_wconf 63' lang='lat'><strong><em>⁷</em></strong></span> <span class='ocrx_word' id='word_1_45' title='bbox 95 629 119 672; x_wconf 81' lang='lat'>5</span> <span class='ocrx_word' id='word_1_46' title='bbox 142 605 232 671; x_wconf 82' lang='grc' dir='ltr'>τὴν</span> <span class='ocrx_word' id='word_1_47' title='bbox 255 603 474 671; x_wconf 85' lang='grc' dir='ltr'>ἤπειρον,</span> <span class='ocrx_word' id='word_1_48' title='bbox 494 603 608 658; x_wconf 84' lang='grc' dir='ltr'>τοὺς</span> <span class='ocrx_word' id='word_1_49' title='bbox 632 603 728 656; x_wconf 85' lang='grc' dir='ltr'>αἰεὶ</span> <span class='ocrx_word' id='word_1_50' title='bbox 753 604 982 669; x_wconf 86' lang='grc' dir='ltr'>ἐμποδὼν</span> <span class='ocrx_word' id='word_1_51' title='bbox 1006 604 1294 672; x_wconf 85' lang='grc' dir='ltr'>γινομένους</span> <span class='ocrx_word' id='word_1_52' title='bbox 1318 606 1579 672; x_wconf 85' lang='grc' dir='ltr'>ἡμεροῦται</span> <span class='ocrx_word' id='word_1_53' title='bbox 1602 606 1806 661; x_wconf 85' lang='grc' dir='ltr'>πάντας.</span> 
     </span>
     <span class='ocr_line' id='line_1_8' title="bbox 141 687 1809 760; baseline -0.001 -14.067"><span class='ocrx_word' id='word_1_54' title='bbox 141 689 261 746; x_wconf 84' lang='grc' dir='ltr'>τούς</span> <span class='ocrx_word' id='word_1_55' title='bbox 284 711 339 742; x_wconf 93' lang='grc' dir='ltr'>τε</span> <span class='ocrx_word' id='word_1_56' title='bbox 369 688 426 754; x_wconf 80' lang='grc' dir='ltr'>δὴ</span> <span class='ocrx_word' id='word_1_57' title='bbox 459 687 643 742; x_wconf 86' lang='grc' dir='ltr'>ἄλλους</span> <span class='ocrx_word' id='word_1_58' title='bbox 675 688 781 756; x_wconf 88' lang='grc' dir='ltr'>ἔχει</span> <span class='ocrx_word' id='word_1_59' title='bbox 810 688 893 741; x_wconf 84' lang='grc' dir='ltr'>ὑπ’</span> <span class='ocrx_word' id='word_1_60' title='bbox 925 691 1088 760; x_wconf 79' lang='grc' dir='ltr'>ἑωυτῷ</span> <span class='ocrx_word' id='word_1_61' title='bbox 1122 687 1343 755; x_wconf 87' lang='grc' dir='ltr'>Θρήικας</span> <span class='ocrx_word' id='word_1_62' title='bbox 1382 691 1459 742; x_wconf 86' lang='grc' dir='ltr'>καὶ</span> <span class='ocrx_word' id='word_1_63' title='bbox 1496 689 1553 754; x_wconf 83' lang='grc' dir='ltr'>δὴ</span> <span class='ocrx_word' id='word_1_64' title='bbox 1587 691 1665 743; x_wconf 90' lang='grc' dir='ltr'>καὶ</span> <span class='ocrx_word' id='word_1_65' title='bbox 1695 691 1809 745; x_wconf 86' lang='grc' dir='ltr'>τοὺς</span> 
     </span>
     <span class='ocr_line' id='line_1_9' title="bbox 11 772 1806 842; baseline -0.001 -15"><span class='ocrx_word' id='word_1_66' title='bbox 11 779 41 797; x_wconf 69' lang='grc'>”</span> <span class='ocrx_word' id='word_1_67' title='bbox 84 806 87 809; x_wconf 92' lang='grc'><strong>-</strong></span> <span class='ocrx_word' id='word_1_68' title='bbox 140 774 257 840; x_wconf 87' lang='grc' dir='ltr'>ἡμῖν</span> <span class='ocrx_word' id='word_1_69' title='bbox 297 774 470 828; x_wconf 81' lang='grc' dir='ltr'>ἐόντας</span> <span class='ocrx_word' id='word_1_70' title='bbox 506 772 894 841; x_wconf 77' lang='grc' dir='ltr'>πλησιοχώρους</span> <span class='ocrx_word' id='word_1_71' title='bbox 934 772 1103 826; x_wconf 86' lang='grc' dir='ltr'>Γέτας.</span> <span class='ocrx_word' id='word_1_72' title='bbox 1194 778 1346 825; x_wconf 85' lang='grc' dir='ltr'>ταῦτα</span> <span class='ocrx_word' id='word_1_73' title='bbox 1382 774 1610 826; x_wconf 90' lang='grc' dir='ltr'>Σκυθέων</span> <span class='ocrx_word' id='word_1_74' title='bbox 1653 776 1806 842; x_wconf 91' lang='grc' dir='ltr'>ἐπαγ-</span> 
     </span>
     <span class='ocr_line' id='line_1_10' title="bbox 142 856 1809 927; baseline -0.001 -16"><span class='ocrx_word' id='word_1_75' title='bbox 142 856 463 927; x_wconf 87' lang='grc' dir='ltr'>γελλομένων</span> <span class='ocrx_word' id='word_1_76' title='bbox 503 858 838 924; x_wconf 87' lang='grc' dir='ltr'>ἐβουλεύοντο</span> <span class='ocrx_word' id='word_1_77' title='bbox 883 860 929 909; x_wconf 81' lang='grc' dir='ltr'>οἱ</span> <span class='ocrx_word' id='word_1_78' title='bbox 973 857 1220 923; x_wconf 80' lang='grc' dir='ltr'>βασιλέες</span> <span class='ocrx_word' id='word_1_79' title='bbox 1263 860 1309 910; x_wconf 82' lang='grc' dir='ltr'>οἱ</span> <span class='ocrx_word' id='word_1_80' title='bbox 1351 858 1449 910; x_wconf 92' lang='grc' dir='ltr'>ἀπὸ</span> <span class='ocrx_word' id='word_1_81' title='bbox 1486 864 1583 910; x_wconf 87' lang='grc' dir='ltr'>τῶν</span> <span class='ocrx_word' id='word_1_82' title='bbox 1624 858 1809 912; x_wconf 86' lang='grc' dir='ltr'>ἐθνέων</span> 
     </span>
     <span class='ocr_line' id='line_1_11' title="bbox 17 942 1809 1015; baseline 0.001 -20"><span class='ocrx_word' id='word_1_83' title='bbox 17 1006 21 1015; x_wconf 88' lang='lat'><em>.</em></span> <span class='ocrx_word' id='word_1_84' title='bbox 141 943 359 1011; x_wconf 88' lang='grc' dir='ltr'>ἥκοντες,</span> <span class='ocrx_word' id='word_1_85' title='bbox 388 944 470 995; x_wconf 91' lang='grc' dir='ltr'>καί</span> <span class='ocrx_word' id='word_1_86' title='bbox 498 948 674 1010; x_wconf 91' lang='grc' dir='ltr'>σφεων</span> <span class='ocrx_word' id='word_1_87' title='bbox 706 943 1027 1010; x_wconf 84' lang='grc' dir='ltr'>ἐσχίσθησαν</span> <span class='ocrx_word' id='word_1_88' title='bbox 1057 945 1107 994; x_wconf 83' lang='grc' dir='ltr'>αἱ</span> <span class='ocrx_word' id='word_1_89' title='bbox 1137 946 1343 1010; x_wconf 80' lang='grc' dir='ltr'>γνῶμαι.</span> <span class='ocrx_word' id='word_1_90' title='bbox 1412 944 1438 992; x_wconf 98' lang='lat'><em>6</em></span> <span class='ocrx_word' id='word_1_91' title='bbox 1467 945 1559 1008; x_wconf 82' lang='grc' dir='ltr'>μὲν</span> <span class='ocrx_word' id='word_1_92' title='bbox 1583 942 1809 997; x_wconf 87' lang='grc' dir='ltr'>Γελωνὸς</span> 
     </span>
     <span class='ocr_line' id='line_1_12' title="bbox 33 1026 1809 1094; baseline -0.002 -12.033"><span class='ocrx_word' id='word_1_93' title='bbox 33 1028 40 1036; x_wconf 68' lang='grc'><strong><em>’</em></strong></span> <span class='ocrx_word' id='word_1_94' title='bbox 71 1047 119 1079; x_wconf 79' lang='grc' dir='ltr'>ιο</span> <span class='ocrx_word' id='word_1_95' title='bbox 141 1027 221 1081; x_wconf 89' lang='grc' dir='ltr'>καὶ</span> <span class='ocrx_word' id='word_1_96' title='bbox 265 1029 292 1079; x_wconf 92' lang='lat'><em>6</em></span> <span class='ocrx_word' id='word_1_97' title='bbox 337 1030 572 1080; x_wconf 84' lang='grc' dir='ltr'>Βουδῖνος</span> <span class='ocrx_word' id='word_1_98' title='bbox 618 1027 698 1079; x_wconf 90' lang='grc' dir='ltr'>καὶ</span> <span class='ocrx_word' id='word_1_99' title='bbox 746 1027 772 1077; x_wconf 95' lang='lat'><em>6</em></span> <span class='ocrx_word' id='word_1_100' title='bbox 817 1026 1138 1094; x_wconf 86' lang='grc' dir='ltr'>Σαυρομάτης</span> <span class='ocrx_word' id='word_1_101' title='bbox 1186 1029 1307 1078; x_wconf 82' lang='grc' dir='ltr'>κατὰ</span> <span class='ocrx_word' id='word_1_102' title='bbox 1348 1026 1504 1079; x_wconf 74' lang='grc' dir='ltr'>τώυτὸ</span> <span class='ocrx_word' id='word_1_103' title='bbox 1549 1028 1809 1094; x_wconf 87' lang='grc' dir='ltr'>γενόμενοι</span> 
     </span>
     <span class='ocr_line' id='line_1_13' title="bbox 138 1109 1808 1183; baseline -0.001 -16"><span class='ocrx_word' id='word_1_104' title='bbox 138 1111 435 1169; x_wconf 81' lang='grc' dir='ltr'>ὑπεδέκοντο</span> <span class='ocrx_word' id='word_1_105' title='bbox 459 1111 681 1183; x_wconf 87' lang='grc' dir='ltr'>Σκύθῃσι</span> <span class='ocrx_word' id='word_1_106' title='bbox 704 1109 1020 1177; x_wconf 87' lang='grc' dir='ltr'>τιμωρήσειν,</span> <span class='ocrx_word' id='word_1_107' title='bbox 1046 1112 1072 1162; x_wconf 93' lang='lat'><em>6</em></span> <span class='ocrx_word' id='word_1_108' title='bbox 1095 1114 1147 1163; x_wconf 81' lang='grc' dir='ltr'>δὲ</span> <span class='ocrx_word' id='word_1_109' title='bbox 1168 1110 1481 1178; x_wconf 84' lang='grc' dir='ltr'>Ἀγάθυρσος</span> <span class='ocrx_word' id='word_1_110' title='bbox 1513 1112 1591 1163; x_wconf 90' lang='grc' dir='ltr'>καὶ</span> <span class='ocrx_word' id='word_1_111' title='bbox 1617 1115 1808 1179; x_wconf 87' lang='grc' dir='ltr'>Νευρὸς</span> 
     </span>
     <span class='ocr_line' id='line_1_14' title="bbox 141 1194 1807 1264; baseline 0 -16"><span class='ocrx_word' id='word_1_112' title='bbox 141 1197 221 1249; x_wconf 89' lang='grc' dir='ltr'>καὶ</span> <span class='ocrx_word' id='word_1_113' title='bbox 243 1194 588 1264; x_wconf 88' lang='grc' dir='ltr'>Ἀνδροφάγος</span> <span class='ocrx_word' id='word_1_114' title='bbox 613 1196 693 1248; x_wconf 89' lang='grc' dir='ltr'>καὶ</span> <span class='ocrx_word' id='word_1_115' title='bbox 724 1197 772 1247; x_wconf 80' lang='grc' dir='ltr'>οἱ</span> <span class='ocrx_word' id='word_1_116' title='bbox 794 1199 892 1247; x_wconf 82' lang='grc' dir='ltr'>τῶν</span> <span class='ocrx_word' id='word_1_117' title='bbox 917 1196 1329 1263; x_wconf 84' lang='grc' dir='ltr'>Μελαγχλαίνων</span> <span class='ocrx_word' id='word_1_118' title='bbox 1359 1196 1439 1247; x_wconf 89' lang='grc' dir='ltr'>καὶ</span> <span class='ocrx_word' id='word_1_119' title='bbox 1460 1195 1669 1262; x_wconf 87' lang='grc' dir='ltr'>Ταύρων</span> <span class='ocrx_word' id='word_1_120' title='bbox 1691 1195 1807 1248; x_wconf 90' lang='grc' dir='ltr'>τάδε</span> 
     </span>
     <span class='ocr_line' id='line_1_15' title="bbox 139 1278 1807 1353; baseline -0.001 -19"><span class='ocrx_word' id='word_1_121' title='bbox 139 1281 360 1353; x_wconf 89' lang='grc' dir='ltr'>Σκύθῃσι</span> <span class='ocrx_word' id='word_1_122' title='bbox 404 1281 755 1347; x_wconf 67' lang='grc' dir='ltr'>ὑπεκρίναντω</span> <span class='ocrx_word' id='word_1_123' title='bbox 797 1281 860 1332; x_wconf 84' lang='grc' dir='ltr'>Εἰ</span> <span class='ocrx_word' id='word_1_124' title='bbox 903 1282 994 1345; x_wconf 84' lang='grc' dir='ltr'>μὲν</span> <span class='ocrx_word' id='word_1_125' title='bbox 1033 1278 1100 1345; x_wconf 83' lang='grc' dir='ltr'>μὴ</span> <span class='ocrx_word' id='word_1_126' title='bbox 1142 1281 1279 1345; x_wconf 82' lang='grc' dir='ltr'>ὑμεῖς</span> <span class='ocrx_word' id='word_1_127' title='bbox 1325 1280 1436 1332; x_wconf 86' lang='grc' dir='ltr'>ἔατε</span> <span class='ocrx_word' id='word_1_128' title='bbox 1482 1282 1528 1331; x_wconf 82' lang='grc' dir='ltr'>οἱ</span> <span class='ocrx_word' id='word_1_129' title='bbox 1568 1280 1807 1347; x_wconf 91' lang='grc' dir='ltr'>πρότερον</span> 
     </span>
     <span class='ocr_line' id='line_1_16' title="bbox 138 1363 1808 1432; baseline -0.002 -12"><span class='ocrx_word' id='word_1_130' title='bbox 138 1364 465 1431; x_wconf 84' lang='grc' dir='ltr'>ἀδικήσαντες</span> <span class='ocrx_word' id='word_1_131' title='bbox 488 1363 694 1432; x_wconf 91' lang='grc' dir='ltr'>Πέρσας</span> <span class='ocrx_word' id='word_1_132' title='bbox 724 1365 805 1417; x_wconf 90' lang='grc' dir='ltr'>καὶ</span> <span class='ocrx_word' id='word_1_133' title='bbox 834 1363 1072 1431; x_wconf 78' lang='grc' dir='ltr'>ἄρξαντες</span> <span class='ocrx_word' id='word_1_134' title='bbox 1103 1363 1341 1429; x_wconf 89' lang='grc' dir='ltr'>πολέμου,</span> <span class='ocrx_word' id='word_1_135' title='bbox 1366 1364 1551 1416; x_wconf 86' lang='grc' dir='ltr'>τούτων</span> <span class='ocrx_word' id='word_1_136' title='bbox 1582 1364 1808 1429; x_wconf 92' lang='grc' dir='ltr'>δεόμενοι</span> 
     </span>
     <span class='ocr_line' id='line_1_17' title="bbox 66 1447 1808 1517; baseline 0.001 -18"><span class='ocrx_word' id='word_1_137' title='bbox 66 1470 114 1513; x_wconf 84' lang='lat'>¹5</span> <span class='ocrx_word' id='word_1_138' title='bbox 137 1455 235 1504; x_wconf 81' lang='grc' dir='ltr'>τῶν</span> <span class='ocrx_word' id='word_1_139' title='bbox 259 1455 346 1503; x_wconf 87' lang='grc' dir='ltr'>νῦν</span> <span class='ocrx_word' id='word_1_140' title='bbox 369 1448 546 1502; x_wconf 85' lang='grc' dir='ltr'>δέεσθε</span> <span class='ocrx_word' id='word_1_141' title='bbox 577 1448 750 1517; x_wconf 90' lang='grc' dir='ltr'>λέγειν</span> <span class='ocrx_word' id='word_1_142' title='bbox 779 1468 834 1501; x_wconf 86' lang='grc' dir='ltr'>τε</span> <span class='ocrx_word' id='word_1_143' title='bbox 864 1448 926 1501; x_wconf 80' lang='grc' dir='ltr'>ἂν</span> <span class='ocrx_word' id='word_1_144' title='bbox 949 1449 1222 1516; x_wconf 87' lang='grc' dir='ltr'>ἐφαίνεσθε</span> <span class='ocrx_word' id='word_1_145' title='bbox 1253 1448 1369 1513; x_wconf 86' lang='grc' dir='ltr'>ἡμῖν</span> <span class='ocrx_word' id='word_1_146' title='bbox 1392 1447 1530 1515; x_wconf 89' lang='grc' dir='ltr'>ὀρθά,</span> <span class='ocrx_word' id='word_1_147' title='bbox 1559 1447 1638 1499; x_wconf 89' lang='grc' dir='ltr'>καὶ</span> <span class='ocrx_word' id='word_1_148' title='bbox 1667 1448 1808 1513; x_wconf 80' lang='grc' dir='ltr'>ἡμεῖς</span> 
     </span>
     <span class='ocr_line' id='line_1_18' title="bbox 137 1531 1807 1600; baseline -0.002 -13"><span class='ocrx_word' id='word_1_149' title='bbox 137 1535 510 1588; x_wconf 87' lang='grc' dir='ltr'>ὑπακούσαντες</span> <span class='ocrx_word' id='word_1_150' title='bbox 540 1533 698 1586; x_wconf 87' lang='grc' dir='ltr'>τώυτὸ</span> <span class='ocrx_word' id='word_1_151' title='bbox 727 1532 789 1586; x_wconf 83' lang='grc' dir='ltr'>ἂν</span> <span class='ocrx_word' id='word_1_152' title='bbox 819 1535 934 1599; x_wconf 87' lang='grc' dir='ltr'>ὑμῖν</span> <span class='ocrx_word' id='word_1_153' title='bbox 966 1531 1306 1600; x_wconf 88' lang='grc' dir='ltr'>ἐπρήσσομεν.</span> <span class='ocrx_word' id='word_1_154' title='bbox 1387 1536 1475 1584; x_wconf 87' lang='grc' dir='ltr'>νῦν</span> <span class='ocrx_word' id='word_1_155' title='bbox 1505 1534 1557 1583; x_wconf 82' lang='grc' dir='ltr'>δὲ</span> <span class='ocrx_word' id='word_1_156' title='bbox 1588 1534 1725 1597; x_wconf 87' lang='grc' dir='ltr'>ὑμεῖς</span> <span class='ocrx_word' id='word_1_157' title='bbox 1754 1553 1807 1584; x_wconf 91' lang='grc' dir='ltr'>τε</span> 
     </span>
     <span class='ocr_line' id='line_1_19' title="bbox 139 1615 1807 1685; baseline -0.003 -13"><span class='ocrx_word' id='word_1_158' title='bbox 139 1621 191 1674; x_wconf 89' lang='grc' dir='ltr'>ἐς</span> <span class='ocrx_word' id='word_1_159' title='bbox 233 1619 323 1684; x_wconf 77' lang='grc' dir='ltr'>τὴν</span> <span class='ocrx_word' id='word_1_160' title='bbox 368 1620 571 1671; x_wconf 90' lang='grc' dir='ltr'>ἐκείνων</span> <span class='ocrx_word' id='word_1_161' title='bbox 615 1619 931 1685; x_wconf 87' lang='grc' dir='ltr'>ἐσβαλόντες</span> <span class='ocrx_word' id='word_1_162' title='bbox 974 1620 1070 1685; x_wconf 87' lang='grc' dir='ltr'>γῆν</span> <span class='ocrx_word' id='word_1_163' title='bbox 1115 1616 1230 1669; x_wconf 88' lang='grc' dir='ltr'>ἄνευ</span> <span class='ocrx_word' id='word_1_164' title='bbox 1277 1615 1443 1682; x_wconf 84' lang='grc' dir='ltr'>ἡμέων</span> <span class='ocrx_word' id='word_1_165' title='bbox 1489 1615 1807 1683; x_wconf 85' lang='grc' dir='ltr'>ἐπεκρατέετε</span> 
     </span>
    </p>

    <p class='ocr_par' dir='ltr' id='par_1_4' title="bbox 0 1698 1806 2025">
     <span class='ocr_line' id='line_1_20' title="bbox 0 1698 1802 1772; baseline -0.003 -16"><span class='ocrx_word' id='word_1_166' title='bbox 0 1726 6 1769; x_wconf 77' lang='lat' dir='ltr'>s</span> <span class='ocrx_word' id='word_1_167' title='bbox 140 1703 384 1771; x_wconf 89' lang='grc' dir='ltr'>Περσέων</span> <span class='ocrx_word' id='word_1_168' title='bbox 420 1705 544 1756; x_wconf 86' lang='grc' dir='ltr'>ὅσον</span> <span class='ocrx_word' id='word_1_169' title='bbox 583 1698 769 1772; x_wconf 89' lang='grc' dir='ltr'>χρόνον</span> <span class='ocrx_word' id='word_1_170' title='bbox 804 1704 919 1769; x_wconf 86' lang='grc' dir='ltr'>ὑμῖν</span> <span class='ocrx_word' id='word_1_171' title='bbox 955 1703 982 1753; x_wconf 92' lang='lat'><em>6</em></span> <span class='ocrx_word' id='word_1_172' title='bbox 1022 1701 1134 1756; x_wconf 94' lang='grc' dir='ltr'>θεὸς</span> <span class='ocrx_word' id='word_1_173' title='bbox 1169 1702 1445 1768; x_wconf 87' lang='grc' dir='ltr'>παρεδίδου,</span> <span class='ocrx_word' id='word_1_174' title='bbox 1486 1700 1565 1751; x_wconf 88' lang='grc' dir='ltr'>καὶ</span> <span class='ocrx_word' id='word_1_175' title='bbox 1607 1702 1802 1759; x_wconf 89' lang='grc' dir='ltr'>ἐκεῖνοι,</span> 
     </span>
     <span class='ocr_line' id='line_1_21' title="bbox 0 1783 1804 1856; baseline -0.003 -16"><span class='ocrx_word' id='word_1_176' title='bbox 0 1791 1 1847; x_wconf 73' lang='lat' dir='ltr'>J</span> <span class='ocrx_word' id='word_1_177' title='bbox 52 1783 57 1786; x_wconf 47' lang='grc'><strong>’</strong></span> <span class='ocrx_word' id='word_1_178' title='bbox 137 1789 250 1842; x_wconf 90' lang='grc' dir='ltr'>ἐπεί</span> <span class='ocrx_word' id='word_1_179' title='bbox 277 1795 440 1856; x_wconf 89' lang='grc' dir='ltr'>σφεας</span> <span class='ocrx_word' id='word_1_180' title='bbox 473 1787 628 1842; x_wconf 81' lang='grc' dir='ltr'>ὡυτὸς</span> <span class='ocrx_word' id='word_1_181' title='bbox 657 1787 770 1842; x_wconf 92' lang='grc' dir='ltr'>θεὸς</span> <span class='ocrx_word' id='word_1_182' title='bbox 801 1788 996 1855; x_wconf 88' lang='grc' dir='ltr'>ἐγείρει,</span> <span class='ocrx_word' id='word_1_183' title='bbox 1023 1785 1114 1851; x_wconf 82' lang='grc' dir='ltr'>τὴν</span> <span class='ocrx_word' id='word_1_184' title='bbox 1145 1787 1320 1851; x_wconf 91' lang='grc' dir='ltr'>ὁμοίην</span> <span class='ocrx_word' id='word_1_185' title='bbox 1350 1787 1466 1850; x_wconf 85' lang='grc' dir='ltr'>ὑμῖν</span> <span class='ocrx_word' id='word_1_186' title='bbox 1496 1785 1804 1838; x_wconf 85' lang='grc' dir='ltr'>ἀποδιδοῦσι.</span> 
     </span>
     <span class='ocr_line' id='line_1_22' title="bbox 0 1869 1806 1939; baseline -0.004 -12"><span class='ocrx_word' id='word_1_187' title='bbox 0 1878 3 1882; x_wconf 62' lang='grc'><strong><em>’</em></strong></span> <span class='ocrx_word' id='word_1_188' title='bbox 63 1891 113 1921; x_wconf 86' lang='lat'>20</span> <span class='ocrx_word' id='word_1_189' title='bbox 137 1872 276 1939; x_wconf 86' lang='grc' dir='ltr'>ἡμεῖς</span> <span class='ocrx_word' id='word_1_190' title='bbox 306 1876 359 1926; x_wconf 82' lang='grc' dir='ltr'>δὲ</span> <span class='ocrx_word' id='word_1_191' title='bbox 391 1873 503 1925; x_wconf 85' lang='grc' dir='ltr'>οὔτε</span> <span class='ocrx_word' id='word_1_192' title='bbox 533 1894 583 1924; x_wconf 90' lang='grc' dir='ltr'>τι</span> <span class='ocrx_word' id='word_1_193' title='bbox 611 1873 724 1924; x_wconf 90' lang='grc' dir='ltr'>τότε</span> <span class='ocrx_word' id='word_1_194' title='bbox 747 1870 1053 1937; x_wconf 88' lang='grc' dir='ltr'>ἠδικήσαμεν</span> <span class='ocrx_word' id='word_1_195' title='bbox 1084 1870 1196 1924; x_wconf 85' lang='grc' dir='ltr'>τοὺς</span> <span class='ocrx_word' id='word_1_196' title='bbox 1225 1869 1404 1936; x_wconf 82' lang='grc' dir='ltr'>ἄνδρας</span> <span class='ocrx_word' id='word_1_197' title='bbox 1434 1870 1635 1922; x_wconf 91' lang='grc' dir='ltr'>τούτους</span> <span class='ocrx_word' id='word_1_198' title='bbox 1664 1869 1806 1921; x_wconf 85' lang='grc' dir='ltr'>οὐδὲν</span> 
     </span>
     <span class='ocr_line' id='line_1_23' title="bbox 137 1950 1806 2025; baseline -0.002 -16"><span class='ocrx_word' id='word_1_199' title='bbox 137 1957 248 2012; x_wconf 82' lang='grc' dir='ltr'>οὔτε</span> <span class='ocrx_word' id='word_1_200' title='bbox 279 1962 366 2010; x_wconf 86' lang='grc' dir='ltr'>νῦν</span> <span class='ocrx_word' id='word_1_201' title='bbox 389 1958 620 2024; x_wconf 87' lang='grc' dir='ltr'>πρότεροι</span> <span class='ocrx_word' id='word_1_202' title='bbox 644 1957 985 2024; x_wconf 90' lang='grc' dir='ltr'>πειρησόμεθα</span> <span class='ocrx_word' id='word_1_203' title='bbox 1008 1954 1238 2007; x_wconf 87' lang='grc' dir='ltr'>ἀδικέειν.</span> <span class='ocrx_word' id='word_1_204' title='bbox 1304 1950 1366 2018; x_wconf 85' lang='grc' dir='ltr'>ἢν</span> <span class='ocrx_word' id='word_1_205' title='bbox 1388 1951 1559 2019; x_wconf 91' lang='grc' dir='ltr'>μέντοι</span> <span class='ocrx_word' id='word_1_206' title='bbox 1589 1954 1701 2025; x_wconf 88' lang='grc' dir='ltr'>ἐπίῃ</span> <span class='ocrx_word' id='word_1_207' title='bbox 1727 1954 1806 2006; x_wconf 90' lang='grc' dir='ltr'>καὶ</span> 
     </span>
    </p>

    <p class='ocr_par' dir='ltr' id='par_1_5' title="bbox 135 2037 1803 2114">
     <span class='ocr_line' id='line_1_24' title="bbox 135 2037 1803 2114; baseline -0.003 -19"><span class='ocrx_word' id='word_1_208' title='bbox 135 2041 218 2095; x_wconf 86' lang='grc' dir='ltr'>,ἐπὶ</span> <span class='ocrx_word' id='word_1_209' title='bbox 248 2037 339 2107; x_wconf 78' lang='grc' dir='ltr'>τὴν</span> <span class='ocrx_word' id='word_1_210' title='bbox 368 2040 612 2107; x_wconf 88' lang='grc' dir='ltr'>ἡμετέρην</span> <span class='ocrx_word' id='word_1_211' title='bbox 643 2040 766 2114; x_wconf 80' lang='grc' dir='ltr'>ἄρξῃ</span> <span class='ocrx_word' id='word_1_212' title='bbox 797 2062 852 2093; x_wconf 90' lang='grc' dir='ltr'>τε</span> <span class='ocrx_word' id='word_1_213' title='bbox 883 2038 1108 2099; x_wconf 89' lang='grc' dir='ltr'>ἀδικέων,</span> <span class='ocrx_word' id='word_1_214' title='bbox 1144 2039 1222 2091; x_wconf 91' lang='grc' dir='ltr'>καὶ</span> <span class='ocrx_word' id='word_1_215' title='bbox 1252 2039 1392 2104; x_wconf 89' lang='grc' dir='ltr'>ἡμεῖς</span> <span class='ocrx_word' id='word_1_216' title='bbox 1422 2038 1479 2090; x_wconf 87' lang='grc' dir='ltr'>οὐ</span> <span class='ocrx_word' id='word_1_217' title='bbox 1502 2038 1803 2108; x_wconf 86' lang='grc' dir='ltr'>πεισόμεθα.</span> 
     </span>
    </p>

    <p class='ocr_par' dir='ltr' id='par_1_6' title="bbox 84 2121 1806 2278">
     <span class='ocr_line' id='line_1_25' title="bbox 84 2121 1806 2195; baseline -0.003 -17"><span class='ocrx_word' id='word_1_218' title='bbox 84 2152 87 2153; x_wconf 53' lang='grc'>’</span> <span class='ocrx_word' id='word_1_219' title='bbox 134 2125 283 2195; x_wconf 85' lang='grc' dir='ltr'>μέχρι</span> <span class='ocrx_word' id='word_1_220' title='bbox 323 2128 375 2178; x_wconf 81' lang='grc' dir='ltr'>δὲ</span> <span class='ocrx_word' id='word_1_221' title='bbox 411 2131 556 2178; x_wconf 88' lang='grc' dir='ltr'>τοῦτο</span> <span class='ocrx_word' id='word_1_222' title='bbox 594 2128 792 2191; x_wconf 82' lang='grc' dir='ltr'>ἴδωμεν,</span> <span class='ocrx_word' id='word_1_223' title='bbox 829 2123 1070 2190; x_wconf 86' lang='grc' dir='ltr'>μενέομεν</span> <span class='ocrx_word' id='word_1_224' title='bbox 1109 2123 1223 2191; x_wconf 87' lang='grc' dir='ltr'>παρ’</span> <span class='ocrx_word' id='word_1_225' title='bbox 1258 2123 1376 2188; x_wconf 89' lang='grc' dir='ltr'>ἡμῖν</span> <span class='ocrx_word' id='word_1_226' title='bbox 1411 2121 1623 2174; x_wconf 82' lang='grc' dir='ltr'>αὐτοῖσι·</span> <span class='ocrx_word' id='word_1_227' title='bbox 1669 2122 1806 2186; x_wconf 87' lang='grc' dir='ltr'>ἥκειν</span> 
     </span>
     <span class='ocr_line' id='line_1_26' title="bbox 135 2206 1805 2278; baseline -0.001 -16"><span class='ocrx_word' id='word_1_228' title='bbox 135 2211 230 2278; x_wconf 81' lang='grc' dir='ltr'>γὰρ</span> <span class='ocrx_word' id='word_1_229' title='bbox 265 2209 501 2276; x_wconf 89' lang='grc' dir='ltr'>δοκέομεν</span> <span class='ocrx_word' id='word_1_230' title='bbox 538 2210 624 2262; x_wconf 86' lang='grc' dir='ltr'>οὐκ</span> <span class='ocrx_word' id='word_1_231' title='bbox 662 2209 739 2262; x_wconf 88' lang='grc' dir='ltr'>ἐπ’</span> <span class='ocrx_word' id='word_1_232' title='bbox 766 2208 922 2276; x_wconf 88' lang='grc' dir='ltr'>ἡμέας</span> <span class='ocrx_word' id='word_1_233' title='bbox 952 2207 1176 2276; x_wconf 87' lang='grc' dir='ltr'>Πέρσας,</span> <span class='ocrx_word' id='word_1_234' title='bbox 1209 2206 1324 2259; x_wconf 86' lang='grc' dir='ltr'>ἀλλ’</span> <span class='ocrx_word' id='word_1_235' title='bbox 1357 2207 1438 2259; x_wconf 89' lang='grc' dir='ltr'>ἐπὶ</span> <span class='ocrx_word' id='word_1_236' title='bbox 1473 2206 1585 2261; x_wconf 88' lang='grc' dir='ltr'>τοὺς</span> <span class='ocrx_word' id='word_1_237' title='bbox 1622 2206 1805 2260; x_wconf 84' lang='grc' dir='ltr'>αἰτίους</span> 
     </span>
    </p>
   </div>
   <div class='ocr_carea' id='block_1_4' title="bbox 0 0 93 1212">
    <p class='ocr_par' dir='ltr' id='par_1_7' title="bbox 0 0 93 1212">
     <span class='ocr_line' id='line_1_27' title="bbox 0 0 93 1212; baseline 0.097 -229"><span class='ocrx_word' id='word_1_238' title='bbox 0 0 93 1212; x_wconf 95' lang='lat' dir='ltr'>      </span> <span class='ocrx_word' id='word_1_239' title='bbox 51 983 93 992; x_wconf 95' lang='lat' dir='ltr'> </span> 
     </span>
    </p>
   </div>
   <div class='ocr_carea' id='block_1_5' title="bbox 16 1090 39 1178">
    <p class='ocr_par' dir='ltr' id='par_1_8' title="bbox 6 1090 39 1178">
     <span class='ocr_line' id='line_1_28' title="bbox 16 1090 39 1178; textangle 90"><span class='ocrx_word' id='word_1_240' title='bbox 18 1134 39 1178; x_wconf 64' lang='lat' dir='ltr'>V)</span> <span class='ocrx_word' id='word_1_241' title='bbox 16 1090 25 1097; x_wconf 71' lang='lat'><em>²</em></span> 
     </span>
    </p>
   </div>
   <div class='ocr_carea' id='block_1_6' title="bbox 1 1174 65 1188">
    <p class='ocr_par' dir='ltr' id='par_1_9' title="bbox 1 1174 65 1188">
     <span class='ocr_line' id='line_1_29' title="bbox 1 1174 65 1188; baseline 0 -10"><span class='ocrx_word' id='word_1_242' title='bbox 1 1174 8 1188; x_wconf 44' lang='grc' dir='ltr'><strong><em>Ι</em></strong></span> <span class='ocrx_word' id='word_1_243' title='bbox 64 1175 65 1178; x_wconf 74' lang='grc'>,</span> 
     </span>
    </p>
   </div>
   <div class='ocr_carea' id='block_1_7' title="bbox 15 1187 25 1194">
    <p class='ocr_par' dir='ltr' id='par_1_10' title="bbox 15 1187 25 1194">
     <span class='ocr_line' id='line_1_30' title="bbox 15 1187 25 1194; baseline 0 0"><span class='ocrx_word' id='word_1_244' title='bbox 15 1187 25 1194; x_wconf 63' lang='lat' dir='ltr'>v</span> 
     </span>
    </p>
   </div>
   <div class='ocr_carea' id='block_1_8' title="bbox 0 1219 27 1598">
    <p class='ocr_par' dir='ltr' id='par_1_11' title="bbox 0 1219 27 1598">
     <span class='ocr_line' id='line_1_31' title="bbox 0 1219 21 1317; baseline 0 -3"><span class='ocrx_word' id='word_1_245' title='bbox 0 1219 21 1317; x_wconf 63' lang='grc' dir='ltr'>ἑ</span> 
     </span>
     <span class='ocr_line' id='line_1_32' title="bbox 0 1317 27 1598; baseline 0 -170"><span class='ocrx_word' id='word_1_246' title='bbox 0 1317 27 1598; x_wconf 58' lang='grc' dir='ltr'>,ξέ</span> 
     </span>
    </p>
   </div>
   <div class='ocr_carea' id='block_1_9' title="bbox 61 2293 1803 2533">
    <p class='ocr_par' dir='ltr' id='par_1_12' title="bbox 61 2293 1803 2533">
     <span class='ocr_line' id='line_1_33' title="bbox 61 2293 780 2362; baseline 0 -16"><span class='ocrx_word' id='word_1_247' title='bbox 61 2313 110 2355; x_wconf 82' lang='lat'>25</span> <span class='ocrx_word' id='word_1_248' title='bbox 134 2297 220 2359; x_wconf 85' lang='grc' dir='ltr'>τῆς</span> <span class='ocrx_word' id='word_1_249' title='bbox 250 2296 438 2360; x_wconf 89' lang='grc' dir='ltr'>ἀδικίης</span> <span class='ocrx_word' id='word_1_250' title='bbox 468 2293 780 2362; x_wconf 88' lang='grc' dir='ltr'>γενομένους.</span> 
     </span>
     <span class='ocr_line' id='line_1_34' title="bbox 214 2374 1803 2447; baseline -0.004 -17"><span class='ocrx_word' id='word_1_251' title='bbox 214 2383 385 2432; x_wconf 86' lang='grc' dir='ltr'>Ταῦτα</span> <span class='ocrx_word' id='word_1_252' title='bbox 414 2379 480 2433; x_wconf 84' lang='grc' dir='ltr'>ὡς</span> <span class='ocrx_word' id='word_1_253' title='bbox 509 2378 870 2447; x_wconf 90' lang='grc' dir='ltr'>ἀπενειχθέντα</span> <span class='ocrx_word' id='word_1_254' title='bbox 899 2379 1141 2431; x_wconf 79' lang='grc' dir='ltr'>ἐπύθοντο</span> <span class='ocrx_word' id='word_1_255' title='bbox 1171 2379 1218 2430; x_wconf 81' lang='grc' dir='ltr'>οἱ</span> <span class='ocrx_word' id='word_1_256' title='bbox 1242 2377 1442 2435; x_wconf 90' lang='grc' dir='ltr'>Σκύθαι,</span> <span class='ocrx_word' id='word_1_257' title='bbox 1469 2374 1803 2440; x_wconf 85' lang='grc' dir='ltr'>ἐβουλεύοντο</span> 
     </span>
     <span class='ocr_line' id='line_1_35' title="bbox 135 2457 1801 2533; baseline -0.004 -18"><span class='ocrx_word' id='word_1_258' title='bbox 135 2464 399 2533; x_wconf 77' lang='grc' dir='ltr'>ἰθυμαχίην</span> <span class='ocrx_word' id='word_1_259' title='bbox 427 2466 520 2530; x_wconf 80' lang='grc' dir='ltr'>μὲν</span> <span class='ocrx_word' id='word_1_260' title='bbox 548 2465 795 2530; x_wconf 89' lang='grc' dir='ltr'>μηδεμίαν</span> <span class='ocrx_word' id='word_1_261' title='bbox 825 2462 1084 2516; x_wconf 87' lang='grc' dir='ltr'>ποιέεσθαι</span> <span class='ocrx_word' id='word_1_262' title='bbox 1121 2464 1175 2514; x_wconf 91' lang='grc' dir='ltr'>ἐκ</span> <span class='ocrx_word' id='word_1_263' title='bbox 1205 2466 1289 2513; x_wconf 87' lang='grc' dir='ltr'>τοῦ</span> <span class='ocrx_word' id='word_1_264' title='bbox 1325 2457 1590 2527; x_wconf 87' lang='grc' dir='ltr'>ἐμφανέος,</span> <span class='ocrx_word' id='word_1_265' title='bbox 1623 2459 1706 2510; x_wconf 86' lang='grc' dir='ltr'>ὅτε</span> <span class='ocrx_word' id='word_1_266' title='bbox 1743 2457 1801 2522; x_wconf 94' lang='grc' dir='ltr'>δή</span> 
     </span>
    </p>
   </div>
   <div class='ocr_carea' id='block_1_10' title="bbox 131 2597 1799 2978">
    <p class='ocr_par' dir='ltr' id='par_1_13' title="bbox 131 2597 1799 2978">
     <span class='ocr_line' id='line_1_36' title="bbox 138 2597 1796 2651; baseline -0.005 -8"><span class='ocrx_word' id='word_1_267' title='bbox 138 2604 141 2607; x_wconf 63' lang='grc'><strong><em>’</em></strong></span> <span class='ocrx_word' id='word_1_268' title='bbox 191 2617 208 2643; x_wconf 94' lang='lat'>1</span> <span class='ocrx_word' id='word_1_269' title='bbox 237 2604 429 2646; x_wconf 82' lang='grc' dir='ltr'>τίσασθαι</span> <span class='ocrx_word' id='word_1_270' title='bbox 452 2603 486 2643; x_wconf 91' lang='lat' dir='ltr'><strong>L</strong></span> <span class='ocrx_word' id='word_1_271' title='bbox 598 2602 854 2651; x_wconf 82' lang='grc' dir='ltr'>δουλωσύνης</span> <span class='ocrx_word' id='word_1_272' title='bbox 874 2603 912 2641; x_wconf 93' lang='lat' dir='ltr'>V</span> <span class='ocrx_word' id='word_1_273' title='bbox 1052 2613 1079 2650; x_wconf 86' lang='lat'><strong>3</strong></span> <span class='ocrx_word' id='word_1_274' title='bbox 1105 2599 1288 2641; x_wconf 84' lang='grc' dir='ltr'>ἐλαύνειν</span> <span class='ocrx_word' id='word_1_275' title='bbox 1311 2598 1350 2636; x_wconf 90' lang='lat' dir='ltr'><strong>R</strong></span> <span class='ocrx_word' id='word_1_276' title='bbox 1365 2599 1395 2637; x_wconf 99' lang='lat' dir='ltr'>S</span> <span class='ocrx_word' id='word_1_277' title='bbox 1410 2598 1447 2635; x_wconf 94' lang='lat' dir='ltr'>V</span> <span class='ocrx_word' id='word_1_278' title='bbox 1586 2611 1610 2645; x_wconf 84' lang='lat'><strong>4</strong></span> <span class='ocrx_word' id='word_1_279' title='bbox 1642 2599 1680 2637; x_wconf 82' lang='grc' dir='ltr'>ἐς</span> <span class='ocrx_word' id='word_1_280' title='bbox 1701 2597 1796 2635; x_wconf 88' lang='lat' dir='ltr'>add.</span> 
     </span>
     <span class='ocr_line' id='line_1_37' title="bbox 135 2651 1798 2710; baseline -0.005 -11"><span class='ocrx_word' id='word_1_281' title='bbox 135 2657 312 2710; x_wconf 84' lang='lat' dir='ltr'><strong>Dietsch</strong></span> <span class='ocrx_word' id='word_1_282' title='bbox 478 2670 503 2709; x_wconf 89' lang='lat'>5</span> <span class='ocrx_word' id='word_1_283' title='bbox 533 2659 610 2707; x_wconf 80' lang='grc' dir='ltr'>τὴν</span> <span class='ocrx_word' id='word_1_284' title='bbox 631 2672 714 2698; x_wconf 88' lang='lat' dir='ltr'>om.</span> <span class='ocrx_word' id='word_1_285' title='bbox 740 2656 822 2697; x_wconf 92' lang='lat' dir='ltr'>SV</span> <span class='ocrx_word' id='word_1_286' title='bbox 934 2659 1018 2697; x_wconf 86' lang='grc' dir='ltr'>ἐνπ.</span> <span class='ocrx_word' id='word_1_287' title='bbox 1044 2655 1083 2694; x_wconf 91' lang='grc' dir='ltr'>Α</span> <span class='ocrx_word' id='word_1_288' title='bbox 1098 2655 1133 2693; x_wconf 91' lang='grc' dir='ltr'>Β</span> <span class='ocrx_word' id='word_1_289' title='bbox 1243 2655 1481 2706; x_wconf 76' lang='grc' dir='ltr'>ἡμεροῦνται</span> <span class='ocrx_word' id='word_1_290' title='bbox 1504 2651 1537 2690; x_wconf 88' lang='lat' dir='ltr'>C</span> <span class='ocrx_word' id='word_1_291' title='bbox 1695 2652 1723 2689; x_wconf 89' lang='lat'><em>6</em></span> <span class='ocrx_word' id='word_1_292' title='bbox 1751 2667 1798 2691; x_wconf 80' lang='grc' dir='ltr'>τε</span> 
     </span>
     <span class='ocr_line' id='line_1_38' title="bbox 133 2703 1799 2765; baseline -0.007 -10"><span class='ocrx_word' id='word_1_293' title='bbox 133 2713 178 2755; x_wconf 79' lang='grc' dir='ltr'>δὲ</span> <span class='ocrx_word' id='word_1_294' title='bbox 206 2715 256 2764; x_wconf 75' lang='grc' dir='ltr'>δὴ</span> <span class='ocrx_word' id='word_1_295' title='bbox 284 2713 422 2754; x_wconf 88' lang='lat' dir='ltr'>RSV</span> <span class='ocrx_word' id='word_1_296' title='bbox 587 2725 610 2762; x_wconf 88' lang='lat'><strong>7</strong></span> <span class='ocrx_word' id='word_1_297' title='bbox 642 2710 985 2765; x_wconf 74' lang='grc' dir='ltr'>ἐπαγγελομένων</span> <span class='ocrx_word' id='word_1_298' title='bbox 1004 2711 1037 2749; x_wconf 91' lang='lat' dir='ltr'>C</span> <span class='ocrx_word' id='word_1_299' title='bbox 1203 2709 1230 2747; x_wconf 88' lang='grc'><strong>8</strong></span> <span class='ocrx_word' id='word_1_300' title='bbox 1261 2710 1333 2748; x_wconf 84' lang='grc' dir='ltr'>ὑπὸ</span> <span class='ocrx_word' id='word_1_301' title='bbox 1365 2707 1502 2746; x_wconf 85' lang='lat' dir='ltr'>RSV</span> <span class='ocrx_word' id='word_1_302' title='bbox 1668 2719 1695 2755; x_wconf 94' lang='lat'><strong>9</strong></span> <span class='ocrx_word' id='word_1_303' title='bbox 1723 2703 1799 2754; x_wconf 83' lang='grc' dir='ltr'>μὲν</span> 
     </span>
     <span class='ocr_line' id='line_1_39' title="bbox 131 2758 1796 2823; baseline -0.008 -13"><span class='ocrx_word' id='word_1_304' title='bbox 131 2771 210 2823; x_wconf 75' lang='grc' dir='ltr'>’γὰρ</span> <span class='ocrx_word' id='word_1_305' title='bbox 230 2769 264 2808; x_wconf 90' lang='lat' dir='ltr'>C</span> <span class='ocrx_word' id='word_1_306' title='bbox 279 2769 314 2808; x_wconf 91' lang='lat' dir='ltr'>P</span> <span class='ocrx_word' id='word_1_307' title='bbox 482 2780 525 2806; x_wconf 93' lang='lat'>11</span> <span class='ocrx_word' id='word_1_308' title='bbox 560 2767 778 2809; x_wconf 81' lang='grc' dir='ltr'>ὑπεδέκετο</span> <span class='ocrx_word' id='word_1_309' title='bbox 800 2767 834 2805; x_wconf 87' lang='lat' dir='ltr'>C</span> <span class='ocrx_word' id='word_1_310' title='bbox 855 2781 864 2806; x_wconf 70' lang='grc' dir='ltr'><strong><em>ε</em></strong></span> <span class='ocrx_word' id='word_1_311' title='bbox 894 2764 1138 2806; x_wconf 82' lang='grc' dir='ltr'>ὑπεδέκοντο</span> <span class='ocrx_word' id='word_1_312' title='bbox 1160 2779 1308 2804; x_wconf 87' lang='grc' dir='ltr'>σκοντο</span> <span class='ocrx_word' id='word_1_313' title='bbox 1334 2762 1372 2800; x_wconf 95' lang='lat' dir='ltr'>V</span> <span class='ocrx_word' id='word_1_314' title='bbox 1532 2774 1581 2800; x_wconf 85' lang='lat'>12</span> <span class='ocrx_word' id='word_1_315' title='bbox 1612 2763 1632 2800; x_wconf 83' lang='grc' dir='ltr'><em>ὃ</em></span> <span class='ocrx_word' id='word_1_316' title='bbox 1652 2760 1691 2798; x_wconf 90' lang='grc' dir='ltr'><strong>Α</strong></span> <span class='ocrx_word' id='word_1_317' title='bbox 1708 2759 1744 2797; x_wconf 92' lang='grc' dir='ltr'>Β</span> <span class='ocrx_word' id='word_1_318' title='bbox 1761 2758 1796 2797; x_wconf 92' lang='lat' dir='ltr'>C</span> 
     </span>
     <span class='ocr_line' id='line_1_40' title="bbox 137 2813 1796 2877; baseline -0.007 -12"><span class='ocrx_word' id='word_1_319' title='bbox 137 2835 188 2873; x_wconf 89' lang='lat'>13</span> <span class='ocrx_word' id='word_1_320' title='bbox 234 2823 471 2877; x_wconf 77' lang='grc' dir='ltr'>ὑπεκρίνατο</span> <span class='ocrx_word' id='word_1_321' title='bbox 513 2822 552 2861; x_wconf 88' lang='lat' dir='ltr'><strong>R</strong></span> <span class='ocrx_word' id='word_1_322' title='bbox 574 2822 605 2862; x_wconf 90' lang='lat' dir='ltr'>S</span> <span class='ocrx_word' id='word_1_323' title='bbox 625 2823 664 2862; x_wconf 94' lang='lat' dir='ltr'>V</span> <span class='ocrx_word' id='word_1_324' title='bbox 829 2820 1014 2874; x_wconf 81' lang='grc' dir='ltr'>πρότεροι</span> <span class='ocrx_word' id='word_1_325' title='bbox 1056 2819 1178 2858; x_wconf 82' lang='lat' dir='ltr'>Stein</span> <span class='ocrx_word' id='word_1_326' title='bbox 1421 2828 1469 2864; x_wconf 86' lang='lat'>14</span> <span class='ocrx_word' id='word_1_327' title='bbox 1516 2815 1717 2865; x_wconf 79' lang='grc' dir='ltr'>πολέμους</span> <span class='ocrx_word' id='word_1_328' title='bbox 1757 2813 1796 2851; x_wconf 88' lang='lat' dir='ltr'>R</span> 
     </span>
     <span class='ocr_line' id='line_1_41' title="bbox 137 2868 1796 2926; baseline -0.006 -10"><span class='ocrx_word' id='word_1_329' title='bbox 137 2879 187 2917; x_wconf 89' lang='lat'>16</span> <span class='ocrx_word' id='word_1_330' title='bbox 214 2895 262 2919; x_wconf 82' lang='grc' dir='ltr'>τε</span> <span class='ocrx_word' id='word_1_331' title='bbox 282 2891 366 2919; x_wconf 88' lang='lat' dir='ltr'>om.</span> <span class='ocrx_word' id='word_1_332' title='bbox 388 2878 425 2917; x_wconf 91' lang='lat' dir='ltr'>R</span> <span class='ocrx_word' id='word_1_333' title='bbox 443 2877 526 2916; x_wconf 88' lang='lat' dir='ltr'>SV</span> <span class='ocrx_word' id='word_1_334' title='bbox 696 2889 742 2926; x_wconf 92' lang='lat'>17</span> <span class='ocrx_word' id='word_1_335' title='bbox 775 2874 1059 2923; x_wconf 80' lang='grc' dir='ltr'>ἐσβαλλόντες</span> <span class='ocrx_word' id='word_1_336' title='bbox 1081 2873 1117 2911; x_wconf 95' lang='lat' dir='ltr'>V</span> <span class='ocrx_word' id='word_1_337' title='bbox 1272 2884 1321 2921; x_wconf 91' lang='lat'>19</span> <span class='ocrx_word' id='word_1_338' title='bbox 1351 2872 1471 2911; x_wconf 82' lang='grc' dir='ltr'>αὐτὸς</span> <span class='ocrx_word' id='word_1_339' title='bbox 1492 2870 1525 2909; x_wconf 89' lang='lat' dir='ltr'>C</span> <span class='ocrx_word' id='word_1_340' title='bbox 1546 2884 1554 2908; x_wconf 88' lang='lat'><strong>:</strong></span> <span class='ocrx_word' id='word_1_341' title='bbox 1585 2869 1733 2910; x_wconf 82' lang='grc' dir='ltr'>ὢϋτοὺς</span> <span class='ocrx_word' id='word_1_342' title='bbox 1757 2868 1796 2906; x_wconf 91' lang='lat' dir='ltr'><strong>R</strong></span> 
     </span>
     <span class='ocr_line' id='line_1_42' title="bbox 134 2922 1798 2978; baseline -0.005 -6"><span class='ocrx_word' id='word_1_343' title='bbox 134 2943 187 2972; x_wconf 80' lang='lat'>20</span> <span class='ocrx_word' id='word_1_344' title='bbox 215 2931 260 2975; x_wconf 66' lang='grc' dir='ltr'>δὲ</span> <span class='ocrx_word' id='word_1_345' title='bbox 280 2945 362 2972; x_wconf 90' lang='lat' dir='ltr'>om.</span> <span class='ocrx_word' id='word_1_346' title='bbox 387 2931 427 2971; x_wconf 92' lang='lat' dir='ltr'><strong>A</strong></span> <span class='ocrx_word' id='word_1_347' title='bbox 446 2932 481 2970; x_wconf 92' lang='lat' dir='ltr'>B</span> <span class='ocrx_word' id='word_1_348' title='bbox 496 2932 531 2972; x_wconf 88' lang='lat' dir='ltr'>C</span> <span class='ocrx_word' id='word_1_349' title='bbox 753 2944 800 2970; x_wconf 78' lang='lat'>21</span> <span class='ocrx_word' id='word_1_350' title='bbox 836 2930 949 2978; x_wconf 86' lang='grc' dir='ltr'>ἐπείη</span> <span class='ocrx_word' id='word_1_351' title='bbox 971 2928 1010 2967; x_wconf 89' lang='lat' dir='ltr'><strong>R</strong></span> <span class='ocrx_word' id='word_1_352' title='bbox 1028 2943 1036 2969; x_wconf 90' lang='lat'>:</span> <span class='ocrx_word' id='word_1_353' title='bbox 1070 2928 1195 2969; x_wconf 80' lang='grc' dir='ltr'>ἐποίει</span> <span class='ocrx_word' id='word_1_354' title='bbox 1215 2926 1252 2963; x_wconf 95' lang='lat' dir='ltr'>V</span> <span class='ocrx_word' id='word_1_355' title='bbox 1450 2938 1502 2963; x_wconf 85' lang='lat'>22</span> <span class='ocrx_word' id='word_1_356' title='bbox 1533 2926 1637 2977; x_wconf 71' lang='grc' dir='ltr'>ἄρξει</span> <span class='ocrx_word' id='word_1_357' title='bbox 1660 2923 1699 2962; x_wconf 90' lang='lat' dir='ltr'><strong>R</strong></span> <span class='ocrx_word' id='word_1_358' title='bbox 1715 2923 1745 2962; x_wconf 85' lang='lat' dir='ltr'>S</span> <span class='ocrx_word' id='word_1_359' title='bbox 1759 2922 1798 2960; x_wconf 89' lang='lat' dir='ltr'>V</span> 
     </span>
    </p>
   </div>
   <div class='ocr_carea' id='block_1_11' title="bbox 132 2975 1798 3093">
    <p class='ocr_par' dir='ltr' id='par_1_14' title="bbox 132 2975 1798 3093">
     <span class='ocr_line' id='line_1_43' title="bbox 133 2975 1798 3039; baseline -0.007 -10"><span class='ocrx_word' id='word_1_360' title='bbox 133 2989 179 3028; x_wconf 82' lang='grc' dir='ltr'>οὐ</span> <span class='ocrx_word' id='word_1_361' title='bbox 197 2986 501 3039; x_wconf 65' lang='grc' dir='ltr'>πεισῶμεθανι</span> <span class='ocrx_word' id='word_1_362' title='bbox 532 2988 604 3028; x_wconf 81' lang='grc' dir='ltr'>οὐκ</span> <span class='ocrx_word' id='word_1_363' title='bbox 624 2985 815 3037; x_wconf 83' lang='grc' dir='ltr'>οἶσόμεθα</span> <span class='ocrx_word' id='word_1_364' title='bbox 833 2985 863 3023; x_wconf 88' lang='lat' dir='ltr'>S</span> <span class='ocrx_word' id='word_1_365' title='bbox 882 2999 892 3021; x_wconf 66' lang='grc' dir='ltr'>τ</span> <span class='ocrx_word' id='word_1_366' title='bbox 921 2986 966 3025; x_wconf 79' lang='grc' dir='ltr'>οὐ</span> <span class='ocrx_word' id='word_1_367' title='bbox 985 2982 1253 3036; x_wconf 83' lang='grc' dir='ltr'>περιοψόμεθα</span> <span class='ocrx_word' id='word_1_368' title='bbox 1274 2979 1449 3019; x_wconf 88' lang='lat' dir='ltr'>Bekker</span> <span class='ocrx_word' id='word_1_369' title='bbox 1569 2989 1620 3027; x_wconf 85' lang='lat'>23</span> <span class='ocrx_word' id='word_1_370' title='bbox 1650 2975 1798 3029; x_wconf 85' lang='grc' dir='ltr'>μενέω-</span> 
     </span>
     <span class='ocr_line' id='line_1_44' title="bbox 132 3035 1294 3093; baseline -0.009 -8"><span class='ocrx_word' id='word_1_371' title='bbox 132 3059 207 3093; x_wconf 85' lang='grc' dir='ltr'>μεν</span> <span class='ocrx_word' id='word_1_372' title='bbox 228 3040 335 3082; x_wconf 85' lang='lat' dir='ltr'>C¹V</span> <span class='ocrx_word' id='word_1_373' title='bbox 497 3054 552 3092; x_wconf 80' lang='lat'>24</span> <span class='ocrx_word' id='word_1_374' title='bbox 584 3042 647 3083; x_wconf 83' lang='grc' dir='ltr'>ἐπὶ</span> <span class='ocrx_word' id='word_1_375' title='bbox 666 3039 764 3092; x_wconf 83' lang='grc' dir='ltr'>μεάς</span> <span class='ocrx_word' id='word_1_376' title='bbox 786 3040 824 3079; x_wconf 92' lang='lat' dir='ltr'><strong>R</strong></span> <span class='ocrx_word' id='word_1_377' title='bbox 839 3039 878 3078; x_wconf 94' lang='lat' dir='ltr'>V</span> <span class='ocrx_word' id='word_1_378' title='bbox 1043 3050 1093 3086; x_wconf 87' lang='lat'>27</span> <span class='ocrx_word' id='word_1_379' title='bbox 1126 3037 1189 3077; x_wconf 84' lang='grc' dir='ltr'>ὅτι</span> <span class='ocrx_word' id='word_1_380' title='bbox 1211 3035 1244 3074; x_wconf 93' lang='lat' dir='ltr'>C</span> <span class='ocrx_word' id='word_1_381' title='bbox 1260 3035 1294 3074; x_wconf 89' lang='lat' dir='ltr'>P</span> 
     </span>
    </p>
   </div>
   <div class='ocr_carea' id='block_1_12' title="bbox 1855 143 2045 193">
    <p class='ocr_par' dir='ltr' id='par_1_15' title="bbox 1855 143 2045 193">
     <span class='ocr_line' id='line_1_45' title="bbox 1855 143 2045 193; baseline 0.016 -3"><span class='ocrx_word' id='word_1_382' title='bbox 1855 143 1939 193; x_wconf 88' lang='lat' dir='ltr'>IV.</span> <span class='ocrx_word' id='word_1_383' title='bbox 1968 146 2045 193; x_wconf 87' lang='lat'>118</span> 
     </span>
    </p>
   </div>
   <div class='ocr_carea' id='block_1_13' title="bbox 1848 792 1931 839">
    <p class='ocr_par' dir='ltr' id='par_1_16' title="bbox 1848 792 1931 839">
     <span class='ocr_line' id='line_1_46' title="bbox 1848 792 1931 839; baseline 0 -12"><span class='ocrx_word' id='word_1_384' title='bbox 1848 792 1931 839; x_wconf 89' lang='lat'>119</span> 
     </span>
    </p>
   </div>
   <div class='ocr_carea' id='block_1_14' title="bbox 1841 2393 1932 2428">
    <p class='ocr_par' dir='ltr' id='par_1_17' title="bbox 1841 2393 1932 2428">
     <span class='ocr_line' id='line_1_47' title="bbox 1841 2393 1932 2428; baseline 0 0"><span class='ocrx_word' id='word_1_385' title='bbox 1841 2393 1932 2428; x_wconf 85' lang='lat'>120</span> 
     </span>
    </p>
   </div>
  </div>
 </body>
</html>
