2098 3320
792 77 1166 127 ΙΣΤΟΡΙΩΝ
1228 79 1266 128 Β
1856 58 1858 60 ’
1899 82 1969 131 11.
1992 93 2085 143 159

189 207 248 281 τῇ
278 209 461 282 βορηίῃ
494 208 730 281 θαλάσσῃ
755 207 1080 275 ἐποιήθησαν,
1105 212 1155 262 αἱ
1180 209 1222 262 δ’
1254 211 1308 261 ἐν
1332 214 1398 279 τῷ
1429 209 1652 279 Ἀραβίῳ
1686 209 1855 278 κόλπῳ

190 294 273 346 ἐπὶ
302 296 359 366 τῇ
387 293 598 366 Ἐρυθρῇ
636 292 889 366 θαλάσσῃ,
923 299 1022 346 τῶν
1063 293 1135 345 ἔτι
1177 296 1222 346 οἱ
1264 295 1404 345 ὁλκοὶ
1445 296 1686 358 ἐπίδηλοι.
1776 294 1855 344 καὶ
1889 313 1914 344 2

188 378 404 451 ταύτῃσί
428 400 482 431 τε
513 380 695 447 ἐχρᾶτο
727 380 780 430 ἐν
810 384 877 429 τῶ
909 377 1072 430 δέοντι
1104 378 1181 429 καὶ
1214 379 1438 444 Συρίοισι
1470 378 1591 449 πεζῇ
1622 379 1649 428 ὁ
1681 381 1855 432 Νεκῶς
1876 398 1932 422 Μ
1953 380 2015 417 ⁸⁰·
2041 389 2098 413 Ν

191 463 472 529 συμβαλὼν
530 465 584 515 ἐν
644 463 912 532 Μαγδώλῳ
973 464 1190 527 ἐνίκησε,
1245 464 1370 527 μετὰ
1428 465 1480 513 δὲ
1541 461 1629 526 τὴν
1686 460 1856 530 μάχην

140 571 162 612 5
193 546 407 600 Κάδυτιν
449 548 598 600 πόλιν
641 550 728 612 τῆς
769 549 947 613 Συρίης
990 549 1169 598 ἐοῦσαν
1213 546 1440 614 μεγάλην
1487 548 1605 598 εἷλε.
1696 548 1749 597 ἐν
1795 547 1854 618 τῇ
1891 567 1915 610 3

189 633 243 683 δὲ
275 633 452 697 ἐσθῆτι
481 632 627 701 ἔτυχε
657 636 810 688 ταῦτα
843 630 1292 698 κατεργασάμενος,
1329 630 1537 695 ἀνέθηκε
1567 637 1634 700 τῷ
1667 629 1853 682 Ἀπόλ-

189 721 315 768 λωνι
345 715 549 784 πέμψας
581 715 632 770 ἐς
663 716 945 784 Βραγχίδας
976 717 1063 769 τὰς
1095 716 1385 780 Μιλησίων.
1457 717 1582 780 μετὰ
1614 717 1665 766 δὲ
1697 716 1857 767 ἑκκαί-

191 804 307 852 δεκα
365 800 479 852 ἔτεα
534 802 596 852 τὰ
653 799 818 853 πάντα
876 798 1028 866 ἄρξας
1085 806 1309 870 τελευτᾷ,
1360 803 1427 869 τῷ
1489 799 1626 852 παιδὶ
1685 798 1857 865 Ψάμμι

190 884 438 951 παραδοὺς
467 884 556 949 τὴν
586 883 763 952 ἀρχήν.

116 991 164 1019 10
275 968 393 1020 Ἐπὶ
443 973 617 1021 τοῦτον
663 965 762 1035 [δὴ]
816 967 903 1020 τὸν
954 967 1157 1034 Ψάμμιν
1207 968 1550 1034 βασιλεύοντα
1602 968 1856 1036 Αἰγύπτου
1894 973 1992 1023 160

191 1053 427 1106 ἀπίκοντο
464 1053 686 1128 Ἠλείῳν
724 1052 948 1120 ἄγγελοι,
983 1051 1250 1121 αὐχέοντες
1292 1053 1575 1104 δικαιότατα
1618 1053 1696 1104 καὶ
1737 1051 1854 1104 κάλ·

189 1139 343 1188 λιστα
382 1135 570 1190 τιθέναι
607 1137 694 1190 τὸν
725 1139 779 1189 ἐν
815 1136 1071 1208 Ὀλυμπίῃ
1114 1138 1285 1204 ἀγῶνα
1321 1136 1519 1189 πάντων
1561 1137 1851 1204 ἀνθρώπων,

193 1221 271 1273 καὶ
291 1221 546 1276 δοκέοντες
568 1223 700 1290 παρὰ
719 1226 872 1273 ταῦτα
890 1220 992 1273 οὐδ’
1017 1220 1078 1273 ἂν
1101 1220 1215 1274 τοὺς
1236 1221 1562 1288 σοφωτάτους
1581 1221 1854 1289 ἀνθρώπων

192 1307 490 1373 Αἰγυπτίους
537 1306 679 1359 οὐδὲν
726 1304 1022 1373 ἐπεξευρεῖν.
1114 1305 1179 1359 ὡς
1219 1308 1279 1357 ’δὲ
1327 1306 1618 1371 ἀπικόμενοι
1665 1307 1717 1359 ἐς
1764 1304 1855 1370 τὴν
1889 1328 1913 1359 2

118 1411 163 1454 15
192 1390 444 1457 Αἴγυπτον
488 1393 534 1443 οἱ
570 1390 768 1443 Ἠλεῖοι
805 1390 983 1457 ἔλεγον
1026 1394 1124 1442 τῶν
1167 1390 1331 1441 εἵνεκα
1372 1391 1597 1448 ἀπίκατο,
1643 1392 1857 1442 ἐνθαῦτα

191 1473 218 1524 ὁ
246 1474 493 1540 βασιλεὺς
523 1475 664 1529 οὗτος
704 1472 1036 1542 συγκαλέεται
1078 1474 1363 1541 Αἰγυπτίων
1403 1475 1516 1528 τοὺς
1551 1474 1855 1541 λεγομένους

192 1558 319 1611 εἶναι
342 1559 682 1627 σοφωτάτους.
735 1558 1063 1612 συνελθόντες
1087 1561 1140 1610 δὲ
1164 1560 1209 1610 οἱ
1235 1559 1499 1625 Αἰγύπτιοι
1521 1558 1855 1611 ἐπυνθάνοντο

190 1647 289 1695 τῶν
329 1642 551 1696 Ἠλείων
593 1644 851 1711 λεγόντων
891 1641 1087 1695 ἅπαντα
1124 1644 1186 1694 τὰ
1226 1641 1424 1707 κατήκει
1465 1642 1629 1709 σφέας
1670 1643 1856 1696 ποιέειν

190 1727 303 1795 περὶ
333 1726 420 1779 τὸν
450 1729 634 1796 ἀγῶνα·
680 1726 1064 1795 ἀπηγησάμενοι
1105 1729 1159 1779 δὲ
1199 1729 1261 1778 τὰ
1294 1726 1455 1779 πάντα
1485 1727 1688 1794 ἔφασαν
1718 1728 1856 1792 ἥκειν

116 1835 165 1863 20
192 1812 616 1878 ἐπιμαθησόμενοι
656 1814 703 1864 ε’ί
741 1834 787 1864 τι
824 1812 989 1880 ἔχοιεν
1028 1811 1292 1878 Αἰγύπτιοι
1333 1812 1521 1863 τούτων
1552 1813 1856 1879 δικαιότερον

192 1893 488 1962 ἐπεξευρεῖν.
575 1898 623 1949 οἱ
653 1899 707 1948 δὲ
736 1895 1135 1961 βουλευσάμενοι
1167 1896 1447 1962 ἐπειρώτων
1477 1896 1590 1949 τοὺς
1620 1895 1857 1952 Ἠλείους
1887 1916 1912 1959 3

191 1981 239 2031 εἴ
267 1984 366 2047 σ’-φι
395 1983 442 2033 οἱ
472 1976 706 2046 πολιῆται
732 1980 1127 2047 ἐναγωνίζονται.
1191 1982 1237 2031 οἱ
1263 1982 1316 2031 δὲ
1342 1979 1542 2047 ἔφασαν
1568 1980 1647 2031 καὶ
1679 1980 1856 2048 σφέων

193 2064 272 2115 καὶ
319 2068 419 2116 τῶν
467 2064 638 2117 ἄλλων
682 2063 947 2128 Ἑλλήνων
993 2065 1171 2129 ὁμοίως
1214 2068 1280 2133 τῷ
1329 2064 1623 2134 βουλομένῳ
1674 2063 1856 2130 ἐξεῖναι

190 2149 537 2215 ἀγωνίζεσθαι.
600 2152 646 2202 οἳ
678 2152 731 2202 δὲ
762 2148 1024 2216 Αἰγύπτιοι
1049 2149 1249 2215 ἔφασάν
1276 2154 1441 2215 σφεας
1472 2151 1597 2200 οὕτω
1628 2148 1857 2204 τιθέντας
1889 2172 1917 2214 4

115 2255 162 2297 25
189 2231 375 2288 παντὸς
393 2238 479 2285 τοῦ
500 2235 687 2286 δικαίου
710 2231 1056 2301 ἡμαρτηκέναι·
1097 2232 1329 2297 οὐδεμίαν
1353 2235 1448 2299 γὰρ
1475 2232 1600 2285 εἶναι
1623 2232 1856 2302 μηχανὴν

190 2317 316 2371 ὅκως
358 2317 416 2369 οὗ
459 2323 526 2388 τῷ
572 2319 710 2388 ἀστῷ
756 2316 1102 2386 ἀγωνιζομένῳ
1150 2315 1542 2383 προσθήσονται,
1575 2316 1854 2371 ἀδικέοντες

190 2400 278 2453 τὸν
329 2400 507 2470 ξεῖνον.
595 2402 712 2454 ἀλλ’
759 2404 803 2455 εἰ
849 2401 908 2466 δὴ
961 2402 1238 2467 βούλονται
1291 2402 1487 2455 δικαίως
1533 2401 1722 2454 τιθέναι
1773 2402 1854 2454 καὶ

187 2485 364 2539 τούτου
396 2488 559 2541 εἵνεκα
599 2487 860 2539 ἀπικοίατο
902 2488 953 2540 ἐς
996 2487 1261 2552 Αἴγυπτον,
1299 2484 1507 2550 ξείνοισι
1539 2486 1854 2557 ἀγωνιστῇσι

243 2638 268 2663 2
313 2623 369 2666 ὧν
408 2624 442 2663 Ρ
456 2624 493 2663 R
510 2624 540 2664 S
554 2624 591 2663 V
758 2626 836 2666 εἶσὶ
877 2628 993 2673 δῆλοι
1030 2622 1070 2660 R
1086 2622 1115 2661 S
1131 2623 1168 2661 V
1389 2637 1414 2672 3
1463 2622 1624 2676 Σύροισι
1664 2623 1703 2662 Α
1720 2624 1754 2662 Β
1771 2624 1804 2662 C
1821 2623 1854 2662 P

188 2692 214 2728 4
245 2679 450 2732 Μαγδόλω
474 2679 573 2719 SV:
604 2679 811 2733 Μαγδάλω
840 2679 877 2717 R
908 2679 1009 2716 Lex.
1034 2677 1159 2719 Vind.
1189 2679 1263 2727 165
1512 2691 1534 2727 7
1573 2677 1663 2729 τὰς]
1695 2679 1789 2719 τοὺς
1820 2679 1852 2717 S

187 2734 296 2775 8⁷&
325 2734 576 2773 om.RSV
800 2747 850 2773 10
879 2735 926 2782 δὴ
952 2744 1035 2772 orn.
1067 2732 1203 2771 RSV
1426 2744 1471 2770 11
1503 2732 1686 2782 μάλιστα
1716 2732 1853 2772 RSV

192 2800 239 2837 15
270 2789 463 2830 ἀπίκοντο
482 2789 519 2828 Α
535 2789 569 2827 Β
584 2790 618 2829 C
633 2789 709 2828 PS
827 2790 874 2827 18
901 2787 1096 2836 κάτησκει
1111 2786 1158 2824 C¹
1171 2800 1189 2824 -:
1220 2787 1307 2834 ἥκει
1326 2787 1364 2825 R
1379 2786 1408 2825 S
1423 2786 1459 2824 V
1570 2800 1618 2825 21
1654 2789 1854 2840 ἐπεξερεῖν

190 2842 232 2882 R
382 2847 494 2897 ἐπηρ.
519 2844 553 2883 C
568 2843 696 2884 PSV
889 2855 940 2892 23
970 2843 1034 2882 καὶ
1057 2851 1139 2879 om.
1165 2840 1203 2878 R
1221 2841 1300 2879 SV
1495 2854 1547 2891 24
1578 2842 1852 2893 ἀγωνίσασθαι

190 2897 283 2937 RV
411 2902 495 2940 οὔτι
518 2898 626 2938 RVc
645 2913 654 2938 :
684 2902 805 2940 τοῦτο
828 2898 858 2937 S
1045 2907 1097 2945 25
1129 2895 1287 2937 πάντως
1311 2895 1513 2945 Krueger
1647 2895 1737 2938 οὐδὲ
1756 2897 1853 2947 μίην

189 2952 230 2990 R
244 2952 326 2992 SV
490 2966 540 3003 27
573 2953 801 3002 βούλωνται
826 2953 862 2990 R
880 2952 908 2990 S
922 2951 960 2990 V
1126 2952 1179 2988 28
1210 2950 1403 2991 ἀπίκοντο
1425 2950 1617 2992 cavallin
1748 2953 1850 3004 ἀγω-

188 3011 379 3048 νισθεΐσιν
403 3007 432 3048 S
444 3007 482 3046 V
