2098 3320
720 128 1099 206 ΙΣΤΟΡΙΩΝ
1175 159 1214 206 Γ
1547 143 1551 146 ’
1841 162 1931 211 111.
1964 165 2037 214 60

129 278 346 358 μέγιστα
381 287 614 341 ἁπάντων
643 286 906 353 Ἑλλήνων
943 287 1299 356 ἐξεργασμένα,
1334 290 1475 358 ὄρεός
1510 310 1563 343 τε
1598 291 1801 357 ὑψηλοῦ

132 376 184 430 ἐς
217 372 524 439 πεντήκοντα
563 373 642 425 καὶ
679 373 855 425 ἑκατὸν
895 373 1110 441 ὀργυιάς,
1145 374 1321 427 τούτου
1355 376 1545 442 ὄρυγμα
1583 373 1801 439 κάτωθε-ν
1826 376 2098 465 Ἢωη

125 458 423 538 1ᾀιρξάμενον,
456 458 795 526 ἀμφίστομον.
872 457 928 510 τὸ
957 461 1049 524 μὲν
1077 461 1232 524 μῆκος
1263 463 1348 511 τοῦ
1377 459 1653 527 ὀρύγματος
1677 461 1800 511 ἑπτὰ
1822 438 1929 512 *2⁹⁴⁹
1958 424 2098 531 φὰς

133 542 334 595 στάδιοί
368 544 483 602 εἰσι,
527 541 583 594 τὸ
625 545 677 595 δὲ
717 544 850 610 ὕψος
891 543 970 594 καὶ
1017 543 1155 611 εὖρος
1194 543 1322 595 ὀκτὼ
1363 541 1594 610 ἑκάτερον
1634 544 1799 597 πόδες.
1932 554 1938 561 “

84 649 106 692 5
132 629 213 681 διὰ
248 626 432 681 παντὸς
468 629 522 679 δὲ
560 627 708 679 αὐτοῦ
742 626 872 679 ἄλλο
912 629 1103 695 ὄρυγμα
1143 629 1439 697 εἰκοσίπηχυ
1479 627 1642 694 βάθος
1676 629 1798 695 ὀρώ-

130 732 314 780 ρυκται,
358 713 561 777 τρίπουν
602 714 655 763 δὲ
695 710 750 762 τὸ
791 711 945 778 εὖρος,
985 711 1047 764 δι’
1086 712 1142 764 οὗ
1181 712 1238 764 τὸ
1276 713 1404 779 ὕδωρ
1444 713 1802 781 ὀχετευόμενον

0 811 58 844 ιο
131 799 213 849 διὰ
271 794 515 861 σωλήνων
566 796 892 863 παραγίνεται
953 797 1003 849 ἐς
1054 796 1145 861 τὴν
1204 797 1355 849 πόλιν
1406 798 1653 864 ἀγόμενον
1704 798 1801 850 ἀπὸ

130 879 354 949 μεγάλης
410 868 592 948 πηγῆς.
702 879 1008 950 ἀρχιτέκτων
1061 883 1113 933 δὲ
1165 886 1250 933 τοῦ
1301 881 1577 950 ὀρύγματος
1628 883 1802 934 τούτου
1840 904 1864 947 3

132 965 330 1034 ἐγένετο
370 965 631 1033 Μεγαρεὺς
670 965 954 1019 Εὐπαλῖνος
990 966 1346 1034 Ναυστρόφου.
1436 971 1579 1019 τοῦτο
1614 969 1707 1033 μὲν
1743 966 1802 1032 δὴ

58 1071 108 1102 ιο
133 1050 186 1103 ἓν
204 1054 302 1102 τῶν
325 1054 472 1117 τριῶν
492 1051 618 1110 ἐστι,
641 1050 869 1117 δεύτερον
888 1052 942 1102 δὲ
965 1050 1076 1118 περὶ
1095 1049 1275 1116 λιμένα
1298 1055 1443 1119 χῶμα
1467 1052 1520 1104 ἐν
1545 1050 1800 1124 θαλάσσῃ,

123 1133 293 1201 βάθος
318 1135 398 1187 καὶ
429 1136 589 1187 εἵκοσι
620 1133 872 1202 ὀργυιέων,
898 1137 1054 1199 μῆκος
1077 1137 1130 1187 δὲ
1161 1139 1247 1187 τοῦ
1277 1136 1508 1204 χώματος
1537 1135 1686 1202 μέζον
1717 1137 1802 1189 δύο

133 1220 364 1272 σταδίων.
453 1220 619 1286 τρίτον
645 1217 701 1271 δέ
730 1226 829 1287 σφι
858 1217 1157 1287 ἐξέργασται
1187 1219 1304 1285 νηὸς
1333 1219 1571 1287 μέγιστος
1602 1220 1803 1274 πάντων
1840 1244 1867 1287 4

131 1309 263 1369 νηῶν
312 1308 412 1356 τῶν
462 1303 602 1369 ἡμεῖς
650 1305 805 1369 ἴδμεν,
860 1307 948 1355 τοῦ
998 1303 1304 1373 ἀρχιτέκτων
1355 1309 1548 1371 πρῶτος
1603 1305 1804 1373 ἐγένετο

129 1387 318 1442 Ῥοῖκος
358 1389 528 1440 Φίλεω
558 1388 838 1457 ἐπιχώριος.
906 1388 1094 1441 τούτων
1139 1389 1325 1442 εἵνεκεν
1364 1390 1564 1455 μᾶλλόν
1604 1410 1651 1442 τι
1692 1391 1805 1458 περὶ

58 1492 104 1535 15
131 1474 330 1539 Σαμίων
359 1470 589 1538 ἐμήκυνα.

216 1557 468 1629 Καμβύσῃ
516 1560 572 1610 δὲ
615 1563 683 1628 τῷ
730 1557 892 1625 Κύρου
938 1559 1219 1627 χρονίζοντι
1263 1559 1376 1626 περὶ
1423 1561 1676 1627 Αἴγυπτον
1723 1559 1802 1611 καὶ
1840 1562 1900 1611 61

130 1640 578 1710 παραφρονήσαντι
619 1641 975 1694 ἐπανιστέαται
1014 1642 1190 1711 ἄνδρες
1226 1643 1378 1711 μάγοι
1418 1644 1503 1695 δύο
1540 1645 1798 1711 ἀδελφεοί,

130 1731 230 1779 τῶν
286 1726 374 1779 τὸν
434 1726 604 1794 ἕτερον
663 1728 1017 1779 κατελελοίπεε
1069 1732 1168 1780 τῶν
1221 1728 1388 1780 οἰκίων
1438 1732 1723 1794 μελεδωνὸν
1775 1729 1801 1779 ὁ

134 1811 428 1884 Καμβύσης.
515 1811 659 1872 οὗτος
688 1810 747 1876 δὴ
779 1809 849 1864 ὧν
879 1814 925 1864 οἱ
958 1811 1207 1877 ἐπανέστη
1238 1813 1410 1878 μαθών
1440 1834 1494 1865 τε
1524 1812 1611 1865 τὸν
1641 1811 1799 1880 Σμέρ-

58 1899 232 1964 εο-διος
262 1894 477 1948 θάνατον
508 1895 574 1950 ὡς
606 1896 867 1964 κρύπτοιτο
899 1897 1183 1963 γενόμενος,
1220 1897 1300 1949 καὶ
1332 1897 1396 1951 ὡς
1427 1898 1594 1965 ὀλίγοι
1624 1898 1800 1962 εἴησαν

130 1982 176 2033 οἱ
208 1979 532 2047 ἐπιστάμενοι
564 1979 711 2033 αὐτὸν
745 1979 1005 2047 Περσέων,
1038 1983 1084 2033 οἱ
1121 1983 1175 2034 δὲ
1206 1982 1388 2035 πολλοὶ
1426 1982 1687 2050 περιεόντα
1716 2004 1800 2048 μιν

135 2065 404 2130 εἰδείησαν.
494 2064 616 2133 πρὸς
657 2070 809 2118 ταῦτα
845 2066 1132 2131 βουλεύσας
1171 2065 1288 2119 τάδε
1330 2068 1625 2135 ἐπεχείρησε
1666 2071 1801 2119 τοῖσι
1840 2089 1864 2119 2

130 2150 469 2215 βασιληίοισι·
514 2148 584 2215 ἧν
615 2151 662 2203 οἱ
704 2150 968 2218 ἀδελφεός,
1002 2150 1088 2202 τὸν
1120 2149 1235 2203 εἶπά
1266 2153 1312 2203 οἱ
1345 2154 1796 2217 συνεπαναστῆναι,

131 2234 275 2287 οἰκὼς
303 2233 528 2299 μάλιστα
558 2239 614 2286 τὸ
647 2235 776 2288 εἶδος
806 2234 988 2301 Σμέρδι
1017 2240 1084 2306 τῷ
1119 2235 1297 2303 Κύρου,
1324 2235 1411 2287 τὸν
1442 2237 1468 2287 ὁ
1500 2235 1796 2302 Καμβύσης,

58 2337 106 2379 25
133 2318 280 2370 ἐόντα
311 2321 493 2371 ἑωυτοῦ
528 2319 795 2387 ἀδελφεόν,
829 2317 1104 2373 ἀπέκτεινε.
1192 2318 1253 2384 ἣν
1283 2341 1338 2373 τε
1375 2319 1433 2385 δὴ
1465 2321 1634 2386 ὅμοιος
1671 2320 1800 2375 εἶδος

132 2408 198 2473 τῷ
230 2402 412 2471 Σμέρδι
444 2405 522 2457 καὶ
552 2403 610 2469 δὴ
644 2405 722 2456 καὶ
754 2404 940 2470 οὕνομα
977 2403 1134 2456 τώυτὸ
1166 2404 1272 2473 εἶχε
1309 2404 1541 2473 Σμέρδιν.
1625 2409 1800 2458 τοῦτον
1835 2427 1859 2470 3

187 2554 212 2579 2
242 2539 386 2582 τούτου
410 2540 443 2579 Ρ
457 2540 494 2579 R
510 2540 540 2579 S
554 2540 591 2579 V
614 2540 806 2581 Eustath.
836 2540 962 2581 Dion.
986 2553 1067 2592 533
1086 2555 1095 2581 ι
1124 2544 1246 2584 τοῦτο
1267 2543 1315 2583 τὸ
1333 2541 1372 2582 Α
1388 2543 1422 2582 Β
1437 2543 1472 2582 C
1625 2556 1651 2592 3
1682 2544 1801 2596 ἀμφι-

135 2595 303 2647 στόμιον
325 2595 363 2635 R
378 2596 408 2635 S
423 2596 458 2634 V
567 2595 642 2646 μὲν
663 2608 743 2635 om.
768 2595 807 2633 R
823 2596 903 2635 SV
1038 2611 1062 2646 4
1093 2597 1250 2638 στάδιοὶ
1270 2598 1366 2639 εἶσιἹ
1391 2598 1592 2639 σταδίοισι
1615 2599 1649 2637 C
1667 2598 1704 2636 R
1719 2599 1749 2638 S
1763 2599 1802 2637 V
1880 2631 1888 2638 .

135 2650 324 2703 ἑκάτερον
346 2651 399 2692 S:
432 2649 613 2704 ἑκάτεροι
635 2650 723 2690 rell.
890 2663 915 2700 5
947 2653 1118 2705 ὥρυκται
1140 2651 1180 2691 Α
1197 2652 1231 2691 Β
1249 2652 1287 2690 R
1304 2653 1384 2691 SV
1549 2654 1576 2691 6
1603 2656 1802 2706 τριπλοῦν
1850 2680 1854 2683 -

136 2705 173 2744 R
190 2706 220 2745 S
237 2705 272 2744 V
381 2704 458 2745 alt.
476 2707 525 2746 τὸ
544 2719 627 2744 om.
648 2705 686 2744 R
704 2704 783 2745 SV
800 2704 916 2745 Eust.
1053 2719 1074 2756 7
1105 2709 1168 2748 διὰ
1195 2707 1231 2745 R
1247 2707 1329 2746 SV
1350 2707 1466 2747 Eust.
1488 2722 1496 2747 :
1526 2709 1589 2749 διὰ
1609 2713 1691 2749 τῶν
1712 2707 1800 2747 rell.

133 2761 159 2798 8
187 2759 331 2801 τούτου
352 2763 424 2802 τοῦ
443 2760 499 2814 ὄρ.
527 2759 566 2798 R
581 2759 661 2799 SV
831 2774 873 2799 11
909 2762 972 2802 καὶ
996 2761 1088 2801 Eltz
1108 2775 1117 2801 ε
1147 2763 1251 2802 κατὰ
1276 2762 1306 2799 L
1478 2776 1525 2801 12
1547 2763 1801 2816 ἐξείργασται

138 2814 175 2853 R
198 2815 228 2854 S
248 2816 286 2854 V
475 2827 522 2864 13
566 2819 648 2869 πρῶ
689 2814 727 2854 R
914 2828 961 2864 14
1004 2815 1134 2858 Φιλέω
1176 2816 1382 2856 Thiersch
1507 2835 1547 2858 τι
1585 2830 1667 2857 om.
1711 2818 1742 2858 S
1764 2818 1801 2856 V

140 2872 188 2909 16
215 2873 288 2911 τοῦ
311 2870 349 2908 R
535 2871 583 2909 18
612 2879 811 2912 καταλελ.
834 2870 871 2910 Α
888 2870 921 2909 Β
938 2871 971 2909 C
990 2886 999 2911 ε
1029 2870 1302 2913 καταλέλοιπε
1326 2872 1358 2910 Ρ
1374 2872 1410 2910 R
1427 2873 1456 2911 S
1472 2872 1510 2910 V
1677 2885 1725 2923 19
1753 2890 1800 2913 τε

135 2924 379 2964 mmRSV
517 2925 1193 2974 m÷vaRV:n3wvoest
1323 2926 1802 2977 23aenoemmRSV

135 2990 188 3028 25
217 2979 318 3021 εἶδος
339 2992 421 3019 om.
450 2978 487 3017 R
503 2980 533 3019 S
548 2980 584 3018 V
764 2982 817 3019 26
847 2980 1010 3034 Σμέρδει
1034 2981 1071 3019 R
1087 2981 1124 3019 V
1202 3026 1205 3028 ,
1235 2984 1389 3023 τωύτὸν
1413 2983 1451 3022 R
1467 2981 1547 3021 SV
1657 2981 1800 3037 Σμέρδι

138 3033 318 3074 PRSV
363 3071 365 3073 .
