2098 3320
821 170 1200 219 ῐΣΤΟΡῐΩΝ
1264 170 1300 217 Β
1934 174 2080 236 ῐι.45

226 303 336 355 ε’στι
366 300 452 355 τὸν
484 301 595 371 περὶ
625 306 710 354 τοῦ
738 300 1018 369 (Ηρακλέος
1054 298 1280 368 λέγουσι,
1315 299 1379 353 ὡς
1417 299 1564 352 αὐτὸν
1595 300 1895 366 ἀπικόμενον

227 389 279 442 ἐς
301 389 553 455 Αἴγυπτον
584 386 868 455 στέψαντες
898 388 944 438 οἱ
970 386 1234 453 Αἰγύπτιοι
1262 384 1358 437 ὑπὸ
1390 387 1589 450 πομπῆς
1620 383 1799 451 ἐξῆγον
1831 385 1896 437 ὡς

228 472 465 525 θύσοντες
499 476 567 542 τῷ
609 471 714 524 Διί·
760 470 847 523 τὸν
884 473 936 523 δὲ
974 468 1097 523 τέως
1133 472 1223 535 μὲν
1259 470 1477 538 ἡσυχίην
1513 468 1665 537 ἔχειν,
1700 469 1806 520 ἐπεὶ
1843 471 1894 519 δὲ

228 556 377 608 αὐτοῦ
424 560 545 624 πρὸς
591 561 656 626 τῷ
704 560 861 625 βωμῷ
911 555 1233 623 κατάρχοντο,
1280 555 1331 608 ἐς
1378 553 1539 618 ἀλκὴν
1585 554 1896 620 τραπόμενοι·

181 667 204 708 5
229 640 417 695 πάντας
448 638 612 709 σφέας
644 644 1028 708 καταφονεῦσαι.
1108 639 1216 704 ἐμοὶ
1244 635 1339 704 μέν
1369 659 1454 690 νυν
1486 634 1716 690 δοκέουσι
1745 642 1896 689 ταῦτα
1927 657 1952 689 2

228 723 465 793 λέγοντες
512 727 600 790 τῆς
648 725 931 793 Αἰγυπτίων
980 723 1165 792 φύσιος
1212 723 1291 775 καὶ
1337 727 1436 775 τῶν
1482 724 1645 789 νόμων
1691 721 1897 788 πάμπαν

179 847 182 849 Δ
230 810 443 877 ἀπείρως
487 808 623 878 ἔχειν
667 811 714 862 οἱ
749 807 1021 874 “Ελληνες·
1081 811 1213 860 τοῖσι
1257 809 1352 875 γὰρ
1396 806 1507 859 οὐδὲ
1556 805 1735 872 κτήνεα
1782 807 1895 871 ὁσίη

231 894 365 946 θύειν
395 895 505 946 ἐστὶ
541 894 693 963 χωρὶς
723 892 841 946 ὀΐων
874 894 953 946 καὶ
991 890 1210 960 ἐρσένων
1239 896 1380 959 βοῶν
1410 892 1489 944 καὶ
1525 893 1751 960 μόσχων,
1783 892 1898 942 ὅσοι

230 978 291 1030 ἂν
317 978 519 1046 καθαροὶ
542 978 680 1038 ἔωσι,
708 979 787 1030 καὶ
818 982 1000 1047 χηνῶν,
1029 982 1124 1032 κῶς
1152 976 1214 1030 ἂν
1236 977 1370 1029 οὗτοι
1399 977 1685 1044 ἀνθρώπους
1709 975 1897 1036 θύοιεν,·

161 1087 208 1115 ιο
232 1063 304 1116 ἔτι
328 1065 381 1116 δὲ
406 1063 493 1115 ἕνα
517 1063 665 1115 ἐόντα
687 1062 774 1115 τὸν
797 1060 1054 1129 Ἡρακλέα
1078 1063 1156 1114 καὶ
1182 1049 1254 1114 ἔτι
1278 1061 1552 1128 ἄνθρωπον,
1580 1060 1644 1115 ὡς
1667 1058 1725 1125 δή
1749 1066 1897 1128 φασι,
1932 1084 1955 1126 3

234 1151 329 1202 κῶς
366 1147 524 1215 φύσιν
563 1148 671 1216 ἔχει
712 1149 908 1200 πολλὰς
946 1145 1181 1214 μυριάδας
1219 1149 1489 1214 φονεῦσαι,·
1538 1146 1616 1197 καὶ
1658 1144 1769 1212 περὶ
1807 1148 1900 1210 μὲν

230 1230 418 1284 τούτων
447 1236 667 1284 τοσαῦτα
702 1232 819 1297 ἡμῖν
854 1233 1049 1284 εἰποῦσι
1085 1231 1165 1283 καὶ
1200 1232 1332 1299 παρὰ
1368 1234 1465 1283 τῶν
1495 1233 1622 1282 θεῶν
1653 1229 1730 1282 καὶ
1766 1231 1899 1295 παρὰ

231 1320 331 1368 τῶν
357 1314 789 1383 ἡρώων,εὒμένεια
818 1318 908 1381 εἵη.

315 1402 421 1454 Τὰς
467 1403 520 1452 δὲ
570 1400 629 1465 δὴ
680 1400 823 1467 αἶγας
878 1400 956 1452 καὶ
1004 1399 1117 1454 τοὺς
1165 1397 1377 1468 τράγους
1427 1402 1583 1452 τῶνδε
1635 1399 1798 1450 εἵνεκα
1844 1397 1900 1448 οὐ
1935 1398 2007 1459 46

163 1510 208 1550 ¹5
234 1484 409 1537 θύουσι
468 1484 752 1552 Αἰγυπτίων
813 1487 858 1537 οἱ
919 1483 1182 1551 εἰρημένοι.
1270 1483 1358 1536 τὸν
1410 1486 1558 1536 Πᾶνα
1614 1486 1713 1535 τῶν
1773 1483 1899 1534 ὀκτὼ

234 1572 361 1622 θεῶν
403 1569 689 1636 λογίζονται
734 1568 858 1621 εἶναι
898 1571 945 1621 οἱ
990 1566 1285 1633 Μενδήσιοι,
1332 1567 1447 1622 τοὺς
1490 1570 1543 1620 δὲ
1587 1567 1714 1619 ὀκτὼ
1759 1567 1901 1620 θεοὺς

233 1653 441 1709 τούτους·
499 1653 766 1721 προτέρους
829 1658 929 1706 τῶν
993 1653 1211 1705 δυώδεκα
1275 1656 1402 1705 θεῶν
1460 1657 1589 1718 φασι
1646 1649 1898 1719 γενέσθαι.

235 1737 493 1807 γράφουσί
553 1759 609 1791 τε
673 1738 732 1803 δὴ
799 1738 878 1790 καὶ
942 1737 1199 1806 γλύφουσι
1270 1739 1316 1789 οἱ
1388 1735 1640 1804 ζωγράφοι
1711 1736 1790 1787 καὶ
1855 1737 1902 1788 οἱ
1938 1757 1963 1789 2

237 1823 633 1891 ἀγαλματοποιοὶ
685 1827 772 1875 τοῦ
825 1821 996 1876 Πανὸς
1048 1822 1288 1889 τῶγαλμα
1340 1820 1462 1873 κατά
1513 1842 1604 1888 περ
1647 1818 1904 1884 “Ελληνες
1946 1873 1956 1882 ,
2079 1858 2081 1860 -

165 1932 214 1961 20
237 1907 622 1977 αἰγοπρόσωπον
667 1907 747 1959 καὶ
791 1905 1150 1975 τραγοσκελέα,
1197 1906 1324 1960 οὔτι,
1353 1907 1573 1958 τοιὸῦτον
1624 1879 2098 1985 νομίζοντες.“’...“ζ“.ἷ;.,ῗ,ε1

239 1990 372 2044 εἶναί
394 2012 478 2057 μιν
509 1991 624 2044 ἀλλ’
656 1993 827 2057 ὅμοιον
857 1995 990 2043 τοῖσι
1021 1990 1230 2043 ἄλλοισι
1261 1994 1438 2043 θεοῖσι.
1512 1991 1624 2042 ὅτευ
1656 1991 1710 2041 δὲ
1741 1989 1904 2041 εἵνεκα

239 2080 463 2129 τοιοῦτον
521 2074 774 2144 γράφουσι
840 2076 1006 2136 αὐτόν,
1072 2075 1129 2127 οὔ
1191 2096 1277 2142 μοι
1339 2074 1480 2139 ἥδιόν
1538 2076 1649 2126 ἐστι
1711 2072 1896 2141 λέγειν.

228 2159 482 2226 ’σέβονται
517 2163 571 2213 δὲ
608 2159 797 2214 πάντας
832 2161 947 2214 τοὺς
983 2159 1126 2227 αἶγας
1162 2162 1209 2213 οἱ
1245 2157 1540 2224 Μενδήσιοι,
1587 2157 1665 2210 καὶ
1705 2162 1903 2223 μᾶλλον
1941 2180 1966 2224 3

239 2244 354 2299 τοὺς
401 2243 610 2312 ἔρσενας
655 2249 754 2298 τῶν
803 2244 1012 2310 θηλέων,
1062 2244 1140 2296 καὶ
1187 2243 1376 2297 τούτων
1419 2246 1465 2296 οἱ
1517 2243 1727 2296 αἰπόλοι.
1762 2244 1906 2307 τιμᾶς
2063 2307 2094 2317 .-

169 2352 215 2394 25
239 2327 448 2395 μέζονας
490 2328 681 2398 ἔχουσι·
743 2330 797 2381 ἐκ
843 2332 895 2382 δὲ
939 2330 1127 2394 τοῄτων
1171 2329 1242 2383 εἷς
1283 2328 1521 2394 μάλιστα,
1568 2329 1708 2381 ὅστις
1753 2325 2098 2379 ἐπεᾰνῖ·4··ῗ“’

242 2412 482 2486 ἀποθάνῃ,
524 2412 704 2468 πένθος
746 2412 876 2482 μέγα
916 2414 1063 2467 παντὶ
1103 2418 1170 2483 τῷ
1213 2414 1485 2484 Μενδησίῳ
1526 2417 1657 2482 νομῷ
1698 2413 1903 2464 τίθεται.

200 2561 206 2568 ι
243 2497 474 2550 καλέεται
515 2501 569 2551 δὲ
612 2498 642 2549 ὅ
679 2519 735 2550 τε
773 2497 957 2566 τράγος
997 2497 1079 2550 καὶ
1123 2498 1150 2548 ὁ
1189 2499 1306 2550 Πᾶν
1342 2497 1643 2565 Αἰγυπτιστὶ
1685 2495 1902 2561 Μένδης.
1941 2517 1970 2559 4

243 2580 442 2649 ἐγένετο
487 2585 541 2635 δὲ
585 2584 638 2634 ἐν
678 2587 745 2653 τῷ
791 2587 923 2652 νομῷ
968 2581 1123 2653 τούτῳ
1173 2581 1249 2635 ἐπ’
1290 2583 1407 2648 ε’μεῦ
1450 2585 1597 2633 τοῦτο
1641 2580 1698 2632 τὸ
1742 2579 1904 2646 τέρας·

242 2667 438 2733 γυναικὶ
504 2665 685 2734 τράγος
752 2669 990 2734 ἐμίσγετο
1056 2659 1361 2734 ἀναφανδόν.
1467 2670 1609 2716 τοῦτο
1680 2666 1730 2717 ἐς
1798 2665 1902 2716 ἐπί-

303 2810 322 2836 1
354 2798 427 2847 τὸν
445 2809 526 2838 om.
545 2796 627 2836 SV
755 2811 781 2847 4
813 2798 925 2839 αὐτοὶ
949 2796 987 2834 R
1004 2786 1035 2835 S
1049 2795 1089 2834 V
1218 2808 1241 2847 7
1272 2795 1444 2838 ἆπείκως
1465 2796 1495 2836 S
1508 2795 1547 2834 V
1675 2796 1701 2833 8
1730 2795 1823 2836 ὀιῶν
1843 2795 1878 2835 C
1895 2814 1903 2836 :

245 2854 322 2894 ὑῶν
343 2851 435 2893 rell.
545 2853 608 2894 καὶ
631 2851 718 2893 ὅσοι
740 2851 774 2891 C
939 2864 967 2902 9
996 2863 1058 2902 pr.
1077 2849 1145 2902 ἃν]
1171 2852 1242 2892 ἐὰν
1259 2851 1300 2890 Α
1315 2850 1349 2890 Β
1365 2850 1399 2890 C
1568 2862 1619 2890 10
1647 2848 1747 2891 ὄντα
1765 2849 1805 2888 Α
1822 2849 1856 2888 Β
1872 2850 1905 2889 C

250 2919 295 2946 11
327 2907 440 2959 ἔχειν
458 2905 548 2946 ΑΒ
563 2905 598 2946 C
775 2918 824 2957 13
855 2905 1022 2957 εὐμενέσι
1043 2904 1080 2943 R
1098 2904 1128 2945 S
1142 2904 1179 2945 V
1347 2917 1394 2955 17
1425 2903 1530 2946 δυόδ.
1553 2903 1589 2942 Β
1760 2906 1808 2943 18
1839 2904 1904 2956 τε]

172 2987 177 2989 -
246 2959 291 3003 δὲ
322 2960 408 3000 PR
424 2960 506 3001 SV
670 2961 735 3004 καὶ
754 2959 961 3015 γλύφουσι
981 2972 1064 3000 om.
1088 2959 1122 2998 C
1342 2961 1406 3001 καὶ
1428 2962 1464 3000 οἱ
1484 2960 1634 3012 ἆγαλμ.
1658 2971 1743 3000 om.
1765 2959 1803 2998 A
1821 2958 1856 2998 Β
1870 2959 1904 2999 C

245 3028 295 3055 21
328 3014 446 3058 ἕνεκα
464 3014 506 3054 Α
520 3014 556 3054 Β
570 3015 610 3054 R
628 3014 708 3055 SV
831 3028 884 3065 24
914 3016 1027 3057 τινὰς
1049 3015 1089 3054 R
1233 3026 1286 3064 25
1315 3014 1393 3067 εἷς]
1414 3014 1484 3056 ἕνα
1504 3013 1626 3054 Stein
1737 3026 1791 3064 29
1822 3016 1905 3055 ἐπί-

246 3073 366 3122 δειξιν
383 3069 439 3111 Αι
455 3070 490 3110 C
504 3070 535 3111 S
547 3068 603 3110 V¹

1665 3124 1742 3167 10*
