1968 3236
749 82 1264 136 PRAEFATIO

178 226 421 295 optimos
445 227 491 277 si
520 228 815 295 sequimur,
843 244 953 278 non
981 228 1058 280 ita
1085 227 1246 280 valde
1274 228 1412 280 inter
1437 245 1494 280 se
1521 228 1850 296 discrepant,

178 299 285 366 nec⁸
323 314 764 383 hyperionismos
817 313 911 381 qui
962 323 1228 366 vocantur
1284 323 1338 367 et
1394 315 1696 368 atticismos
1755 315 1849 381 qui

176 401 274 453 vel⁴
297 401 552 454 consulto
588 400 728 453 illati
763 409 890 453 sunt
925 400 1013 452 vel
1051 402 1303 454 socordia
1341 402 1686 454 librariorum
1722 401 1849 453 irre-

176 495 398 558 pserunt
423 487 705 541 eliminare
740 505 849 541 non
887 505 1179 556 possumus
1199 504 1211 551 3
1251 490 1346 541 sed
1385 497 1550 541 restat
1587 489 1850 556 quaestio,

177 592 342 643 quam
386 575 458 627 ad
504 574 824 627 solvendam
873 593 1007 644 opes
1051 592 1244 643 parum
1285 575 1578 642 sufficiunt,
1614 593 1756 642 quae
1796 576 1849 626 in

177 680 242 715 ea
277 679 336 714 re
373 671 642 729 versatur,
678 680 810 714 num
855 663 1177 715 Herodotus
1215 663 1270 714 in
1311 663 1598 715 scribendo
1645 670 1847 714 certam

177 749 415 817 aliquam
480 749 778 801 dialectum
842 750 1189 817 expresserit.
1302 749 1401 802 Ab
1464 749 1635 802 tribus
1703 747 1851 801 Iadis

176 836 468 906 generibus
504 853 646 904 quae
685 836 1015 889 testimoniis
1047 837 1336 890 titulorum
1374 837 1574 889 tradita
1611 843 1849 900 exstant,

177 923 445 986 AsiaticQ
464 923 788 991 Cycladum,
810 923 1079 985 Euboic0‚
1098 924 1371 977 scribendi
1390 941 1562 992 genus
1581 923 1848 975 Herodoti

179 1013 233 1064 in
276 1012 439 1064 rebus
482 1020 538 1064 et
583 1010 771 1063 multis
818 1020 871 1063 et
915 1011 1173 1080 gravibus
1219 1012 1297 1064 ita
1349 1011 1549 1077 differt,
1597 1017 1656 1062 ut
1702 1009 1851 1061 nullo

177 1097 431 1167 singulari
483 1115 670 1150 eorum
724 1114 850 1150 usus
900 1116 1016 1151 esse
1063 1099 1314 1152 videatur
1337 1116 1350 1162 ;
1414 1106 1603 1150 contra
1661 1098 1848 1165 aliqua

179 1203 251 1237 ex
284 1193 443 1254 parte
476 1203 600 1237 cum
636 1186 965 1239 testimoniis
998 1194 1303 1239 ceterorum
1338 1186 1683 1254 scriptorum,
1715 1202 1847 1253 poe·

177 1281 356 1324 tarum
380 1273 637 1337 maxime,
657 1273 734 1325 ita
753 1274 1044 1336 consentit,
1061 1281 1122 1325 ut
1143 1280 1199 1325 et
1218 1273 1318 1325 hos
1339 1282 1394 1326 et
1416 1272 1568 1325 illum
1596 1289 1847 1325 normam

179 1359 454 1426 quandam
500 1376 608 1411 non
653 1376 726 1411 ex
769 1376 1018 1411 sermone
1062 1359 1341 1412 cotidiano
1378 1378 1715 1428 expressam,
1752 1361 1849 1413 sed

178 1445 363 1512 potius
389 1445 459 1497 ad
488 1462 646 1497 usum
681 1455 965 1514 artemque
996 1447 1264 1499 scribendi
1298 1448 1605 1500 institutam
1637 1455 1851 1500 secutos

178 1519 296 1585 esse
322 1533 436 1585 veri
461 1532 637 1585 simile
664 1532 775 1585 fiat.
853 1533 1111 1586 Ceterum
1146 1534 1199 1586 id
1233 1535 1532 1587 tenendum
1571 1542 1667 1595 est,
1695 1535 1846 1602 quod

179 1618 426 1671 maxime
462 1619 748 1688 Merzdorf
776 1621 987 1688 pressit,
1016 1621 1347 1674 differentias
1377 1622 1647 1675 scribendi
1679 1620 1849 1692 (velut

180 1705 383 1776 εο-ευ)
433 1722 595 1775 saepe
647 1725 754 1759 non
811 1717 927 1761 tam
979 1706 1361 1778 ‘phoneticas'
1414 1727 1581 1777 quam
1634 1709 1849 1761 ‘ortho-

179 1791 503 1863 graphicas’
555 1794 729 1848 fuisse.
833 1795 1112 1863 Equidem
1169 1813 1292 1848 cum
1351 1797 1510 1848 rebus
1562 1796 1851 1866 diligenter

179 1881 452 1952 inquisitis
479 1883 869 1951 perpensisque
897 1882 1030 1934 mihi
1057 1884 1434 1952 persuaserim,
1455 1883 1507 1935 in
1535 1884 1844 1936 universum

178 1969 326 2037 apud
373 1970 722 2022 Herodotum
765 1987 876 2023 non
923 1971 1098 2040 magis
1138 1988 1305 2038 quam
1347 1972 1494 2039 apud
1538 1971 1846 2023 Homerum

180 2053 324 2108 ultra
349 2057 727 2109 testimonium
760 2058 1010 2109 codicum
1049 2058 1305 2125 progredi
1342 2058 1515 2122 licere,
1543 2059 1595 2109 id
1631 2057 1847 2125 potissi-

182 2161 331 2195 mum
366 2143 470 2211 egi,
501 2153 557 2196 ut
593 2145 864 2213 scriptura
898 2144 1187 2213 archetypi
1222 2145 1557 2213 optimorum
1595 2145 1846 2197 codicum

181 2237 717 2298 repraesentaretur;
784 2232 839 2283 in
902 2232 1062 2283 rebus
1121 2240 1306 2284 autem
1363 2232 1563 2297 dubiis,
1615 2249 1846 2299 quarum

179 2316 335 2385 quasi
362 2319 682 2386 exemplum
709 2319 1155 2371 terminationem
1177 2336 1299 2388 gen.
1322 2318 1459 2387 plur.
1482 2319 1608 2371 fem.
1625 2318 1846 2371 adiecti-

180 2422 389 2466 vorum,
406 2399 841 2474 participiorum,
860 2406 1236 2471 numeralium,
1253 2407 1638 2474 pronominum
1656 2405 1849 2459 afferre

181 2491 328 2557 libet,
365 2510 689 2546 consensum
725 2496 971 2546 omnium
1009 2493 1315 2562 pluriumve
1348 2493 1600 2545 codicum
1636 2502 1847 2546 secutus

180 2596 314 2631 sum.
414 2579 587 2648 Spero
636 2581 801 2651 igitur
852 2599 939 2633 me
990 2582 1034 2633 si
1086 2570 1193 2633 non
1249 2581 1597 2633 Herodotum
1650 2581 1846 2648 ipsum,

162 2674 427 2735 ‘attamen
477 2669 697 2735 qualem
744 2669 995 2721 habuerit
1042 2668 1343 2736 antiquitas
1387 2675 1551 2736 prout
1596 2683 1680 2718 res
1723 2667 1847 2719 sinit

181 2755 484 2821 protulisse.
541 2755 797 2808 Ceterum
819 2773 959 2824 quae
981 2755 1284 2819 Bredoin,
1304 2753 1607 2816 DindorfiO,
1626 2753 1847 2813 Steinio,

183 2840 526 2903 Merzdorfio,
556 2843 831 2905 Meister-o,
866 2842 1205 2895 Hoffmanno
1239 2842 1467 2908 aliisque
1503 2841 1751 2905 debeam,
1786 2841 1846 2892 iis

181 2928 275 2995 qui
302 2928 403 2981 hac
431 2930 669 2982 editione
698 2924 920 2982 utentur
947 2930 1101 2982 facile
1128 2928 1428 2998 apparebit.

993 3034 1039 3065 lx
