2098 3320
47 171 176 235 189
869 172 1299 220 HPOAOTOT

545 196 752 286 NVNC

249 302 409 355 αὐτῶν
455 302 657 371 ἐπίδοξα
700 304 952 372 γενέσθαι·
999 303 1052 357 ὃς
1098 302 1158 355 ἂν
1202 303 1362 355 αὐτῶν
1389 307 1624 356 ,πλεῖστα
1669 302 1912 376 κατάσχῃ,

249 391 424 439 τοῦτον
449 388 820 455 προσδέκεσθαί
846 411 922 440 τοι
947 389 1438 452 ἐπαναστησόμενον.
1503 393 1591 439 νῦν
1614 386 1682 439 ὧν
1706 381 1918 452 ποίησον

189 490 215 534 3
250 472 361 530 ὧδε,
395 475 442 524 εἴ
466 494 543 524 τοι
573 472 775 540 ἀρέσκει
803 475 864 524 τὰ
896 474 992 540 ἐγὼ
1028 471 1177 539 λέγω.
1266 471 1601 544 κάτισονῡτῶν
1631 473 1918 547 δορυφόρων

0 556 213 618 msa—3
232 548 334 608 (ἐπὶ
370 556 564 628 πάσῃσι
599 565 716 630 τῇσι
751 548 966 629 πύλῃσι)
979 556 1248 625 φυλάκους,
1281 537 1772 623 οἳᾈεγόντωνῒπρὸς
1806 555 1919 611 τοὺς

0 649 238 704 μὴν»)
252 639 555 708 ἐκφέροντας
595 643 656 692 τὰ
700 640 930 709 χρήματα
969 641 1319 707 ἀπαιρεόμενοι
1358 640 1424 693 ὥς
1466 646 1603 707 σφεα
1642 641 1919 707 ἀναγκαίως
1942 663 1964 703 5

252 724 360 793 ἔχει
384 728 729 790 δεκατευθῆναι
748 731 815 795 τῷ
840 726 939 776 Διί.
1004 726 1083 777 καὶ
1106 724 1173 775 σύ
1190 722 1244 775 τέ
1270 730 1369 791 σφι
1387 723 1472 775 οὐκ
1497 722 1805 793 ἀπεχθήσεαι
1828 726 1919 796 βίῃ

253 809 607 875 ἀπαιρεόμενος
637 811 697 861 τὰ
727 808 970 913 χέηὶιρατα,
998 809 1076 860 καὶ
1106 810 1289 860 ἐκεῖνοι
1317 809 1620 875 συγγνόντες
1642 807 1827 860 ποιέειν
1858 830 1920 861 σε

141 909 214 960 90
253 893 414 943 δίκαια
439 894 634 947 ἑκόντες
657 872 973 960 προῃρ-ρυσυιῖο
1018 898 1170 945 ταῦτα
1193 891 1387 946 ἀκούων
1411 893 1437 943 6
1455 896 1612 958 Κῦρος
1634 891 1916 958 ὑπερήδετο,

252 976 318 1030 ὥς
348 979 394 1028 οἱ
425 978 589 1029 ἐδόκεε
613 978 665 1029 εὗ
688 979 1027 1029 ὑποτίθεσθαι·
1073 975 1280 1033 αἰνέσας
1308 979 1365 1030 δὲ
1394 979 1562 1028 πολλὰ
1593 977 1672 1029 καὶ
1697 975 1917 1029 ἐντειλά-

250 1082 398 1126 μενος
434 1067 567 1113 τοῖσι
607 1062 932 1129 δορυφόροισι
971 1063 1034 1113 τὰ
1072 1065 1290 1129 Κροῖσος
1327 1059 1606 1126 ὑπεθήκατο
1645 1060 1919 1113 ἐπιτελέειν
1947 1081 1996 1110 10

0 1159 180 1243 'xcxv‘
253 1145 360 1198 εἰπε
398 1144 522 1213 πρὸς
552 1149 779 1222 ’Κροῖσον
814 1145 1196 1235 τάψοῖσε,
1235 1144 1706 1214 ἀναρτημένου-σεῦ
1745 1135 1920 1212 ἀνδρὸς

252 1229 499 1294 βασιλέος
529 1220 726 1298 χρηστὰ
757 1224 877 1298 ἔργᾶ
908 1231 988 1283 καὶ
1019 1231 1142 1283 ἔπεα
1167 1221 1375 1291 Ῑπόιέειν,
1409 1229 1542 1283 αἰτέο
1577 1230 1719 1282 δόσιν
1747 1230 1921 1294 ἥντινα

190 1335 216 1366 2
252 1314 469 1380 βούλεαί
501 1335 578 1366 τοι
611 1314 846 1382 γενέσθαι
883 1302 1170 1382 παραυτίκαῐ
1262 1316 1288 1366 6
1325 1318 1377 1367 δὲ
1414 1314 1539 1366 εἶπε·
1578 1313 1653 1365 ⁹52
1683 1312 1918 1372 δέσποτα,

253 1397 407 1476 ἐάσας
445 1420 508 1463 με
547 1400 694 1471 χαριῇ
731 1398 954 1464 μάλιστα
985 1398 1072 1451 τὸν
1110 1399 1224 1452 θεὸν
1258 1404 1355 1451 τῶν
1386 1394 1663 1462 Ἑλλήνων,
1700 1397 1786 1450 τὸν
1822 1399 1921 1466 ἐγὼ

254 1483 466 1548 ἐτίμησα
512 1487 636 1535 θεῶν
679 1482 919 1548 μάλιστα,
968 1482 1267 1551 ἐπειρέσθαι,
1315 1482 1587 1551 πέμψαντα
1633 1481 1788 1534 τάσδε
1833 1484 1921 1536 τὰς
1947 1501 1994 1543 15

10 1619 66 1654 u
248 1566 420 1626 πέδας,
449 1568 492 1619 εἰ
521 1566 905 1632 ἐξαπατᾶνίτοὺς
937 1569 989 1620 εὖ
1021 1572 1293 1622 ποιεῦνταςλ,
1309 1568 1461 1633 νόμος
1493 1567 1606 1619 ἐστί
1631 1569 1694 1618 οἱ.
1762 1571 1922 1633 Κῦρος

113 1661 211 1714 ’ki-3
253 1653 306 1703 δὲ
337 1653 495 1719 εἴρετο
525 1653 554 1702 ὅ
581 1674 629 1703 τι
659 1654 705 1703 οἱ
736 1657 877 1703 τοῦτο
908 1654 971 1704 ἐπ
1039 1674 1064 1703 ο
1099 1650 1192 1704 έων
1224 1651 1551 1726 παραῂιτέχοιτο.
1623 1655 1836 1717 Κροῖσος
1867 1650 1922 1703 δέ

0 1755 51 1778 κ·-
216 1782 222 1813 Ι
252 1738 299 1788 οἱ
337 1737 715 1805 ἐπαλιλλόγησε
753 1739 920 1788 πᾶσαν
951 1736 1041 1800 τὴν
1079 1739 1259 1788 ἑωυτοῦ
1294 1735 1515 1788 διάνοιαν
1551 1735 1629 1786 καὶ
1664 1740 1763 1787 τῶν
1797 1756 1918 1803 χρη-

0 1810 27 1836 ‘⁵
255 1821 472 1886 στηρίων
502 1822 589 1874 τὰς
623 1821 915 1887 ὑποκρίσιας
952 1822 1030 1872 καὶ
1066 1819 1290 1886 μάλιστα
1318 1822 1379 1871 τὰ
1415 1817 1703 1885 ἀναθήματα
1740 1819 1819 1870 καὶ
1856 1819 1922 1872 ὡς

255 1904 594 2007 ἐπαρθεὶςςὴζιιξῖ)ς
612 1926 710 2008 Ιᾴαν
744 1907 830 1980 nst>
864 1905 1232 1972 ἐστρατεύσατο
1265 1904 1345 1956 ἐπὶ
1377 1903 1598 1970 Πέρσας.
1671 1902 1834 1970 λέγων
1865 1906 1919 1955 δὲ
1946 1925 1995 1954 20

590 1986 595 1995 ¹
664 1926 862 2079 ’ᾦαῧτῗς
886 1989 1271 2055 παραιτεόμενος
1294 1989 1488 2040 ἐπεῖναί
1506 1990 1552 2039 οἱ
1575 1988 1641 2058 τῷ
1662 1988 1754 2058 θεῷ
1774 1992 1919 2039 τοῦτο

254 1993 408 2040 ταῦτα
431 1994 671 2061 κατεραιν

254 2073 512 2124 ὀνειδίσαι.
586 2077 744 2139 Κῦρος
774 2076 825 2124 δὲ
850 2072 1073 2139 γελάσας
1107 2071 1230 2124 εἶπε·
1277 2073 1371 2123 Καὶ
1395 2071 1569 2124 τούτου
1590 2053 1918 2172 τεύξεαίπαβ

191 2176 218 2218 4
255 2138 615 2241 ἐμεῦ,>Κροῖσε,
642 2158 722 2208 καὶ
752 2156 908 2207 ἄλλου
940 2156 1122 2210 παντὸς
1146 2161 1232 2207 τοῦ
1255 2155 1316 2207 ἂν
1340 2155 1578 2207 ἑκάστοτε
1609 2154 1709 2227 δέῃ.
1778 2176 1843 2208 ως
1866 2158 1920 2207 δὲ

253 2245 405 2291 ταῦτα
443 2239 625 2305 ἤκουσε
666 2242 692 2290 ὁ
730 2244 959 2307 Κροῖσος,
997 2239 1205 2305 πέμπων
1244 2245 1342 2292 τῶν
1378 2243 1552 2292 Λυδῶν
1593 2241 1643 2292 ἐς
1682 2239 1919 2306 Δελφοὺς

254 2323 547 2376 ἐνετέλλετο
566 2323 788 2377 τιθέντας
806 2326 893 2378 τὰς
915 2324 1066 2377 πέδας
1089 2324 1170 2375 ἐπὶ
1189 2329 1274 2375 τοῦ
1297 2328 1415 2388 νηοῦ
1438 2323 1525 2375 τὸν
1543 2322 1687 2375 οὐδὸν
1712 2325 1917 2390 εἰρωτᾶν
1943 2343 1990 2382 25

255 2410 297 2460 εἰ
321 2409 377 2459 οὔ
399 2430 447 2460 τι
472 2397 981 2527 ἐτίσισχύνεταιζτοῖσι
1008 2394 1306 2507 μαντηίοισᾶ
1315 2406 1499 2473 ἐπάρας
1525 2411 1743 2473 Κροῖσον
1767 2428 1915 2481 στρα-

308 2560 333 2585 2
363 2547 518 2588 τούτων
539 2551 649 2600 προδ.
676 2546 713 2584 R
800 2564 839 2587 τι
860 2544 913 2585 V¹
1077 2560 1103 2596 3
1134 2549 1173 2587 εἴ
1186 2563 1227 2587 τι
1250 2545 1280 2585 S
1295 2545 1333 2584 V
1416 2544 1581 2586 κάθισον
1603 2545 1637 2583 Β
1658 2546 1696 2584 R
1716 2559 1724 2586 ε
1756 2545 1916 2599 θᾶρισον

202 2619 204 2621 ’
251 2600 331 2642 Vl:
364 2601 561 2655 θάρρησον
582 2602 611 2640 S
725 2606 862 2650 δορηφ.
891 2601 929 2638 R
1097 2613 1121 2650 5
1152 2600 1450 2651 ἆπαιρεούμενοι
1474 2599 1511 2636 R
1528 2599 1558 2638 S
1572 2599 1609 2637 V
1630 2604 1708 2653 (·ρε
1725 2601 1788 2651 -Ι-,ό
1803 2603 1910 2652 ψμ.)

253 2657 393 2709 ὥσφεα
431 2656 464 2695 C
479 2655 532 2694 Vl
551 2671 558 2694 :
608 2658 658 2698 ὥς
697 2666 775 2707 σφε
818 2656 855 2693 R
873 2655 902 2693 S
1081 2656 1107 2693 8
1149 2657 1372 2708 προήσουσι
1405 2654 1572 2692 Bekker
1590 2669 1599 2693 z
1637 2654 1849 2703 ποιήσουσι
1880 2655 1915 2694 L

252 2724 280 2759 9
310 2710 353 2750 εὖ
373 2724 451 2750 om.
480 2710 518 2748 R
537 2711 565 2749 S
579 2711 616 2748 V
733 2723 775 2749 11
799 2711 873 2751 τὸν
891 2713 1062 2762 Κροῖσον
1078 2709 1115 2747 R
1202 2711 1392 2759 ἀνηρτημ.
1410 2709 1447 2746 R
1465 2708 1495 2748 S
1508 2708 1545 2746 V
1658 2721 1706 2747 12
1731 2713 1915 2762 χρηστοῦ

254 2765 413 2804 Reiske
577 2766 655 2814 τὴν
675 2764 789 2806 δόσιν
813 2764 849 2802 R
867 2765 896 2803 S
910 2765 947 2802 V
1111 2763 1278 2812 τήντινα
1301 2764 1334 2802 L
1575 2775 1623 2812 13
1652 2762 1804 2811 βούλεέ
1824 2763 1863 2802 R
1877 2763 1915 2803 V

256 2832 303 2869 14
333 2823 472 2871 χαριεῖ
487 2819 525 2859 Α
541 2819 573 2857 Β
589 2820 622 2859 C
733 2819 834 2869 ’τᾶ-ν’]
855 2821 928 2860 τὸν
947 2819 986 2858 A
1151 2830 1199 2868 15
1230 2820 1320 2859 θεὸν
1341 2817 1370 2856 S
1384 2817 1422 2856 V
1563 2819 1613 2856 16
1641 2817 1685 2859 εὖ
1704 2821 1914 2860 ποιοῦντας

252 2873 469 2914 ARSV:
509 2878 764 2916 εὐποιοῦντας
796 2874 830 2912 Β
1109 2885 1156 2923 17
1198 2876 1427 2927 ἐπηγορέων
1458 2871 1667 2912 Bredow:
1708 2872 1850 2927 -ρεύων
1879 2873 1912 2912 L

259 2931 307 2970 18
329 2928 638 2982 ἐπαλιλλόγησε
657 2928 759 2970 Poll.
778 2928 818 2968 ii.
843 2941 921 2969 120
936 2928 1026 2969 cod.
1046 2927 1176 2969 Paris.
1195 2927 1229 2967 B
1246 2942 1253 2968 :
1287 2925 1572 2979 ἐπανηλόγησε
1592 2927 1624 2967 L
1734 2938 1782 2965 21
1807 2926 1913 2969 αὖθις

253 2983 294 3022 Α
309 2982 389 3022 BC
501 2985 623 3025 τοῦτο
646 2982 702 3023 P:
732 2982 918 3035 τούτωζι)
942 2982 1030 3023 rell.
1210 2995 1261 3033 23
1295 2984 1390 3036 ἐμοῦ
1413 2981 1449 3022 R
1467 2981 1497 3021 S
1512 2981 1548 3022 V
1712 2994 1763 3033 24
1793 2984 1912 3034 ἤκουε

256 3045 326 3095 Κρ.
350 3037 387 3076 R
405 3037 435 3077 S
450 3038 486 3077 V
652 3040 704 3080 26
735 3038 896 3094 ἐπάιρας
915 3038 954 3076 Α
970 3038 1005 3079 Β

57 3162 203 3224 Ᾰκυονγ
230 3152 310 3209 Τέω
326 3184 415 3224 μὶ
470 3175 509 3213 ἐμ
556 3190 593 3209 ιρι»
611 3173 729 3243 ³⁸32«)
