2098 3320
32 70 123 122 111.
153 85 235 134 114

158 378 236 428 πῃ

0 853 109 913 Q
121 840 254 928 ᾳῖιὲ.

149 1377 232 1425 n6

898 72 1327 124 HPOAOTOT·

272 198 475 269 δένδρεα
504 201 667 255 πάντα
702 201 850 270 ἄγρια
887 204 965 255 καὶ
1002 202 1180 269 ἔβενον
1222 205 1300 256 καὶ
1337 204 1516 273 ἄνδρας
1551 206 1819 273 μεγίστους
1850 208 1934 259 «καὶ

274 287 577 341 καλλίστους
609 288 687 339 καὶ
716 286 1166 354 μακροβιωτάτους.
1232 357 1235 359 ‚

357 370 513 422 Αῧται
542 368 635 435 μέν
665 392 752 423 νυν
791 371 845 423 ἔν
879 392 933 423 τε
968 373 1028 443 τῇ
1068 371 1218 444 Ἀσίῃ
1258 374 1495 440 ἐσχατιαί
1527 375 1627 425 εἶσι
1669 375 1748 427 καὶ
1784 376 1838 427 ἐν
1877 377 1936 448 τῇ

273 454 456 526 Λιβύῃ·
511 455 621 522 περὶ
662 457 715 507 δὲ
762 459 860 508 τῶν
910 457 962 508 ἐν
1014 457 1072 527 τῇ
1123 456 1338 528 Εὐρώπῃ
1392 461 1489 509 τῶν
1540 457 1662 524 πρὸς
1715 456 1949 526 ἑσπέρην,

273 536 550 606 ἐσχατιέων
582 540 681 607 ἔχω
712 542 804 604 μὲν
840 539 925 590 οὐκ
968 537 1207 607 ἀτρεκέως
1248 538 1434 608 λέγειν·
1489 541 1602 594 οὔτε
1641 544 1735 609 γὰρ
1776 543 1935 610 ἔγωγε

274 620 532 688 ἐνδέκομαι
555 622 826 690 Ἠριδανόν
848 644 959 676 τινα
985 621 1253 676 καλέεσθαι
1277 624 1398 691 πρὸς
1416 624 1694 693 βαρβάρων
1713 627 1936 692 ποταμὸν

276 707 530 759 ἐκδιδόντα
569 710 620 761 ἐς
659 707 927 760 θάλασσαν
967 708 1057 772 τὴν
1096 708 1218 774 πρὸς
1251 706 1439 776 βορέην
1474 708 1670 775 ἄνεμον,
1710 709 1793 763 ἀπ’
1823 712 1936 763 ὅτευ

272 791 328 842 τὸ
357 790 600 859 ἤλεκτρον
632 795 811 859 φοιτᾶν
841 793 995 860 λόγος
1027 793 1153 851 ἐστί,
1186 793 1299 844 οὔτε
1328 792 1512 858 νήσους
1541 793 1651 845 οῗὸα
1681 799 1932 854 Κασσιτε-

270 877 410 942 ρίδας
442 877 637 938 ἐούσας,
666 878 719 928 ἐκ
750 881 850 929 τῶν
881 878 907 927 ὁ
939 878 1238 943 κασσίτερος
1266 877 1383 942 ἡμῖν
1414 884 1580 948 φοιτᾷ.
1669 883 1814 931 τοῦτο
1844 883 1935 946 μὲν

271 962 365 1026 γὰρ
397 961 423 1010 ὁ
453 959 719 1028 Ἠριδανὸς
751 960 871 1012 αὐτὸ
897 959 1185 1028 κατηγορέει
1214 960 1271 1012 τὸ
1300 961 1484 1027 οὕνομα
1508 962 1574 1015 ὡς
1603 962 1715 1015 ἔστι
1742 959 1930 1029 Ἑλλη-

249 1043 411 1105 ,νικὸν
460 1045 538 1097 καὶ
584 1045 641 1096 οὐ
687 1044 969 1112 βάρβαρον,
1019 1045 1115 1097 ὑπὸ
1162 1043 1373 1110 ποιητέω
1426 1043 1481 1097 δέ
1531 1068 1664 1100 τινος
1711 1045 1934 1113 ποιηθέν·

271 1133 415 1180 τοῦτο
439 1131 492 1180 δὲ
516 1128 713 1183 οὐδενὸς
739 1128 991 1181 αὐτόπτεω
1015 1127 1285 1197 γενομένου
1309 1130 1515 1195 δύναμαι
1538 1131 1764 1191 ἀκοῦσαι,
1788 1135 1934 1184 τοῦτο

269 1217 509 1278 μελετῶν,
551 1215 676 1267 ὅκως
723 1212 962 1266 θάλασσά
1007 1216 1117 1266 ἐστι
1163 1216 1224 1265 τὰ
1267 1211 1496 1267 ἐπέκεινα
1539 1217 1627 1279 τῆς
1672 1216 1928 1282 Εὐρώπης.

271 1295 330 1362 ἐξ
378 1297 597 1366 ἐσχάτης
648 1298 690 1349 δ’
738 1296 806 1350 ὧν
852 1299 881 1349 ὅ
925 1321 978 1351 τε
1031 1301 1330 1366 κασσίτερος
1377 1299 1495 1364 ἡμῖν
1546 1306 1697 1370 φοιτᾷ
1749 1301 1828 1352 καὶ
1877 1300 1935 1353 τὸ

271 1381 525 1450 ἤλεκτρον.
602 1382 723 1449 πρὸς
753 1385 807 1434 δὲ
829 1382 1007 1450 ἄρκτου
1037 1387 1125 1448 τῆς
1157 1383 1395 1450 Εὐρώπης
1418 1388 1592 1453 πολλῷ
1617 1405 1665 1437 τι
1693 1388 1934 1438 πλεῖστος

270 1466 457 1534 χρυσὸς
487 1469 717 1534 φαίνεται
754 1468 865 1520 ἐών.
954 1468 1080 1538 ὅκως
1109 1470 1205 1534 μὲν
1243 1468 1516 1534 γινόμενος,
1547 1468 1637 1519 ὀὐκ
1678 1467 1779 1536 ἔχω
1820 1468 1931 1521 οὐδὲ

268 1555 414 1602 τοῦτο
444 1551 685 1618 ἀτρεκέως
710 1551 859 1612 εἶπαι,
886 1547 1091 1619 λέγεται
1121 1554 1174 1603 δὲ
1203 1553 1326 1604 ὑπὲκ
1356 1556 1454 1604 τῶν
1469 1555 1676 1619 ,γρυπῶν
1697 1551 1931 1618 ἁρπάζειν

269 1635 610 1702 Ἀριμασποὺς
661 1635 841 1702 ἄνδρας
896 1635 1330 1704 μουνοφθάλμους.
1418 1637 1651 1700 πείθομαι
1707 1638 1761 1688 δὲ
1817 1638 1932 1690 οὐδὲ

269 1723 430 1778 τοῦτο,
470 1721 596 1774 ὅκως
634 1721 1014 1788 μουνόφθαλμοι
1054 1719 1227 1788 ἄνδρες
1269 1720 1497 1788 φύονται,
1536 1720 1693 1786 φύσιν
1727 1721 1933 1789 ἔχοντες

269 1802 359 1867 τὴν
402 1803 565 1868 ἄλλην
609 1805 783 1870 ὁμοίην
827 1809 963 1856 τοῖσι
1007 1804 1214 1857 ἄλλοισι
1258 1804 1582 1871 ἀνθρώποισι.
1670 1807 1720 1857 αἱ
1765 1807 1819 1857 δὲ
1863 1802 1932 1857 ὧν

270 1888 502 1956 ἐσχατιαὶ
533 1891 714 1947 οἴκασι,
750 1890 1127 1955 περικληίουσαι
1157 1889 1247 1953 τὴν
1279 1887 1440 1954 ἄλλην
1470 1888 1638 1956 χώρην
1676 1889 1755 1940 καὶ
1791 1888 1932 1945 ἐντὸς

269 1971 592 2040 ἀπέργουσαι,
619 1975 680 2039 τᾷ
703 1973 954 2025 κάλλιστα
974 1972 1208 2025 δοκέοντα
1226 1973 1343 2038 ἡμῖν
1364 1973 1490 2025 εἶναι
1511 1973 1587 2024 καὶ
1610 1973 1931 2054 σπανιώτατα

269 2055 406 2124 ἔχειν
436 2057 572 2109 αὐτά.

344 2139 498 2193 Ἔστι
518 2143 570 2193 δὲ
590 2143 760 2194 πεδίον
779 2143 833 2193 ἐν
851 2149 911 2214 τῇ
929 2141 1078 2213 Ἀσίῃ
1095 2141 1531 2208 περικεκληιμένον
1545 2144 1648 2208 ὄρεϊ
1667 2140 1927 2201 πάντοθεν,

269 2223 550 2292 διασφάγες
580 2228 634 2277 δὲ
664 2230 749 2277 τοῦ
778 2227 918 2292 ὄρεός
949 2228 1049 2278 εἶσι
1079 2225 1245 2278 πέντε·
1290 2229 1435 2278 τοῦτο
1465 2226 1523 2278 τὸ
1553 2227 1722 2278 πεδίον
1748 2224 1808 2290 ἧν
1837 2225 1931 2292 μέν

272 2330 383 2360 κοτε
423 2312 741 2376 Χορασμίων,
781 2312 833 2362 ἐν
871 2310 1063 2377 οὔροισι
1102 2309 1184 2361 ἐὸν
1223 2311 1529 2376 Χορασμίων
1563 2331 1618 2362 τε
1652 2309 1812 2363 αὐτῶν
1850 2311 1930 2363 καὶ

326 2460 344 2486 1
377 2448 537 2490 ἅπαντα
558 2449 598 2486 R
613 2449 644 2488 S
657 2450 693 2488 V
886 2463 911 2499 3
943 2449 1120 2502 ἔσχαταί
1139 2448 1179 2487 Α
1193 2448 1228 2487 Β
1245 2449 1278 2486 C
1405 2488 1407 2490 ,
1470 2450 1497 2487 6
1525 2465 1617 2490 τινα
1635 2460 1720 2488 om.
1741 2447 1783 2486 A
1796 2447 1830 2486 B
1847 2447 1881 2486 C
1897 2447 1931 2486 P

269 2516 291 2553 7
323 2505 449 2556 βορὴν
471 2504 510 2543 R
528 2503 610 2542 SV
719 2504 797 2546 ἀπό
815 2522 862 2546 τε
884 2505 918 2543 C
1074 2517 1124 2543 10
1153 2504 1218 2544 καὶ
1242 2502 1342 2555 (del.
1370 2502 1408 2552 1)
1431 2504 1483 2545 ὥς
1504 2502 1538 2540 C
1689 2514 1734 2541 11
1766 2504 1811 2543 οὗ
1831 2501 1929 2555 βάρ·

268 2563 395 2611 βαρον
416 2557 450 2596 Ρ
463 2559 502 2598 R
518 2558 599 2598 SV
620 2558 813 2599 Eustath.
841 2560 966 2598 Dion.
995 2571 1044 2607 14
1062 2573 1071 2598 ε
1102 2560 1194 2599 οὔτε
1213 2556 1460 2611 βαρβαρικόν
1478 2557 1518 2595 Α
1536 2572 1545 2597 :
1575 2559 1663 2598 οὔτι
1684 2556 1930 2610 βαρβαρικόν

269 2612 303 2651 C
323 2627 332 2651 :
361 2626 447 2653 om.
470 2613 505 2651 B
618 2617 787 2664 ποιητοῦ
805 2613 893 2653 ΑΒ
909 2614 942 2652 C
958 2614 991 2652 P
1144 2625 1192 2650 12
1221 2611 1361 2662 τοῦτο]
1385 2613 1479 2652 οὔτε
1498 2610 1585 2649 ΑΒ
1599 2611 1633 2649 C
1647 2611 1681 2649 P
1788 2627 1870 2662 γιν.
1893 2611 1928 2650 C

267 2669 311 2708 οὐ
333 2667 499 2718 δύναμαι
518 2666 558 2706 Α
571 2668 607 2707 Β
622 2668 655 2707 C
805 2682 854 2719 13
881 2686 931 2719 με
952 2667 1088 2720 λέγων
1110 2667 1148 2706 R
1163 2667 1193 2706 S
1219 2666 1330 2718 (-ειν)
1357 2665 1433 2717 [V]
1546 2668 1620 2714 τῆς
1637 2678 1719 2704 om.
1743 2664 1784 2704 A
1798 2665 1834 2703 B
1848 2665 1881 2703 C
1897 2665 1930 2704 P

271 2734 321 2771 14
352 2721 540 2772 ἐσχάτων
562 2722 596 2761 Ρ
610 2723 649 2762 R
668 2737 678 2762 τ
709 2723 891 2775 ἐσχάτου
911 2723 941 2762 S
955 2722 1033 2776 [V]
1147 2739 1195 2762 τε
1213 2735 1297 2761 om.
1318 2720 1406 2759 AB
1422 2720 1455 2758 C
1470 2719 1504 2758 P
1581 2773 1583 2775 ‚
1646 2731 1693 2770 15
1723 2736 1762 2762 τι
1783 2733 1862 2759 om.
1889 2719 1928 2758 A

271 2788 318 2825 17
350 2777 435 2818 εῑπε
458 2777 491 2815 C
507 2778 546 2815 R
559 2777 597 2815 V
693 2778 790 2830 ὑπὲρ
812 2778 851 2817 Α
867 2778 902 2816 Β
918 2778 952 2816 Ρ
970 2793 978 2816 :
1008 2778 1082 2818 ὑπὸ
1103 2777 1137 2816 C
1237 2774 1475 2828 ἀναρπάζειν
1494 2775 1534 2815 R
1549 2774 1579 2813 S
1592 2774 1631 2816 V
1744 2776 1794 2813 18
1823 2774 1928 2827 Ἀρι·

266 2832 445 2879 μαστοὺς
468 2831 507 2869 R
521 2833 558 2870 V
677 2837 844 2885 μονοφθ.
868 2832 907 2870 R
922 2832 952 2871 S
964 2832 1002 2870 V
1188 2844 1242 2870 20
1271 2831 1320 2879 δὴ
1342 2829 1375 2868 Ρ
1390 2829 1429 2870 R
1445 2829 1474 2869 S
1488 2828 1528 2867 V
1719 2840 1767 2867 21
1799 2828 1926 2871 -κλεί-

269 2884 398 2924 CSV
616 2900 668 2937 23
708 2886 823 2928 αὗται
858 2885 1070 2925 ABCP:
1113 2885 1233 2926 αὗταί
1263 2885 1385 2924 Stein
1577 2896 1630 2933 24
1674 2892 1827 2933 ·κλειμ-
1864 2882 1926 2922 C:

269 2940 495 2993 -κλη(ι)σμ-
520 2941 553 2980 Ρ
566 2942 603 2981 R
619 2942 682 2981 V:
713 2949 896 2993 -κλεισμ-
918 2941 948 2980 S
1153 2941 1208 2979 26
1235 2956 1336 2980 ποτε
1358 2938 1448 2977 RV
1605 2941 1648 2979 ἐν
1664 2967 1676 2979 .
1694 2967 1703 2976 .
1723 2944 1820 2990 Χορ.
1840 2948 1920 2976 om.

270 2995 310 3033 A
327 2995 359 3033 B
374 2995 407 3034 C
521 2998 670 3049 οὔροισι
694 2996 745 3034 ΡΟ
759 3010 767 3036 :
798 2996 995 3050 οὔρεσι(ν)
1018 2994 1066 3034 P1
1083 2995 1121 3034 R
1137 2995 1167 3035 S
1180 2995 1220 3034 V
1330 2992 1482 3036 αὐτέων
1504 2992 1542 3031 R
1559 2992 1589 3032 S
1603 2992 1655 3042 V.

1964 986 2013 1014 10

1962 1406 2009 1447 ¹5

1958 1825 2009 1853 20

1956 2245 2005 2286 25
