2098 3320
37 47 128 97 ΙΙΙ.
156 60 256 108 109

179 863 262 900 110

201 1453 266 1489 111

917 46 1348 98 HPOAOTOT

294 178 324 243 ἡ
373 180 426 230 δὲ
475 175 630 242 θήλεα
676 177 812 228 τίσιν
855 175 1049 243 τοιήνδε
1090 178 1316 230 ἀποτίνει
1359 183 1426 248 τῷ
1472 178 1657 246 ἔρσενι·
1708 183 1777 248 τῷ
1822 176 1963 245 γονέῖ

296 260 599 328 τιμωρέοντα
628 260 703 312 ἔτι
734 261 788 312 ἐν
819 256 920 332 [τῇ]
955 261 1138 329 γαστρὶ
1169 263 1316 314 ἐόντα
1354 264 1415 313 τὰ
1454 261 1605 314 τέκνα
1633 262 1841 314 διεσθίει
1870 260 1960 326 τὴν

296 344 500 411 μητέρα,
533 345 846 411 διαφαγόντα
882 347 935 397 δὲ
972 345 1063 410 τὴν
1098 345 1247 410 νηδὺν
1284 345 1433 410 αὐτῆς
1471 347 1597 397 οὕτω
1633 345 1723 410 τὴν
1761 345 1960 397 ἔκδυσιν

298 428 532 482 ποιέεται.
607 430 652 479 οἱ
683 430 736 480 δὲ
766 427 915 494 ἄλλοι
939 431 1082 498 ὄφιες
1112 430 1279 483 ε’όντες
1310 430 1583 496 ἀνθρώπων
1607 430 1662 481 οὐ
1686 427 1962 494 δηλήμονες

298 513 526 564 τίκτουσί
550 533 603 563 τε
628 511 697 581 ᾠὰ
730 514 808 564 καὶ
841 512 1110 566 ἐκλέπουσι
1141 514 1335 565 πολλόν
1364 535 1410 564 τι
1440 517 1610 580 χρῆμα
1638 518 1736 564 τῶν
1759 511 1958 565 τέκνων.
1985 535 2008 575 5

299 599 347 648 αἱ
366 595 458 661 μέν
478 617 563 648 νυν
589 595 780 664 ἔχιδναι
805 599 927 648 κατὰ
951 600 1120 650 πᾶσαν
1144 594 1266 663 [τὴν]
1291 600 1386 664 γῆν
1412 599 1526 656 εἶσι,
1549 600 1594 650 οἱ
1619 599 1670 648 δὲ
1695 598 1973 664 ὑπόπτεροι,

300 682 465 734 ἐόντες
507 681 677 747 ἀθρόοι
714 681 814 732 εἰσὶ
851 683 905 733 ἐν
941 682 1000 752 τῇ
1043 681 1259 754 Ἀραβίῃ
1299 682 1378 733 καὶ
1420 682 1605 753 οὐδαμῇ
1644 681 1792 753 ἄλλῃ·
1840 682 1962 732 κατὰ

299 769 443 817 τοῦτο
475 763 704 817 δοκέουσι
734 765 918 817 πολλοὶ
948 766 1088 818 εἶναι.

382 848 485 901 Τὸν
528 851 619 914 μὲν
665 848 721 912 δὴ
761 849 1048 915 λιβανωτὸν
1085 854 1260 901 τοῦτον
1301 850 1426 901 οὕτω
1470 855 1679 902 κτῶνται
1715 848 1961 917 Ἀράβιοι,

300 933 390 998 τὴν
416 935 466 985 δὲ
495 934 670 998 κασίην
691 934 802 986 ὧδε·
839 935 990 986 ἐπεὰν
1011 932 1387 999 καταδήσωνται
1408 934 1636 1006 βύρσῃσι
1657 935 1736 986 καὶ
1754 933 1964 1000 δέρμασι
1990 954 2041 984 10

302 1017 508 1069 ἄλλοισι
549 1022 647 1070 πᾶν
686 1018 744 1070 τὸ
785 1023 930 1084 σῶμα
971 1020 1050 1071 καὶ
1090 1019 1147 1071 τὸ
1186 1019 1457 1083 πρόσωπον
1497 1018 1629 1083 πλὴν
1668 1019 1829 1071 αὐτῶν
1867 1023 1964 1070 τῶν

302 1103 597 1170 ὀφθαλμῶν,
635 1102 866 1170 ἔρχονται
898 1102 978 1155 ἐπὶ
1009 1102 1099 1167 τὴν
1130 1104 1327 1167 κασίην·
1372 1103 1402 1168 ἡ
1435 1105 1488 1154 δὲ
1521 1104 1573 1154 ἐν
1602 1105 1754 1174 λίμνῃ
1786 1103 1964 1170 φύεται

288 1187 360 1238 οὐ
396 1185 574 1258 βαθέῃ,
608 1187 719 1254 περὶ
755 1190 806 1238 δὲ
844 1187 997 1251 αὐτὴν
1040 1187 1119 1238 καὶ
1154 1189 1207 1239 ἐν
1250 1186 1369 1258 αὐτῇ
1411 1186 1667 1251 αὐλίζεταί
1700 1208 1785 1239 κου
1821 1187 1965 1253 θηρία

303 1270 542 1339 πτερωτά,
585 1272 701 1343 τῇσι
740 1273 990 1338 νυκτερίσι
1029 1272 1333 1339 προσείκελα
1371 1270 1611 1336 μάλιστα,
1655 1271 1733 1322 καὶ
1771 1270 1966 1339 τέτριγε

304 1357 482 1414 δεινόν,
526 1356 602 1406 καὶ
649 1357 699 1409 ἐς
739 1355 898 1420 ἀλκὴν
944 1355 1146 1421 ἄλκιμα·
1208 1358 1270 1406 τὰ
1311 1359 1387 1407 δεῖ
1424 1354 1828 1421 ἀπαμυνομένους
1867 1354 1965 1408 ἀπὸ
1992 1371 2039 1414 15

304 1445 402 1491 τῶν
433 1441 710 1506 ὀφθαλμῶν
750 1441 874 1491 οὕτω
911 1439 1107 1506 δρέπειν
1141 1439 1231 1503 τὴν
1274 1440 1471 1504 κασίην.
1544 1439 1602 1490 τὸ
1643 1442 1695 1491 δὲ
1732 1439 1789 1503 δὴ
1829 1439 1961 1491 κινά-

304 1545 476 1589 μωμον
507 1524 579 1575 ἔτι
610 1524 799 1576 τούτων
829 1525 1209 1590 θωμαστότερον
1241 1523 1567 1590 συλλέγουσι·
1615 1524 1731 1575 ὅκου
1757 1525 1848 1588 μὲν
1870 1525 1966 1590 γὰρ

305 1610 498 1675 γίνεται
528 1607 608 1659 καὶ
639 1607 744 1672 ἥτις
773 1629 858 1673 μιν
888 1611 952 1675 γῆ
975 1609 1005 1673 ἡ
1029 1607 1288 1676 τρέφουσά
1317 1610 1444 1667 ε’στι,
1473 1607 1559 1659 οὐκ
1589 1608 1764 1676 ἔχουσι
1789 1609 1962 1666 εἰπεῖν,

306 1691 439 1756 πλὴν
471 1692 546 1743 ὅτι
581 1692 718 1762 λόγῳ
756 1693 911 1744 οἰκότι
944 1693 1218 1760 χρεώμενοι
1253 1694 1308 1744 ἐν
1346 1694 1535 1744 τοισίδε
1567 1691 1804 1759 χωρίοισί
1836 1698 1967 1758 φασι

306 1797 438 1829 τινες
474 1776 593 1828 αὐτὸ
631 1776 849 1843 φύεσθαι
886 1778 938 1828 ἐν
975 1782 1110 1829 τοῖσι
1139 1778 1167 1827 ὁ
1198 1777 1450 1830 Διόνυσος
1491 1774 1701 1843 ἐτράφη.
1767 1777 1967 1842 ὄρνιθας
1993 1790 2044 1820 20

307 1863 361 1912 δὲ
390 1859 602 1927 λέγουσι
630 1860 853 1926 μεγάλας
885 1860 1087 1928 φορέειν
1112 1865 1266 1912 ταῦτα
1296 1862 1357 1911 τὰ
1388 1860 1582 1927 κάρφεα
1609 1861 1670 1910 τὰ
1699 1859 1839 1925 ἡμεῖς
1869 1858 2098 1925 ‹ln-balma

307 1944 555 1996 Φοινίκων
598 1946 840 2009 μαθόντες
886 1943 1169 2010 κινάμωμον
1216 1944 1473 2009 καλέομεν,
1523 1943 1724 2010 φορέειν
1776 1945 1828 1995 δὲ
1879 1943 1967 1996 τὰς

307 2030 504 2095 ὄρνιθας
562 2030 611 2082 ἐς
672 2031 911 2097 νεο-σ-σιᾶς
968 2028 1460 2095 προσπεπλασμένας
1517 2029 1571 2079 ἐκ
1630 2031 1792 2092 πηλοῦ
1842 2025 1967 2093 πρὸς

308 2111 672 2178 ἀποκρήμνοισι
722 2115 879 2179 ὄρεσι,
934 2113 1053 2164 ἔνθα
1104 2113 1396 2179 πρόσβασιν
1448 2111 1690 2180 ἀνθρώπῳ
1737 2111 1966 2176 οὐδεμίαν

308 2195 452 2247 εἶναι.
525 2196 648 2263 πρὸς
677 2194 744 2248 ὧν
776 2197 833 2261 δὴ
864 2200 1016 2248 ταῦτα
1044 2197 1159 2250 τοὺς
1190 2196 1458 2263 Ἀραβίους
1494 2195 1798 2262 σοφίζεσθαι
1831 2194 1963 2252 τάδε,
1994 2214 2042 2255 ²5
2068 2262 2076 2270 ᾗ

307 2285 447 2348 βοῶν
478 2301 532 2332 τε
563 2281 648 2346 καὶ,
679 2283 807 2332 ὄνων
841 2286 939 2332 τῶν
974 2280 1347 2348 ἀπογινομένων
1385 2281 1463 2331 καὶ
1499 2284 1597 2331 τῶν
1631 2278 1803 2330 ἄλλων
1841 2279 1962 2329 ὑπο-

311 2364 487 2430 ζυγίων
518 2366 578 2415 τὰ
606 2364 764 2429 μέλεα
794 2366 1120 2430 διαταμόντας
1152 2365 1215 2418 ὡς
1244 2363 1459 2431 μέγιστα
1493 2363 1704 2428 κομίζειν
1737 2364 1788 2416 ἐς
1815 2366 1967 2414 ταῦτα

366 2514 384 2540 1
411 2500 496 2542 τίσι
512 2501 551 2538 R
568 2501 642 2554 [V]
721 2502 922 2543 ἀποτείνει
939 2501 1090 2541 ΑΒΗΞ
1112 2517 1121 2542 :
1143 2502 1368 2543 ἀποκτείνει
1388 2502 1446 2540 Rc
1463 2502 1524 2551 (Ι)
1619 2513 1644 2538 2
1664 2502 1717 2554 τῇ
1733 2512 1814 2539 om.
1830 2499 1967 2538 -RSV

306 2556 383 2604 τὴν
403 2556 558 2610 μήτραν
577 2556 617 2594 Α
631 2557 666 2595 Β
683 2556 740 2595 C:
770 2570 852 2595 om.
878 2557 912 2595 P
1022 2570 1046 2608 5
1077 2557 1251 2609 τέκνων]
1274 2557 1399 2609 ὀφίων
1413 2555 1451 2594 Α
1466 2556 1499 2594 Β
1514 2555 1548 2594 C
1661 2556 1689 2592 6
1717 2553 1810 2605 μέν]
1826 2553 1902 2604 μὲν
1917 2554 1967 2602 δή

309 2610 348 2648 R
365 2610 394 2648 S
409 2610 447 2648 V
583 2613 662 2660 τὴν
680 2624 761 2650 om.
786 2611 823 2648 R
841 2611 924 2650 SV
1098 2625 1143 2650 11
1176 2611 1306 2663 πλὴν]
1328 2614 1407 2652 πᾶν
1429 2611 1476 2658 C,
1497 2610 1580 2649 del.
1611 2622 1627 2646 1
1801 2620 1849 2657 14
1877 2611 1967 2649 ταῖς

310 2665 348 2702 R
366 2664 395 2703 S
410 2664 446 2702 V
556 2666 778 2717 προσίκελα
800 2666 829 2704 S
843 2667 882 2704 V
1060 2677 1108 2715 15
1138 2670 1203 2707 δεῖ
1217 2666 1257 2704 Α
1272 2666 1306 2704 Β
1327 2680 1336 2705 :
1365 2666 1414 2714 δὴ
1436 2665 1525 2704 rell.
1638 2665 1862 2714 ἄπαμυναμ.
1885 2662 1967 2701 SV

314 2721 363 2757 16
393 2717 526 2769 δρέπει
549 2719 582 2757 C
693 2736 792 2760 κινν.
817 2721 851 2758 Β
868 2720 898 2758 S
914 2721 950 2758 V
1082 2734 1128 2769 17
1159 2726 1277 2771 θωυμ.
1304 2721 1337 2759 L
1447 2721 1589 2760 οὔκουν
1610 2718 1643 2757 C
1759 2730 1807 2767 19
1837 2716 1918 2768 ὅτι]
1940 2717 1967 2765 ἢ

311 2773 350 2811 R
366 2773 396 2812 S
410 2773 448 2811 V
561 2773 686 2815 εἰκότι
709 2775 748 2812 R
765 2775 794 2813 S
808 2775 846 2813 V
960 2777 1156 2828 χρώμενοι
1181 2775 1219 2813 R
1234 2776 1271 2813 V
1421 2786 1473 2812 22
1504 2790 1602 2814 κινν.
1628 2773 1662 2811 Β
1680 2772 1709 2811 S
1723 2771 1779 2810 V⁰
1893 2773 1966 2812 τὰς

311 2827 458 2867 Stein·:
479 2829 573 2869 τοὺς
592 2829 624 2867 L
736 2842 788 2878 23
819 2830 983 2871 νοσσιὰς
1002 2830 1041 2867 R
1141 2828 1505 2882 προσπελασμένας
1527 2829 1560 2866 C
1672 2839 1724 2876 24
1754 2827 1966 2879 ἀνθρώπων

311 2880 350 2919 R
367 2882 396 2921 S
413 2882 450 2919 V
614 2896 664 2934 27
695 2884 982 2936 δια-τάμνοντες
1005 2884 1042 2921 R
1060 2899 1068 2923 :
1101 2883 1382 2936 διατέμνοντες
1403 2882 1434 2922 S
1447 2883 1486 2923 V
1899 2894 1901 2896 '
