2098 3320
99 79 183 128 IV.
214 93 305 141 140
854 72 859 82 ‘
971 79 1400 127 HPOAOTOT

344 208 432 261 τὸν
455 210 695 276 πρότερον
720 210 915 259 ἑωυτῶν
936 208 1207 275 γενόμενον
1231 209 1430 274 στίβου,
1458 214 1632 261 τοῦτον
1657 210 2012 277 φυλάσσοντες

283 315 310 356 4
345 293 496 358 ἤισαν
533 294 610 344 καὶ
644 294 770 343 οὕτω
806 293 952 358 μόγις
990 292 1132 358 εὗρον
1162 291 1247 344 τὸν
1277 294 1450 359 πόρον.
1514 295 1632 353 ,οῗα-
1658 296 1711 346 δὲ
1747 295 1922 350 νυκτός
1957 317 2011 349 τε

345 378 634 442 ἀπικόμενοι
667 377 745 428 καὶ
775 374 1052 441 λελυμένης
1081 379 1167 441 τῆς
1189 377 1409 444 γεφύρης
1441 379 1733 446 ἐντυχόντες
1764 380 1816 433 ἐς
1843 382 2011 432 πᾶσαν
2051 421 2056 425 .

345 462 588 528 ἀρρωδίην
619 460 829 525 ἀπίκατο
863 459 930 526 μή
963 466 1128 528 σφεας
1163 462 1209 512 οἱ
1232 459 1403 515 Ἴωνες
1443 462 1564 514 ἔωσι
1602 463 2008 518 ἀπολελοιπότες.

227 563 308 612 141
346 544 407 610 ἦν
458 547 512 597 δὲ
571 545 684 612 περὶ
738 550 953 611 Δαρεῖον
990 544 1129 612 ’ἀνὴρ
1181 546 1451 612 Αἰγύπτιος
1503 546 1713 613 φωνέων
1769 546 2011 615 μέγιστον
2034 573 2057 613 5

346 629 637 696 ἀνθρώπων·
683 634 858 681 τοῦτον
894 633 982 681 τὸν
1017 628 1172 695 ἄνδρα
1211 628 1529 682 καταστάντα
1570 631 1651 684 ἐπὶ
1687 635 1774 683 τοῦ
1812 633 2013 701 χείλεός

344 718 431 766 τοῦ
462 713 666 781 Ἴστρου
710 713 908 765 ἐκέλευε
956 718 1168 781 Δαρεῖος
1213 713 1411 766 καλέειν
1450 713 1691 767 Ἱστιαῖον
1734 715 2008 781 Μιλήσιον.

346 800 373 849 ὁ
411 800 504 864 μὲν
541 797 598 862 δὴ
640 799 805 850 ἐποίεε
838 802 1006 856 ταῦτα,
1043 797 1281 852 Ἱστιαῖος
1319 801 1375 850 δὲ
1413 787 1696 854 ἐπακούσας
1729 805 1796 870 τῷ
1832 801 2010 871 πρώτῳ

348 883 651 948 κελεύσματι
681 881 769 936 τάς
799 903 855 934 τε
889 880 1003 936 νέας
1042 881 1243 935 ἁπάσας
1273 886 1481 951 παρεῖχε
1516 884 1893 951 διαπορθμεύειν
1922 885 2011 950 τὴν

217 986 308 1035 142
347 966 588 1034 στρατιὴν
629 966 708 1018 καὶ
747 964 838 1031 τὴν
876 966 1102 1035 γέφυραν
1142 964 1321 1031 ἔζευξε.
1411 966 1610 1035 Πέρσαι
1646 971 1739 1034 μὲν
1778 966 1847 1021 ὧν
1884 970 2010 1022 οὕτω
2038 997 2087 1028 10

347 1052 670 1119 ἐκφεύγουσι,
692 1050 875 1103 Σκύθαι
899 1054 950 1104 δὲ
974 1049 1221 1116 διζήμενοι
1245 1051 1324 1103 καὶ
1347 1050 1405 1103 τὸ
1426 1051 1655 1120 δεύτερον
1674 1052 1894 1121 ἥμαρτον
1911 1059 2011 1107 τῶν

348 1135 610 1203 Περσέων,
638 1136 718 1188 καὶ
740 1141 883 1188 τοῦτο
913 1133 1021 1201 μέν,
1048 1134 1113 1190 ὡς
1144 1135 1316 1190 ἐόντας
1334 1134 1517 1190 Ἴωνας
1546 1135 1848 1204 ἐλευθέρους,
1875 1139 2007 1190 κακί-

348 1242 497 1275 στους
527 1243 583 1273 τε
615 1221 693 1272 καὶ
728 1219 1115 1288 ἀνανδροτάτους
1147 1219 1367 1287 κρίνουσι
1403 1220 1528 1273 εἶναι
1559 1220 1794 1274 ἁπάντων
1823 1221 2008 1291 ἀνθρώ-

39 1370 48 1378 .
148 1373 156 1380 ·
346 1327 470 1364 πων,
513 1310 658 1357 τοῦτο
702 1304 771 1364 δέ,
819 1305 884 1358 ὡς
927 1304 1118 1357 δούλων
1158 1303 1341 1356 Ἰώνων
1383 1304 1471 1357 τὸν
1513 1306 1670 1372 λόγον
1712 1306 2008 1372 ποιεύμενοι,
2066 1361 2069 1363 ,

0 1366 633 1484 ᾎῖξιέςῖἀνδράποδα
668 1387 1018 1458 φιλοδέσποτά
1055 1395 1185 1456 φασι
1222 1387 1349 1441 εἶναι
1389 1389 1468 1441 καὶ
1509 1388 1733 1459 ἄδρηστα
1771 1388 2008 1457 μάλιστα.
2037 1415 2084 1459 15

242 1460 253 1469 ’
345 1478 500 1527 ταῦτα
528 1477 620 1540 μὲν
651 1473 709 1539 δὴ
742 1474 964 1546 Σκύθῃσι
993 1475 1045 1527 ἐς
1066 1472 1252 1527 Ἴωνας
1283 1472 1594 1545 ἀπέρριπται.

217 1575 308 1625 143
433 1564 648 1626 Δαρεῖος
693 1561 747 1611 δὲ
794 1560 873 1610 διὰ
918 1560 1006 1623 τῆς
1054 1558 1278 1625 Θρηίκης
1327 1558 1657 1625 πορευόμενος
1708 1558 1910 1610 ἀπίκετο
1961 1560 2012 1612 ἐς

346 1643 547 1709 Σηστὸν
576 1647 664 1709 τῆς
692 1641 1038 1710 Χερσονήσου·
1085 1643 1310 1694 ἐνθεῦτεν
1341 1645 1394 1694 δὲ
1425 1641 1569 1696 αὐτὸς
1599 1643 1691 1707 μὲν
1722 1641 1866 1708 διέβη
1895 1649 2013 1715 τῇσι

346 1729 496 1793 νηυσὶ
537 1730 589 1782 ἐς
627 1727 718 1792 τὴν
749 1728 947 1792 Ἀσίην,
985 1726 1151 1779 λείπει
1190 1728 1245 1779 δὲ
1285 1725 1567 1793 στρατηγὸν
1604 1727 1659 1778 ἐν
1693 1733 1755 1799 τῇ
1798 1726 2011 1799 Εὐρώπῃ

347 1811 660 1880 Μεγάβαζον
692 1811 844 1879 ἄνδρα
884 1809 1108 1878 Πέρσην,
1140 1815 1207 1880 τῷ
1247 1811 1459 1886 Δαρεῖός
1500 1831 1613 1862 κοτε
1655 1809 1809 1862 ἔδωκε’
1846 1810 2010 1878 γέρας,
2037 1836 2089 1865 20

284 1918 313 1951 2
345 1897 542 1949 τοιόνδε
578 1898 718 1951 εἴπας
755 1898 809 1948 ἐν
847 1895 1082 1967 Πέρσῃσι
1123 1894 1256 1948 ἔπος·
1303 1893 1582 1962 ὁρμημένου
1623 1895 1838 1961 Δαρείου
1875 1895 2098 1962 ῥοιᾶςρα

346 1978 571 2048 τρῖῦγειν,
603 1980 668 2035 ὣς
699 1978 865 2044 ἄνοιξε
895 1978 1114 2047 τάχιστα
1147 1978 1238 2043 τὴν
1270 1979 1469 2044 πρώτην
1499 1982 1597 2030 τῶν
1629 1977 1822 2045 ῥοιέων,
1857 1980 2013 2045 εἴρετο

347 2065 496 2117 αὐτὸν
526 2066 554 2116 ὁ
584 2064 833 2132 ἀδελφεὸς
867 2062 1181 2130 Ἀρτάβανος
1216 2064 1247 2113 ὅ
1282 2083 1329 2114 τι
1363 2062 1591 2127 βούλοιτ’
1623 2061 1685 2114 ἄν
1722 2065 1769 2114 οἱ
1805 2067 2013 2114 τοσοῦτο

348 2152 541 2214 πλῆθος
571 2148 806 2217 γενέσθαι
838 2149 953 2199 ὅσοι
983 2149 1038 2199 ἐν
1073 2147 1134 2220 τῇ
1169 2147 1280 2219 ῥοιῇ
1308 2147 1489 2213 κόιρςοι.
1580 2151 1794 2214 Δαρεῖος
1822 2148 1876 2199 δὲ
1905 2145 2014 2200 εἶπε
2044 2149 2098 2216 Pi

302 2267 304 2269 >
351 2233 687 2300 Μεγαβάζους
726 2231 787 2285 ἄν
825 2235 871 2284 οἱ
912 2231 1181 2297 τοσούζρυς
1213 2230 1426 2299 ’ἀριθμὸν
1462 2228 1699 2298 γενέσθαι
1732 2230 2013 2296 βούλεσθαι
2037 2255 2086 2297 ²5

291 2338 316 2384 3
349 2321 546 2384 μᾶλλον
576 2313 605 2381 ἢ
638 2316 729 2382 τὴν
758 2315 984 2368 Ἑλλάδα
1014 2314 1250 2380 ὑπήκοον.
1331 2317 1385 2367 ἐν
1403 2317 1495 2380 μὲν
1519 2314 1576 2379 δὴ
1603 2313 1840 2387 Πέρσῃσι
1861 2314 2014 2367 ταῦτά

351 2423 437 2467 μιν
466 2403 607 2455 εἴπας
645 2402 805 2466 ἐτίμα,
838 2401 950 2452 τότε
986 2402 1042 2452 δὲ
1077 2398 1227 2451 αὐτὸν
1264 2397 1476 2451 ὑπέλιπε
1512 2397 1811 2466 στρατηγὸν,
1832 2398 2014 2468 ἔχοντα

224 2499 317 2549 144
353 2489 438 2549 τῆς
498 2488 733 2551 στρατιῆς
789 2487 876 2549 τῆς
935 2488 1117 2537 ἑωυτοῦ
1175 2484 1302 2535 ὀκτὼ
1351 2481 1603 2551 μυριάδας.
1689 2482 1831 2537 οὗτος
1882 2484 1936 2535 δὲ
1986 2483 2013 2532 ὁ

358 2568 663 2636 Μεγάβαζος
694 2570 835 2622 εἴπας
869 2569 982 2620 τόδε
1019 2564 1112 2634 [τὸ]
1149 2567 1267 2622 ἔπος
1302 2569 1501 2619 ἐλίπετο
1537 2565 1785 2618 ἀθάνατον
1818 2565 2014 2632 μνήμην

412 2721 432 2748 1
463 2713 587 2751 τοῦτο
609 2708 650 2747 R
780 2722 804 2748 2
834 2710 872 2750 οἱ
890 2707 930 2746 Α
943 2707 978 2746 Β
992 2706 1026 2747 C
1040 2706 1074 2745 P
1220 2720 1246 2756 4
1275 2706 1467 2747 ἀπίκοντο
1487 2704 1526 2744 Α
1540 2705 1574 2744 Β
1589 2704 1623 2744 C
1637 2705 1671 2744 P
1810 2705 1839 2744 6
1865 2708 2014 2746 τοῦτον

357 2767 407 2814 δὴ
426 2766 500 2806 τὸν
522 2764 556 2803 Ρ
719 2764 746 2802 8
777 2763 884 2804 ἐποίε
904 2762 938 2801 C
1103 2775 1131 2812 9
1162 2760 1437 2812 κελεύματιΒ
1452 2760 1486 2798 C
1654 2771 1703 2798 12
1733 2757 1925 2800 ἀνελευθέ
1970 2775 2013 2801 υς

358 2818 495 2858 RSV
717 2829 767 2868 13
794 2817 959 2859 πάντων
979 2815 1090 2856 SVt
1117 2815 1281 2857 πάντων
1299 2818 1381 2857 τῶν
1401 2815 1441 2854 R
1663 2816 1713 2854 18
1741 2816 1790 2863 δὴ
1817 2814 1894 2862 ἔβη
1975 2813 2014 2852 V

362 2887 411 2923 19
439 2874 561 2923 λείπη
584 2872 676 2913 RV
868 2885 922 2912 20
949 2888 1045 2913 κοτε
1064 2881 1144 2910 om.
1172 2869 1207 2909 E
1404 2880 1453 2908 21
1485 2871 1580 2923 ὧρμ.
1604 2867 1638 2908 C
1661 2867 1755 2920 (·οι)
1778 2867 1812 2907 Ε
1828 2866 2014 2907 PRSV
2046 2888 2056 2891 ⁸

358 2941 410 2967 22
439 2930 556 2982 ῥοιῶν
583 2927 769 2968 ABCE
989 2938 1041 2976 23
1078 2926 1278 2967 τοσοῦτον
1308 2924 1339 2965 S
1558 2935 1612 2974 29
1639 2923 1687 2964 τὸ
1715 2933 1798 2962 om.
1830 2919 2014 2963 PRSV

360 2984 546 3025 ἐλείπετο
566 2981 619 3022 C1
633 2981 668 3023 E
