<?xml version="1.0" encoding="UTF-8"?>
<!DOCTYPE html PUBLIC "-//W3C//DTD XHTML 1.0 Transitional//EN"
    "http://www.w3.org/TR/xhtml1/DTD/xhtml1-transitional.dtd">
<html xmlns="http://www.w3.org/1999/xhtml" xml:lang="en" lang="en">
 <head>
  <title>
</title>
<meta http-equiv="Content-Type" content="text/html;charset=utf-8" />
  <meta name='ocr-system' content='tesseract 3.04.00' />
  <meta name='ocr-capabilities' content='ocr_page ocr_carea ocr_par ocr_line ocrx_word'/>
</head>
<body>
  <div class='ocr_page' id='page_1' title='image "./herodotihistoria01herouoft_0127.png"; bbox 0 0 2098 3320; ppageno 0'>
   <div class='ocr_carea' id='block_1_1' title="bbox 759 132 2058 192">
    <p class='ocr_par' dir='ltr' id='par_1_1' title="bbox 759 132 2058 192">
     <span class='ocr_line' id='line_1_1' title="bbox 759 132 2058 192; baseline 0.003 -4"><span class='ocrx_word' id='word_1_1' title='bbox 759 139 1141 188; x_wconf 85' lang='grc' dir='ltr'>ΙΣΤΟΡΙΩΝ</span> <span class='ocrx_word' id='word_1_2' title='bbox 1203 139 1246 188; x_wconf 92' lang='grc' dir='ltr'><strong>Α</strong></span> <span class='ocrx_word' id='word_1_3' title='bbox 1553 132 1565 141; x_wconf 73' lang='grc'><em>“</em></span> <span class='ocrx_word' id='word_1_4' title='bbox 1890 143 1926 192; x_wconf 90' lang='grc' dir='ltr'>Ι.</span> <span class='ocrx_word' id='word_1_5' title='bbox 1950 155 2058 192; x_wconf 78' lang='lat'>202</span> 
     </span>
    </p>
   </div>
   <div class='ocr_carea' id='block_1_2' title="bbox 104 263 2098 2624">
    <p class='ocr_par' dir='ltr' id='par_1_2' title="bbox 104 263 2098 2624">
     <span class='ocr_line' id='line_1_2' title="bbox 176 263 1850 341; baseline -0.002 -17"><span class='ocrx_word' id='word_1_6' title='bbox 176 271 303 341; x_wconf 78' lang='grc' dir='ltr'>αὐτῷ</span> <span class='ocrx_word' id='word_1_7' title='bbox 337 269 525 341; x_wconf 82' lang='grc' dir='ltr'>Λέσβῳ</span> <span class='ocrx_word' id='word_1_8' title='bbox 556 268 777 338; x_wconf 82' lang='grc' dir='ltr'>μεγάθεα</span> <span class='ocrx_word' id='word_1_9' title='bbox 817 263 1173 337; x_wconf 88' lang='grc' dir='ltr'>παραπλησίας</span> <span class='ocrx_word' id='word_1_10' title='bbox 1211 268 1404 339; x_wconf 83' lang='grc' dir='ltr'>συχνάς</span> <span class='ocrx_word' id='word_1_11' title='bbox 1450 276 1583 337; x_wconf 90' lang='grc' dir='ltr'>φασι</span> <span class='ocrx_word' id='word_1_12' title='bbox 1621 268 1762 330; x_wconf 81' lang='grc' dir='ltr'>εἶναι,</span> <span class='ocrx_word' id='word_1_13' title='bbox 1798 272 1850 321; x_wconf 89' lang='grc' dir='ltr'>ἐν</span> 
     </span>
     <span class='ocr_line' id='line_1_3' title="bbox 174 353 1848 428; baseline -0.003 -19"><span class='ocrx_word' id='word_1_14' title='bbox 174 358 227 409; x_wconf 80' lang='grc' dir='ltr'>δὲ</span> <span class='ocrx_word' id='word_1_15' title='bbox 258 355 435 428; x_wconf 79' lang='grc' dir='ltr'>αὐτῇσι</span> <span class='ocrx_word' id='word_1_16' title='bbox 465 355 753 423; x_wconf 83' lang='grc' dir='ltr'>ἀνθρώπους</span> <span class='ocrx_word' id='word_1_17' title='bbox 783 355 828 407; x_wconf 78' lang='grc' dir='ltr'>οἳ</span> <span class='ocrx_word' id='word_1_18' title='bbox 860 354 1112 407; x_wconf 90' lang='grc' dir='ltr'>σιτέονται</span> <span class='ocrx_word' id='word_1_19' title='bbox 1143 357 1235 420; x_wconf 76' lang='grc' dir='ltr'>μὲν</span> <span class='ocrx_word' id='word_1_20' title='bbox 1265 355 1401 422; x_wconf 82' lang='grc' dir='ltr'>ῥίζας</span> <span class='ocrx_word' id='word_1_21' title='bbox 1426 354 1482 406; x_wconf 86' lang='grc' dir='ltr'>τὸ</span> <span class='ocrx_word' id='word_1_22' title='bbox 1516 353 1659 421; x_wconf 81' lang='grc' dir='ltr'>θέρος</span> <span class='ocrx_word' id='word_1_23' title='bbox 1700 354 1848 421; x_wconf 86' lang='grc' dir='ltr'>ὀρύσ-</span> 
     </span>
     <span class='ocr_line' id='line_1_4' title="bbox 174 436 1853 507; baseline 0.001 -15"><span class='ocrx_word' id='word_1_24' title='bbox 174 461 351 494; x_wconf 83' lang='grc' dir='ltr'>σοντες</span> <span class='ocrx_word' id='word_1_25' title='bbox 398 441 650 500; x_wconf 82' lang='grc' dir='ltr'>παντοίας,</span> <span class='ocrx_word' id='word_1_26' title='bbox 699 440 913 507; x_wconf 84' lang='grc' dir='ltr'>καρποὺς</span> <span class='ocrx_word' id='word_1_27' title='bbox 963 443 1017 492; x_wconf 80' lang='grc' dir='ltr'>δὲ</span> <span class='ocrx_word' id='word_1_28' title='bbox 1064 438 1161 492; x_wconf 85' lang='grc' dir='ltr'>ἀπὸ</span> <span class='ocrx_word' id='word_1_29' title='bbox 1212 438 1452 507; x_wconf 87' lang='grc' dir='ltr'>δενδρέων</span> <span class='ocrx_word' id='word_1_30' title='bbox 1500 436 1853 506; x_wconf 80' lang='grc' dir='ltr'>ἐξευρημένους</span> 
     </span>
     <span class='ocr_line' id='line_1_5' title="bbox 175 522 1854 592; baseline -0.001 -16"><span class='ocrx_word' id='word_1_31' title='bbox 175 530 274 592; x_wconf 91' lang='grc' dir='ltr'>σφι</span> <span class='ocrx_word' id='word_1_32' title='bbox 303 526 354 579; x_wconf 88' lang='grc' dir='ltr'>ἐς</span> <span class='ocrx_word' id='word_1_33' title='bbox 384 523 588 592; x_wconf 79' lang='grc' dir='ltr'>φορβὴν</span> <span class='ocrx_word' id='word_1_34' title='bbox 618 524 972 576; x_wconf 66' lang='grc' dir='ltr'>κατατίθεσθαι</span> <span class='ocrx_word' id='word_1_35' title='bbox 1004 524 1209 592; x_wconf 84' lang='grc' dir='ltr'>ὡραίους</span> <span class='ocrx_word' id='word_1_36' title='bbox 1242 525 1322 576; x_wconf 91' lang='grc' dir='ltr'>καὶ</span> <span class='ocrx_word' id='word_1_37' title='bbox 1353 525 1554 578; x_wconf 83' lang='grc' dir='ltr'>τούτους</span> <span class='ocrx_word' id='word_1_38' title='bbox 1595 522 1854 575; x_wconf 85' lang='grc' dir='ltr'>σιτέεσθαι</span> 
     </span>
     <span class='ocr_line' id='line_1_6' title="bbox 128 607 1910 678; baseline 0 -16"><span class='ocrx_word' id='word_1_39' title='bbox 128 630 150 671; x_wconf 86' lang='grc'>5</span> <span class='ocrx_word' id='word_1_40' title='bbox 174 610 264 674; x_wconf 83' lang='grc' dir='ltr'>τὴν</span> <span class='ocrx_word' id='word_1_41' title='bbox 301 607 602 678; x_wconf 86' lang='grc' dir='ltr'>χειμερινήν·</span> <span class='ocrx_word' id='word_1_42' title='bbox 648 608 783 660; x_wconf 86' lang='grc' dir='ltr'>ἄλλα</span> <span class='ocrx_word' id='word_1_43' title='bbox 820 608 874 661; x_wconf 88' lang='grc' dir='ltr'>δέ</span> <span class='ocrx_word' id='word_1_44' title='bbox 911 615 1008 677; x_wconf 91' lang='grc' dir='ltr'>σφι</span> <span class='ocrx_word' id='word_1_45' title='bbox 1050 608 1348 676; x_wconf 79' lang='grc' dir='ltr'>ἐξευρῆσθαι</span> <span class='ocrx_word' id='word_1_46' title='bbox 1392 607 1596 675; x_wconf 86' lang='grc' dir='ltr'>δένδρεα</span> <span class='ocrx_word' id='word_1_47' title='bbox 1641 608 1854 675; x_wconf 81' lang='grc' dir='ltr'>καρποὺς</span> <span class='ocrx_word' id='word_1_48' title='bbox 1886 631 1910 662; x_wconf 87' lang='lat'><strong>2</strong></span> 
     </span>
     <span class='ocr_line' id='line_1_7' title="bbox 175 687 1854 761; baseline -0.001 -15"><span class='ocrx_word' id='word_1_49' title='bbox 175 694 404 747; x_wconf 84' lang='grc' dir='ltr'>τοιούσδε</span> <span class='ocrx_word' id='word_1_50' title='bbox 435 694 571 747; x_wconf 81' lang='grc' dir='ltr'>τινὰς</span> <span class='ocrx_word' id='word_1_51' title='bbox 603 691 837 761; x_wconf 88' lang='grc' dir='ltr'>φέροντα,</span> <span class='ocrx_word' id='word_1_52' title='bbox 871 693 983 747; x_wconf 84' lang='grc' dir='ltr'>τοὺς</span> <span class='ocrx_word' id='word_1_53' title='bbox 1017 687 1180 746; x_wconf 83' lang='grc' dir='ltr'>ἐπείτε</span> <span class='ocrx_word' id='word_1_54' title='bbox 1204 693 1265 746; x_wconf 82' lang='grc' dir='ltr'>ἂν</span> <span class='ocrx_word' id='word_1_55' title='bbox 1298 695 1348 747; x_wconf 90' lang='grc' dir='ltr'>ἐς</span> <span class='ocrx_word' id='word_1_56' title='bbox 1380 693 1535 746; x_wconf 84' lang='grc' dir='ltr'>τώυτὸ</span> <span class='ocrx_word' id='word_1_57' title='bbox 1569 692 1854 745; x_wconf 80' lang='grc' dir='ltr'>συνέλθωσι</span> 
     </span>
     <span class='ocr_line' id='line_1_8' title="bbox 178 778 1849 848; baseline -0.001 -17"><span class='ocrx_word' id='word_1_58' title='bbox 178 781 300 831; x_wconf 77' lang='grc' dir='ltr'>κατὰ</span> <span class='ocrx_word' id='word_1_59' title='bbox 330 780 441 831; x_wconf 80' lang='grc' dir='ltr'>ἴλας</span> <span class='ocrx_word' id='word_1_60' title='bbox 474 778 552 830; x_wconf 86' lang='grc' dir='ltr'>καὶ</span> <span class='ocrx_word' id='word_1_61' title='bbox 585 783 678 845; x_wconf 92' lang='grc' dir='ltr'>πῦρ</span> <span class='ocrx_word' id='word_1_62' title='bbox 710 779 1091 830; x_wconf 85' lang='grc' dir='ltr'>ἀνακαύσωνται</span> <span class='ocrx_word' id='word_1_63' title='bbox 1136 778 1298 848; x_wconf 80' lang='grc' dir='ltr'>κύκλῳ</span> <span class='ocrx_word' id='word_1_64' title='bbox 1340 778 1707 846; x_wconf 77' lang='grc' dir='ltr'>περιιζομένους</span> <span class='ocrx_word' id='word_1_65' title='bbox 1745 779 1849 830; x_wconf 89' lang='grc' dir='ltr'>ἐπι-</span> 
     </span>
     <span class='ocr_line' id='line_1_9' title="bbox 175 862 1856 931; baseline -0.001 -17"><span class='ocrx_word' id='word_1_66' title='bbox 175 862 395 931; x_wconf 87' lang='grc' dir='ltr'>βάλλειν</span> <span class='ocrx_word' id='word_1_67' title='bbox 424 864 505 915; x_wconf 84' lang='grc' dir='ltr'>ἐπὶ</span> <span class='ocrx_word' id='word_1_68' title='bbox 536 867 591 915; x_wconf 87' lang='grc' dir='ltr'>τὸ</span> <span class='ocrx_word' id='word_1_69' title='bbox 623 868 735 930; x_wconf 86' lang='grc' dir='ltr'>πῦρ,</span> <span class='ocrx_word' id='word_1_70' title='bbox 771 862 1203 931; x_wconf 88' lang='grc' dir='ltr'>ὀσφραινομένους</span> <span class='ocrx_word' id='word_1_71' title='bbox 1242 866 1294 915; x_wconf 81' lang='grc' dir='ltr'>δὲ</span> <span class='ocrx_word' id='word_1_72' title='bbox 1344 862 1730 930; x_wconf 81' lang='grc' dir='ltr'>καταγιζομένου</span> <span class='ocrx_word' id='word_1_73' title='bbox 1759 868 1856 914; x_wconf 81' lang='grc' dir='ltr'>’τοῦ</span> 
     </span>
     <span class='ocr_line' id='line_1_10' title="bbox 171 947 1854 1021; baseline -0.001 -21"><span class='ocrx_word' id='word_1_74' title='bbox 171 952 365 1015; x_wconf 58' lang='grc' dir='ltr'>Δκαρποῦ</span> <span class='ocrx_word' id='word_1_75' title='bbox 396 952 482 999; x_wconf 94' lang='grc' dir='ltr'>τοῦ</span> <span class='ocrx_word' id='word_1_76' title='bbox 513 947 920 1013; x_wconf 83' lang='grc' dir='ltr'>ἐπιβαλλομένου</span> <span class='ocrx_word' id='word_1_77' title='bbox 957 948 1304 1013; x_wconf 88' lang='grc' dir='ltr'>μεθύσκεσθαι</span> <span class='ocrx_word' id='word_1_78' title='bbox 1340 956 1400 1021; x_wconf 81' lang='grc' dir='ltr'>τῇ</span> <span class='ocrx_word' id='word_1_79' title='bbox 1438 949 1561 1019; x_wconf 81' lang='grc' dir='ltr'>ὀδμῇ</span> <span class='ocrx_word' id='word_1_80' title='bbox 1601 947 1724 999; x_wconf 88' lang='grc' dir='ltr'>κατά</span> <span class='ocrx_word' id='word_1_81' title='bbox 1762 969 1854 1014; x_wconf 89' lang='grc' dir='ltr'>περ</span> 
     </span>
     <span class='ocr_line' id='line_1_11' title="bbox 106 1031 1856 1102; baseline 0.002 -22"><span class='ocrx_word' id='word_1_82' title='bbox 106 1031 431 1097; x_wconf 68' lang='grc' dir='ltr'>ω”Ελληνας</span> <span class='ocrx_word' id='word_1_83' title='bbox 470 1037 538 1102; x_wconf 81' lang='grc' dir='ltr'>τῷ</span> <span class='ocrx_word' id='word_1_84' title='bbox 569 1034 703 1101; x_wconf 80' lang='grc' dir='ltr'>οἴνῳ,</span> <span class='ocrx_word' id='word_1_85' title='bbox 738 1037 952 1086; x_wconf 90' lang='grc' dir='ltr'>πλεῦνος</span> <span class='ocrx_word' id='word_1_86' title='bbox 989 1035 1042 1085; x_wconf 81' lang='grc' dir='ltr'>δὲ</span> <span class='ocrx_word' id='word_1_87' title='bbox 1084 1032 1496 1098; x_wconf 85' lang='grc' dir='ltr'>ἐπιβαλλομένου</span> <span class='ocrx_word' id='word_1_88' title='bbox 1540 1037 1627 1084; x_wconf 91' lang='grc' dir='ltr'>τοῦ</span> <span class='ocrx_word' id='word_1_89' title='bbox 1669 1037 1856 1099; x_wconf 82' lang='grc' dir='ltr'>καρποῦ</span> 
     </span>
     <span class='ocr_line' id='line_1_12' title="bbox 176 1116 1855 1186; baseline 0.002 -18"><span class='ocrx_word' id='word_1_90' title='bbox 176 1120 374 1182; x_wconf 79' lang='grc' dir='ltr'>μᾶλλον</span> <span class='ocrx_word' id='word_1_91' title='bbox 410 1116 766 1182; x_wconf 89' lang='grc' dir='ltr'>μεθύσκεσθαι,</span> <span class='ocrx_word' id='word_1_92' title='bbox 802 1119 852 1171; x_wconf 91' lang='grc' dir='ltr'>ἐς</span> <span class='ocrx_word' id='word_1_93' title='bbox 886 1116 911 1168; x_wconf 83' lang='grc' dir='ltr'><strong>ὃ</strong></span> <span class='ocrx_word' id='word_1_94' title='bbox 944 1118 993 1170; x_wconf 92' lang='grc' dir='ltr'>ἐς</span> <span class='ocrx_word' id='word_1_95' title='bbox 1027 1118 1241 1186; x_wconf 82' lang='grc' dir='ltr'>ὄρχησίν</span> <span class='ocrx_word' id='word_1_96' title='bbox 1270 1139 1324 1169; x_wconf 91' lang='grc' dir='ltr'>τε</span> <span class='ocrx_word' id='word_1_97' title='bbox 1358 1119 1659 1169; x_wconf 91' lang='grc' dir='ltr'>ἀνίστασθαι</span> <span class='ocrx_word' id='word_1_98' title='bbox 1692 1117 1771 1168; x_wconf 86' lang='grc' dir='ltr'>καὶ</span> <span class='ocrx_word' id='word_1_99' title='bbox 1804 1119 1855 1171; x_wconf 88' lang='grc' dir='ltr'>ἐς</span> 
     </span>
     <span class='ocr_line' id='line_1_13' title="bbox 178 1199 1853 1269; baseline 0.001 -16"><span class='ocrx_word' id='word_1_100' title='bbox 178 1201 350 1265; x_wconf 84' lang='grc' dir='ltr'>ἀοιδὴν</span> <span class='ocrx_word' id='word_1_101' title='bbox 382 1199 722 1253; x_wconf 85' lang='grc' dir='ltr'>ἀπικνέεσθαι.</span> <span class='ocrx_word' id='word_1_102' title='bbox 795 1202 983 1254; x_wconf 88' lang='grc' dir='ltr'>τούτων</span> <span class='ocrx_word' id='word_1_103' title='bbox 1014 1204 1105 1267; x_wconf 72' lang='grc' dir='ltr'>μὲν</span> <span class='ocrx_word' id='word_1_104' title='bbox 1143 1203 1263 1267; x_wconf 82' lang='grc' dir='ltr'>αὕτη</span> <span class='ocrx_word' id='word_1_105' title='bbox 1295 1201 1498 1269; x_wconf 92' lang='grc' dir='ltr'>λέγεται</span> <span class='ocrx_word' id='word_1_106' title='bbox 1524 1202 1685 1253; x_wconf 91' lang='grc' dir='ltr'>δίαιτα</span> <span class='ocrx_word' id='word_1_107' title='bbox 1709 1200 1853 1254; x_wconf 81' lang='grc' dir='ltr'>εἶναι.</span> 
     </span>
     <span class='ocr_line' id='line_1_14' title="bbox 179 1283 1906 1353; baseline 0.001 -16"><span class='ocrx_word' id='word_1_108' title='bbox 179 1287 205 1337; x_wconf 99' lang='lat'><em>6</em></span> <span class='ocrx_word' id='word_1_109' title='bbox 251 1289 304 1338; x_wconf 81' lang='grc' dir='ltr'>δὲ</span> <span class='ocrx_word' id='word_1_110' title='bbox 350 1283 564 1353; x_wconf 79' lang='grc' dir='ltr'>Ἀράξης</span> <span class='ocrx_word' id='word_1_111' title='bbox 611 1285 833 1352; x_wconf 87' lang='grc' dir='ltr'>ποταμὸς</span> <span class='ocrx_word' id='word_1_112' title='bbox 872 1285 973 1353; x_wconf 88' lang='grc' dir='ltr'>ῥέει</span> <span class='ocrx_word' id='word_1_113' title='bbox 1018 1289 1111 1352; x_wconf 78' lang='grc' dir='ltr'>μὲν</span> <span class='ocrx_word' id='word_1_114' title='bbox 1165 1288 1218 1338; x_wconf 90' lang='grc' dir='ltr'>ἐκ</span> <span class='ocrx_word' id='word_1_115' title='bbox 1268 1290 1555 1352; x_wconf 87' lang='grc' dir='ltr'>Ματιηνῶν,</span> <span class='ocrx_word' id='word_1_116' title='bbox 1599 1288 1715 1339; x_wconf 89' lang='grc' dir='ltr'>ὅθεν</span> <span class='ocrx_word' id='word_1_117' title='bbox 1762 1308 1856 1353; x_wconf 92' lang='grc' dir='ltr'>περ</span> <span class='ocrx_word' id='word_1_118' title='bbox 1881 1309 1906 1352; x_wconf 83' lang='grc'>3</span> 
     </span>
     <span class='ocr_line' id='line_1_15' title="bbox 179 1370 1854 1440; baseline 0.002 -18"><span class='ocrx_word' id='word_1_119' title='bbox 179 1372 206 1422; x_wconf 92' lang='grc' dir='ltr'>ὁ</span> <span class='ocrx_word' id='word_1_120' title='bbox 225 1370 427 1435; x_wconf 85' lang='grc' dir='ltr'>Γύνδης,</span> <span class='ocrx_word' id='word_1_121' title='bbox 448 1370 535 1423; x_wconf 84' lang='grc' dir='ltr'>τὸν</span> <span class='ocrx_word' id='word_1_122' title='bbox 562 1372 616 1424; x_wconf 84' lang='grc' dir='ltr'>ἐς</span> <span class='ocrx_word' id='word_1_123' title='bbox 642 1373 730 1424; x_wconf 82' lang='grc' dir='ltr'>τὰς</span> <span class='ocrx_word' id='word_1_124' title='bbox 752 1371 997 1440; x_wconf 84' lang='grc' dir='ltr'>διώρυχας</span> <span class='ocrx_word' id='word_1_125' title='bbox 1017 1373 1105 1426; x_wconf 80' lang='grc' dir='ltr'>τὰς</span> <span class='ocrx_word' id='word_1_126' title='bbox 1128 1370 1366 1437; x_wconf 82' lang='grc' dir='ltr'>ἑξήκοντά</span> <span class='ocrx_word' id='word_1_127' title='bbox 1386 1393 1440 1424; x_wconf 90' lang='grc' dir='ltr'>τε</span> <span class='ocrx_word' id='word_1_128' title='bbox 1466 1371 1543 1423; x_wconf 88' lang='grc' dir='ltr'>καὶ</span> <span class='ocrx_word' id='word_1_129' title='bbox 1566 1373 1854 1438; x_wconf 85' lang='grc' dir='ltr'>τριηκοσίας</span> 
     </span>
     <span class='ocr_line' id='line_1_16' title="bbox 107 1450 1854 1524; baseline 0.001 -17"><span class='ocrx_word' id='word_1_130' title='bbox 107 1473 121 1500; x_wconf 80' lang='grc' dir='ltr'>Ι</span> <span class='ocrx_word' id='word_1_131' title='bbox 130 1472 152 1514; x_wconf 87' lang='grc'><strong>5</strong></span> <span class='ocrx_word' id='word_1_132' title='bbox 180 1454 387 1521; x_wconf 88' lang='grc' dir='ltr'>διέλαβε</span> <span class='ocrx_word' id='word_1_133' title='bbox 419 1456 445 1505; x_wconf 91' lang='lat'><em>6</em></span> <span class='ocrx_word' id='word_1_134' title='bbox 467 1459 641 1522; x_wconf 87' lang='grc' dir='ltr'>Κῦρος,</span> <span class='ocrx_word' id='word_1_135' title='bbox 679 1456 898 1521; x_wconf 90' lang='grc' dir='ltr'>στόμασι</span> <span class='ocrx_word' id='word_1_136' title='bbox 929 1459 981 1508; x_wconf 81' lang='grc' dir='ltr'>δὲ</span> <span class='ocrx_word' id='word_1_137' title='bbox 1010 1455 1317 1524; x_wconf 81' lang='grc' dir='ltr'>ἐξερεύγεται</span> <span class='ocrx_word' id='word_1_138' title='bbox 1341 1450 1728 1523; x_wconf 85' lang='grc' dir='ltr'>τεσσεράκοντα,</span> <span class='ocrx_word' id='word_1_139' title='bbox 1755 1461 1854 1508; x_wconf 84' lang='grc' dir='ltr'>τῶν</span> 
     </span>
     <span class='ocr_line' id='line_1_17' title="bbox 178 1539 2098 1609; baseline 0.002 -18"><span class='ocrx_word' id='word_1_140' title='bbox 178 1541 238 1591; x_wconf 77' lang='grc' dir='ltr'>τὰ</span> <span class='ocrx_word' id='word_1_141' title='bbox 263 1539 425 1592; x_wconf 91' lang='grc' dir='ltr'>πάντα</span> <span class='ocrx_word' id='word_1_142' title='bbox 457 1539 589 1604; x_wconf 80' lang='grc' dir='ltr'>πλὴν</span> <span class='ocrx_word' id='word_1_143' title='bbox 615 1539 724 1594; x_wconf 86' lang='grc' dir='ltr'>ἑνὸς</span> <span class='ocrx_word' id='word_1_144' title='bbox 749 1542 801 1594; x_wconf 88' lang='grc' dir='ltr'>ἐς</span> <span class='ocrx_word' id='word_1_145' title='bbox 828 1539 947 1593; x_wconf 79' lang='grc' dir='ltr'>ἕλεά</span> <span class='ocrx_word' id='word_1_146' title='bbox 987 1562 1041 1592; x_wconf 90' lang='grc' dir='ltr'>τε</span> <span class='ocrx_word' id='word_1_147' title='bbox 1067 1541 1144 1592; x_wconf 87' lang='grc' dir='ltr'>καὶ</span> <span class='ocrx_word' id='word_1_148' title='bbox 1175 1540 1387 1609; x_wconf 66' lang='grc' dir='ltr'>τενάγεα</span> <span class='ocrx_word' id='word_1_149' title='bbox 1411 1543 1607 1600; x_wconf 85' lang='grc' dir='ltr'>ἐκδιδοῖ,</span> <span class='ocrx_word' id='word_1_150' title='bbox 1635 1543 1689 1594; x_wconf 88' lang='grc' dir='ltr'>ἐν</span> <span class='ocrx_word' id='word_1_151' title='bbox 1719 1545 1853 1593; x_wconf 86' lang='grc' dir='ltr'>τοῖσι</span> <span class='ocrx_word' id='word_1_152' title='bbox 1873 1541 2098 1597; x_wconf 56' lang='grc' dir='ltr'>«ώσω-οισι</span> 
     </span>
     <span class='ocr_line' id='line_1_18' title="bbox 179 1624 1849 1698; baseline 0.002 -22"><span class='ocrx_word' id='word_1_153' title='bbox 179 1624 466 1692; x_wconf 82' lang='grc' dir='ltr'>ἀνθρώπους</span> <span class='ocrx_word' id='word_1_154' title='bbox 508 1627 830 1698; x_wconf 87' lang='grc' dir='ltr'>κατοικῆσθαι</span> <span class='ocrx_word' id='word_1_155' title='bbox 869 1624 1081 1692; x_wconf 91' lang='grc' dir='ltr'>λέγουσι</span> <span class='ocrx_word' id='word_1_156' title='bbox 1123 1628 1263 1694; x_wconf 82' lang='grc' dir='ltr'>ἰχθῦς</span> <span class='ocrx_word' id='word_1_157' title='bbox 1307 1625 1468 1692; x_wconf 84' lang='grc' dir='ltr'>ὠμοὺς</span> <span class='ocrx_word' id='word_1_158' title='bbox 1514 1625 1849 1691; x_wconf 84' lang='grc' dir='ltr'>σιτεομένους,</span> 
     </span>
     <span class='ocr_line' id='line_1_19' title="bbox 181 1710 2098 1778; baseline 0.002 -19"><span class='ocrx_word' id='word_1_159' title='bbox 181 1710 354 1772; x_wconf 88' lang='grc' dir='ltr'>ἐσθῆτι</span> <span class='ocrx_word' id='word_1_160' title='bbox 385 1711 438 1760; x_wconf 82' lang='grc' dir='ltr'>δὲ</span> <span class='ocrx_word' id='word_1_161' title='bbox 471 1710 762 1775; x_wconf 86' lang='grc' dir='ltr'>νομίζοντας</span> <span class='ocrx_word' id='word_1_162' title='bbox 793 1713 1014 1777; x_wconf 81' lang='grc' dir='ltr'>χρᾶσθαι</span> <span class='ocrx_word' id='word_1_163' title='bbox 1049 1710 1259 1778; x_wconf 51' lang='grc' dir='ltr'>φωκέων</span> <span class='ocrx_word' id='word_1_164' title='bbox 1297 1711 1522 1778; x_wconf 88' lang='grc' dir='ltr'>δέρμασι.</span> <span class='ocrx_word' id='word_1_165' title='bbox 1616 1711 1672 1762; x_wconf 89' lang='grc' dir='ltr'>τὸ</span> <span class='ocrx_word' id='word_1_166' title='bbox 1708 1714 1762 1763; x_wconf 80' lang='grc' dir='ltr'>δὲ</span> <span class='ocrx_word' id='word_1_167' title='bbox 1800 1711 1853 1763; x_wconf 83' lang='grc' dir='ltr'>ἓν</span> <span class='ocrx_word' id='word_1_168' title='bbox 1885 1712 2098 1775; x_wconf 65' lang='lat' dir='ltr'>41&gt;an-</span> 
     </span>
     <span class='ocr_line' id='line_1_20' title="bbox 179 1792 1853 1862; baseline 0.002 -18"><span class='ocrx_word' id='word_1_169' title='bbox 179 1797 278 1844; x_wconf 82' lang='grc' dir='ltr'>τῶν</span> <span class='ocrx_word' id='word_1_170' title='bbox 312 1792 575 1858; x_wconf 86' lang='grc' dir='ltr'>στομάτων</span> <span class='ocrx_word' id='word_1_171' title='bbox 606 1798 691 1845; x_wconf 92' lang='grc' dir='ltr'>τοῦ</span> <span class='ocrx_word' id='word_1_172' title='bbox 722 1793 942 1860; x_wconf 81' lang='grc' dir='ltr'>Ἀράξεω</span> <span class='ocrx_word' id='word_1_173' title='bbox 977 1794 1079 1862; x_wconf 87' lang='grc' dir='ltr'>ῥέει</span> <span class='ocrx_word' id='word_1_174' title='bbox 1099 1797 1179 1847; x_wconf 80' lang='grc' dir='ltr'>διὰ</span> <span class='ocrx_word' id='word_1_175' title='bbox 1206 1799 1419 1862; x_wconf 88' lang='grc' dir='ltr'>καθαροῦ</span> <span class='ocrx_word' id='word_1_176' title='bbox 1437 1797 1487 1850; x_wconf 89' lang='grc' dir='ltr'>ἐς</span> <span class='ocrx_word' id='word_1_177' title='bbox 1507 1795 1597 1860; x_wconf 74' lang='grc' dir='ltr'>τὴν</span> <span class='ocrx_word' id='word_1_178' title='bbox 1616 1797 1853 1859; x_wconf 89' lang='grc' dir='ltr'>Κασπίην</span> 
     </span>
     <span class='ocr_line' id='line_1_21' title="bbox 105 1876 1854 1944; baseline 0.001 -16"><span class='ocrx_word' id='word_1_179' title='bbox 105 1899 156 1928; x_wconf 90' lang='lat'>20</span> <span class='ocrx_word' id='word_1_180' title='bbox 181 1876 467 1929; x_wconf 91' lang='grc' dir='ltr'>θάλασσαν.</span> <span class='ocrx_word' id='word_1_181' title='bbox 556 1878 586 1943; x_wconf 85' lang='grc' dir='ltr'>ἡ</span> <span class='ocrx_word' id='word_1_182' title='bbox 634 1880 687 1930; x_wconf 82' lang='grc' dir='ltr'>δὲ</span> <span class='ocrx_word' id='word_1_183' title='bbox 737 1881 940 1944; x_wconf 91' lang='grc' dir='ltr'>Κασπίη</span> <span class='ocrx_word' id='word_1_184' title='bbox 986 1879 1225 1932; x_wconf 85' lang='grc' dir='ltr'>θάλασσά</span> <span class='ocrx_word' id='word_1_185' title='bbox 1267 1883 1379 1932; x_wconf 88' lang='grc' dir='ltr'>ἐστι</span> <span class='ocrx_word' id='word_1_186' title='bbox 1427 1880 1504 1933; x_wconf 84' lang='grc' dir='ltr'>ἐπ’</span> <span class='ocrx_word' id='word_1_187' title='bbox 1551 1882 1750 1944; x_wconf 82' lang='grc' dir='ltr'>ἑωυτῆς,</span> <span class='ocrx_word' id='word_1_188' title='bbox 1798 1880 1854 1930; x_wconf 82' lang='grc' dir='ltr'>οὐ</span> 
     </span>
     <span class='ocr_line' id='line_1_22' title="bbox 182 1958 1853 2036; baseline 0.002 -23"><span class='ocrx_word' id='word_1_189' title='bbox 182 1958 538 2030; x_wconf 86' lang='grc' dir='ltr'>συμμίσγουσα</span> <span class='ocrx_word' id='word_1_190' title='bbox 579 1963 637 2035; x_wconf 77' lang='grc' dir='ltr'>τῇ</span> <span class='ocrx_word' id='word_1_191' title='bbox 681 1961 821 2035; x_wconf 84' lang='grc' dir='ltr'>ἑτέρῃ</span> <span class='ocrx_word' id='word_1_192' title='bbox 878 1963 1134 2036; x_wconf 88' lang='grc' dir='ltr'>θαλάσσῃ.</span> <span class='ocrx_word' id='word_1_193' title='bbox 1221 1964 1312 2028; x_wconf 82' lang='grc' dir='ltr'>τὴν</span> <span class='ocrx_word' id='word_1_194' title='bbox 1349 1968 1441 2030; x_wconf 79' lang='grc' dir='ltr'>μὲν</span> <span class='ocrx_word' id='word_1_195' title='bbox 1474 1967 1570 2033; x_wconf 77' lang='grc' dir='ltr'>γᾶρ</span> <span class='ocrx_word' id='word_1_196' title='bbox 1597 1963 1853 2029; x_wconf 71' lang='grc' dir='ltr'>“Ελληνες</span> 
     </span>
     <span class='ocr_line' id='line_1_23' title="bbox 180 2045 1853 2116; baseline 0.001 -18"><span class='ocrx_word' id='word_1_197' title='bbox 180 2047 531 2099; x_wconf 90' lang='grc' dir='ltr'>ναυτίλλονται</span> <span class='ocrx_word' id='word_1_198' title='bbox 557 2050 696 2099; x_wconf 85' lang='grc' dir='ltr'>πᾶσα</span> <span class='ocrx_word' id='word_1_199' title='bbox 729 2047 807 2098; x_wconf 89' lang='grc' dir='ltr'>καὶ</span> <span class='ocrx_word' id='word_1_200' title='bbox 829 2047 858 2112; x_wconf 88' lang='grc' dir='ltr'>ἡ</span> <span class='ocrx_word' id='word_1_201' title='bbox 887 2047 983 2112; x_wconf 79' lang='grc' dir='ltr'>ἔξω</span> <span class='ocrx_word' id='word_1_202' title='bbox 1004 2045 1592 2116; x_wconf 61' lang='grc' dir='ltr'>&lt;“Ηρακλέων&gt;στηλέων</span> <span class='ocrx_word' id='word_1_203' title='bbox 1613 2048 1853 2101; x_wconf 88' lang='grc' dir='ltr'>θάλασσα</span> 
     </span>
     <span class='ocr_line' id='line_1_24' title="bbox 180 2130 1850 2203; baseline 0.002 -21"><span class='ocrx_word' id='word_1_204' title='bbox 180 2131 209 2195; x_wconf 89' lang='grc' dir='ltr'>ἡ</span> <span class='ocrx_word' id='word_1_205' title='bbox 242 2130 506 2185; x_wconf 89' lang='grc' dir='ltr'>Ἀτλαντὶς</span> <span class='ocrx_word' id='word_1_206' title='bbox 538 2131 812 2196; x_wconf 92' lang='grc' dir='ltr'>καλεομένη</span> <span class='ocrx_word' id='word_1_207' title='bbox 846 2133 925 2184; x_wconf 90' lang='grc' dir='ltr'>καὶ</span> <span class='ocrx_word' id='word_1_208' title='bbox 956 2133 985 2197; x_wconf 86' lang='grc' dir='ltr'>ἡ</span> <span class='ocrx_word' id='word_1_209' title='bbox 1020 2133 1231 2201; x_wconf 80' lang='grc' dir='ltr'>Ἐρυθρὴ</span> <span class='ocrx_word' id='word_1_210' title='bbox 1275 2137 1363 2200; x_wconf 88' lang='grc' dir='ltr'>μία</span> <span class='ocrx_word' id='word_1_211' title='bbox 1403 2136 1556 2186; x_wconf 88' lang='grc' dir='ltr'>ἐοῦσα</span> <span class='ocrx_word' id='word_1_212' title='bbox 1596 2133 1850 2203; x_wconf 84' lang='grc' dir='ltr'>τυγχάνει.</span> 
     </span>
     <span class='ocr_line' id='line_1_25' title="bbox 179 2215 1992 2286; baseline 0.002 -19"><span class='ocrx_word' id='word_1_213' title='bbox 179 2215 210 2280; x_wconf 89' lang='grc' dir='ltr'>ἡ</span> <span class='ocrx_word' id='word_1_214' title='bbox 241 2218 294 2267; x_wconf 84' lang='grc' dir='ltr'>δὲ</span> <span class='ocrx_word' id='word_1_215' title='bbox 317 2217 522 2280; x_wconf 91' lang='grc' dir='ltr'>Κασπίη</span> <span class='ocrx_word' id='word_1_216' title='bbox 556 2216 666 2267; x_wconf 91' lang='grc' dir='ltr'>ἐστὶ</span> <span class='ocrx_word' id='word_1_217' title='bbox 697 2215 838 2283; x_wconf 80' lang='grc' dir='ltr'>ἑτέρη</span> <span class='ocrx_word' id='word_1_218' title='bbox 870 2216 947 2269; x_wconf 91' lang='grc' dir='ltr'>ἐπ’</span> <span class='ocrx_word' id='word_1_219' title='bbox 972 2220 1172 2283; x_wconf 89' lang='grc' dir='ltr'>ἑωυτῆς,</span> <span class='ocrx_word' id='word_1_220' title='bbox 1203 2221 1356 2271; x_wconf 89' lang='grc' dir='ltr'>ἐοῦσα</span> <span class='ocrx_word' id='word_1_221' title='bbox 1385 2222 1540 2286; x_wconf 89' lang='grc' dir='ltr'>μῆκος</span> <span class='ocrx_word' id='word_1_222' title='bbox 1569 2222 1662 2285; x_wconf 80' lang='grc' dir='ltr'>μὲν</span> <span class='ocrx_word' id='word_1_223' title='bbox 1692 2220 1850 2271; x_wconf 90' lang='grc' dir='ltr'>πλόου</span> <span class='ocrx_word' id='word_1_224' title='bbox 1889 2230 1992 2278; x_wconf 82' lang='lat'>203</span> 
     </span>
     <span class='ocr_line' id='line_1_26' title="bbox 104 2299 1848 2375; baseline 0.003 -27"><span class='ocrx_word' id='word_1_225' title='bbox 104 2319 151 2361; x_wconf 85' lang='lat'>25</span> <span class='ocrx_word' id='word_1_226' title='bbox 180 2301 367 2372; x_wconf 82' lang='grc' dir='ltr'>εἰρεσίῃ</span> <span class='ocrx_word' id='word_1_227' title='bbox 387 2299 650 2370; x_wconf 85' lang='grc' dir='ltr'>χρεωμένῳ</span> <span class='ocrx_word' id='word_1_228' title='bbox 672 2303 1022 2353; x_wconf 87' lang='grc' dir='ltr'>πεντεκαίδεκα</span> <span class='ocrx_word' id='word_1_229' title='bbox 1041 2302 1280 2371; x_wconf 87' lang='grc' dir='ltr'>ἡμερέων,</span> <span class='ocrx_word' id='word_1_230' title='bbox 1295 2304 1434 2371; x_wconf 83' lang='grc' dir='ltr'>εῦρος</span> <span class='ocrx_word' id='word_1_231' title='bbox 1454 2303 1592 2375; x_wconf 88' lang='grc' dir='ltr'>δέ,τῇ</span> <span class='ocrx_word' id='word_1_232' title='bbox 1614 2303 1848 2370; x_wconf 78' lang='grc' dir='ltr'>εὐρυτάτη</span> 
     </span>
     <span class='ocr_line' id='line_1_27' title="bbox 180 2384 1885 2457; baseline 0.002 -22"><span class='ocrx_word' id='word_1_233' title='bbox 180 2384 289 2436; x_wconf 89' lang='grc' dir='ltr'>ἐστὶ</span> <span class='ocrx_word' id='word_1_234' title='bbox 307 2384 428 2449; x_wconf 79' lang='grc' dir='ltr'>αὐτὴ</span> <span class='ocrx_word' id='word_1_235' title='bbox 450 2385 787 2449; x_wconf 84' lang='grc' dir='ltr'>ἑωυτῆς,ὀκτὼ</span> <span class='ocrx_word' id='word_1_236' title='bbox 805 2385 1041 2452; x_wconf 88' lang='grc' dir='ltr'>ἡμερέων.</span> <span class='ocrx_word' id='word_1_237' title='bbox 1092 2389 1248 2440; x_wconf 82' lang='grc' dir='ltr'>καὶτὰ</span> <span class='ocrx_word' id='word_1_238' title='bbox 1269 2391 1360 2454; x_wconf 78' lang='grc' dir='ltr'>μὲν</span> <span class='ocrx_word' id='word_1_239' title='bbox 1380 2388 1502 2457; x_wconf 86' lang='grc' dir='ltr'>πρὸς</span> <span class='ocrx_word' id='word_1_240' title='bbox 1520 2388 1610 2453; x_wconf 78' lang='grc' dir='ltr'>τὴν</span> <span class='ocrx_word' id='word_1_241' title='bbox 1632 2388 1848 2454; x_wconf 90' lang='grc' dir='ltr'>ἑσπέρην</span> <span class='ocrx_word' id='word_1_242' title='bbox 1878 2451 1885 2455; x_wconf 14' lang='grc' dir='ltr'>ὁ</span> 
     </span>
     <span class='ocr_line' id='line_1_28' title="bbox 178 2467 1848 2540; baseline 0.002 -21"><span class='ocrx_word' id='word_1_243' title='bbox 178 2468 399 2535; x_wconf 88' lang='grc' dir='ltr'>φέροντα</span> <span class='ocrx_word' id='word_1_244' title='bbox 429 2472 515 2534; x_wconf 91' lang='grc' dir='ltr'>τῆς</span> <span class='ocrx_word' id='word_1_245' title='bbox 545 2467 809 2534; x_wconf 89' lang='grc' dir='ltr'>θαλάσσης</span> <span class='ocrx_word' id='word_1_246' title='bbox 840 2471 1016 2535; x_wconf 90' lang='grc' dir='ltr'>ταύτης</span> <span class='ocrx_word' id='word_1_247' title='bbox 1054 2472 1080 2521; x_wconf 90' lang='grc' dir='ltr'>ὁ</span> <span class='ocrx_word' id='word_1_248' title='bbox 1119 2473 1383 2528; x_wconf 90' lang='grc' dir='ltr'>Καύκασος</span> <span class='ocrx_word' id='word_1_249' title='bbox 1423 2474 1722 2540; x_wconf 88' lang='grc' dir='ltr'>παρατείνει,</span> <span class='ocrx_word' id='word_1_250' title='bbox 1765 2471 1848 2524; x_wconf 84' lang='grc' dir='ltr'>ἐὸν</span> 
     </span>
     <span class='ocr_line' id='line_1_29' title="bbox 177 2551 1846 2624; baseline 0.004 -22"><span class='ocrx_word' id='word_1_251' title='bbox 177 2551 330 2619; x_wconf 86' lang='grc' dir='ltr'>ὀρέων</span> <span class='ocrx_word' id='word_1_252' title='bbox 357 2555 434 2606; x_wconf 89' lang='grc' dir='ltr'>καὶ</span> <span class='ocrx_word' id='word_1_253' title='bbox 465 2552 646 2618; x_wconf 84' lang='grc' dir='ltr'>πλήθεϊ</span> <span class='ocrx_word' id='word_1_254' title='bbox 673 2552 915 2620; x_wconf 91' lang='grc' dir='ltr'>μέγιστον</span> <span class='ocrx_word' id='word_1_255' title='bbox 940 2556 1018 2607; x_wconf 89' lang='grc' dir='ltr'>καὶ</span> <span class='ocrx_word' id='word_1_256' title='bbox 1041 2555 1248 2622; x_wconf 84' lang='grc' dir='ltr'>μεγάθεϊ</span> <span class='ocrx_word' id='word_1_257' title='bbox 1271 2559 1609 2624; x_wconf 79' lang='grc' dir='ltr'>ὑψηλότατον.</span> <span class='ocrx_word' id='word_1_258' title='bbox 1700 2558 1846 2610; x_wconf 85' lang='grc' dir='ltr'>ἔθνεα.</span> 
     </span>
    </p>
   </div>
   <div class='ocr_carea' id='block_1_3' title="bbox 174 2690 1845 2855">
    <p class='ocr_par' dir='ltr' id='par_1_3' title="bbox 174 2690 1845 2855">
     <span class='ocr_line' id='line_1_30' title="bbox 234 2690 1845 2744; baseline 0.002 -12"><span class='ocrx_word' id='word_1_259' title='bbox 234 2703 251 2728; x_wconf 92' lang='lat'>1</span> <span class='ocrx_word' id='word_1_260' title='bbox 297 2691 498 2744; x_wconf 80' lang='grc' dir='ltr'>μεγεάθεα</span> <span class='ocrx_word' id='word_1_261' title='bbox 537 2690 575 2728; x_wconf 92' lang='lat' dir='ltr'>R</span> <span class='ocrx_word' id='word_1_262' title='bbox 594 2690 674 2729; x_wconf 88' lang='lat' dir='ltr'>SV</span> <span class='ocrx_word' id='word_1_263' title='bbox 840 2692 996 2743; x_wconf 82' lang='grc' dir='ltr'>συχνάς</span> <span class='ocrx_word' id='word_1_264' title='bbox 1036 2706 1117 2732; x_wconf 90' lang='lat' dir='ltr'>om.</span> <span class='ocrx_word' id='word_1_265' title='bbox 1155 2694 1188 2731; x_wconf 91' lang='lat' dir='ltr'>C</span> <span class='ocrx_word' id='word_1_266' title='bbox 1412 2707 1437 2733; x_wconf 87' lang='lat'><em>2</em></span> <span class='ocrx_word' id='word_1_267' title='bbox 1481 2698 1665 2737; x_wconf 84' lang='grc' dir='ltr'>αὐτοῖσιν</span> <span class='ocrx_word' id='word_1_268' title='bbox 1707 2695 1744 2733; x_wconf 91' lang='lat' dir='ltr'><strong>R</strong></span> <span class='ocrx_word' id='word_1_269' title='bbox 1762 2695 1845 2735; x_wconf 89' lang='lat' dir='ltr'>SV</span> 
     </span>
     <span class='ocr_line' id='line_1_31' title="bbox 174 2745 1844 2798; baseline 0.005 -14"><span class='ocrx_word' id='word_1_270' title='bbox 174 2746 203 2784; x_wconf 90' lang='lat'><em>6</em></span> <span class='ocrx_word' id='word_1_271' title='bbox 229 2745 388 2786; x_wconf 83' lang='grc' dir='ltr'>τοιούδέ</span> <span class='ocrx_word' id='word_1_272' title='bbox 407 2745 446 2783; x_wconf 90' lang='lat' dir='ltr'><strong>R</strong></span> <span class='ocrx_word' id='word_1_273' title='bbox 591 2745 732 2786; x_wconf 81' lang='grc' dir='ltr'>τώυτῶ</span> <span class='ocrx_word' id='word_1_274' title='bbox 755 2745 791 2783; x_wconf 87' lang='lat' dir='ltr'><strong>R</strong></span> <span class='ocrx_word' id='word_1_275' title='bbox 814 2760 823 2784; x_wconf 68' lang='grc' dir='ltr'><strong><em>Ξ</em></strong></span> <span class='ocrx_word' id='word_1_276' title='bbox 853 2748 985 2788; x_wconf 82' lang='grc' dir='ltr'>τδῦτῶ</span> <span class='ocrx_word' id='word_1_277' title='bbox 1005 2746 1042 2784; x_wconf 92' lang='lat' dir='ltr'>V</span> <span class='ocrx_word' id='word_1_278' title='bbox 1266 2762 1287 2798; x_wconf 95' lang='lat'>7</span> <span class='ocrx_word' id='word_1_279' title='bbox 1318 2752 1409 2791; x_wconf 71' lang='grc' dir='ltr'>ἴλας</span> <span class='ocrx_word' id='word_1_280' title='bbox 1433 2750 1491 2788; x_wconf 85' lang='lat' dir='ltr'>P:</span> <span class='ocrx_word' id='word_1_281' title='bbox 1522 2752 1621 2791; x_wconf 74' lang='grc' dir='ltr'>ὕλας</span> <span class='ocrx_word' id='word_1_282' title='bbox 1643 2749 1673 2790; x_wconf 90' lang='lat' dir='ltr'>S</span> <span class='ocrx_word' id='word_1_283' title='bbox 1692 2764 1702 2790; x_wconf 81' lang='lat' dir='ltr'>t</span> <span class='ocrx_word' id='word_1_284' title='bbox 1734 2759 1844 2793; x_wconf 86' lang='grc' dir='ltr'>ειλας</span> 
     </span>
     <span class='ocr_line' id='line_1_32' title="bbox 177 2799 1844 2855; baseline 0.005 -17"><span class='ocrx_word' id='word_1_285' title='bbox 177 2799 265 2839; x_wconf 86' lang='lat' dir='ltr'>rell.</span> <span class='ocrx_word' id='word_1_286' title='bbox 396 2815 556 2842; x_wconf 86' lang='grc' dir='ltr'>-σονται</span> <span class='ocrx_word' id='word_1_287' title='bbox 579 2800 619 2838; x_wconf 93' lang='lat' dir='ltr'><strong>R</strong></span> <span class='ocrx_word' id='word_1_288' title='bbox 811 2802 837 2839; x_wconf 88' lang='lat'>8</span> <span class='ocrx_word' id='word_1_289' title='bbox 867 2801 1078 2854; x_wconf 80' lang='grc' dir='ltr'>καταγιάζ.</span> <span class='ocrx_word' id='word_1_290' title='bbox 1107 2803 1145 2840; x_wconf 92' lang='lat' dir='ltr'><strong>R</strong></span> <span class='ocrx_word' id='word_1_291' title='bbox 1162 2803 1191 2842; x_wconf 90' lang='lat' dir='ltr'>S</span> <span class='ocrx_word' id='word_1_292' title='bbox 1206 2805 1242 2842; x_wconf 95' lang='lat' dir='ltr'>V</span> <span class='ocrx_word' id='word_1_293' title='bbox 1440 2817 1488 2854; x_wconf 86' lang='lat'>13</span> <span class='ocrx_word' id='word_1_294' title='bbox 1521 2809 1760 2855; x_wconf 85' lang='grc' dir='ltr'>Μαντιηνῶν</span> <span class='ocrx_word' id='word_1_295' title='bbox 1780 2806 1814 2844; x_wconf 92' lang='lat' dir='ltr'>C</span> <span class='ocrx_word' id='word_1_296' title='bbox 1834 2821 1844 2847; x_wconf 76' lang='grc' dir='ltr'><strong><em>ε</em></strong></span> 
     </span>
    </p>
   </div>
   <div class='ocr_carea' id='block_1_4' title="bbox 175 2853 1844 3135">
    <p class='ocr_par' dir='ltr' id='par_1_4' title="bbox 175 2853 1844 3135">
     <span class='ocr_line' id='line_1_33' title="bbox 177 2853 1842 2915; baseline 0.004 -19"><span class='ocrx_word' id='word_1_297' title='bbox 177 2859 388 2897; x_wconf 79' lang='grc' dir='ltr'>Ματιονῶν</span> <span class='ocrx_word' id='word_1_298' title='bbox 401 2855 431 2894; x_wconf 87' lang='lat' dir='ltr'>S</span> <span class='ocrx_word' id='word_1_299' title='bbox 444 2855 484 2895; x_wconf 94' lang='lat' dir='ltr'>V</span> <span class='ocrx_word' id='word_1_300' title='bbox 499 2854 656 2908; x_wconf 82' lang='grc' dir='ltr'>(Μαντ-</span> <span class='ocrx_word' id='word_1_301' title='bbox 674 2853 752 2908; x_wconf 76' lang='lat' dir='ltr'>V2)</span> <span class='ocrx_word' id='word_1_302' title='bbox 868 2868 917 2905; x_wconf 91' lang='lat'>14</span> <span class='ocrx_word' id='word_1_303' title='bbox 940 2856 1063 2906; x_wconf 83' lang='grc' dir='ltr'>Γύδης</span> <span class='ocrx_word' id='word_1_304' title='bbox 1079 2858 1112 2896; x_wconf 91' lang='lat' dir='ltr'>C</span> <span class='ocrx_word' id='word_1_305' title='bbox 1199 2876 1245 2899; x_wconf 83' lang='grc' dir='ltr'>τε</span> <span class='ocrx_word' id='word_1_306' title='bbox 1262 2872 1340 2899; x_wconf 89' lang='lat' dir='ltr'>om.</span> <span class='ocrx_word' id='word_1_307' title='bbox 1360 2859 1397 2897; x_wconf 91' lang='lat' dir='ltr'><strong>R</strong></span> <span class='ocrx_word' id='word_1_308' title='bbox 1415 2860 1445 2899; x_wconf 89' lang='lat' dir='ltr'>S</span> <span class='ocrx_word' id='word_1_309' title='bbox 1458 2861 1497 2898; x_wconf 92' lang='lat' dir='ltr'>V</span> <span class='ocrx_word' id='word_1_310' title='bbox 1597 2872 1651 2910; x_wconf 90' lang='lat'>·15</span> <span class='ocrx_word' id='word_1_311' title='bbox 1672 2876 1842 2915; x_wconf 83' lang='grc' dir='ltr'>τεσσαρ.</span> 
     </span>
     <span class='ocr_line' id='line_1_34' title="bbox 175 2908 1842 2968; baseline 0.004 -20"><span class='ocrx_word' id='word_1_312' title='bbox 175 2909 210 2948; x_wconf 90' lang='lat' dir='ltr'>C</span> <span class='ocrx_word' id='word_1_313' title='bbox 228 2909 260 2948; x_wconf 91' lang='lat' dir='ltr'>P</span> <span class='ocrx_word' id='word_1_314' title='bbox 274 2909 313 2948; x_wconf 91' lang='lat' dir='ltr'><strong>R</strong></span> <span class='ocrx_word' id='word_1_315' title='bbox 330 2910 360 2950; x_wconf 90' lang='lat' dir='ltr'>S</span> <span class='ocrx_word' id='word_1_316' title='bbox 373 2911 413 2950; x_wconf 93' lang='lat' dir='ltr'>V</span> <span class='ocrx_word' id='word_1_317' title='bbox 527 2912 577 2948; x_wconf 91' lang='lat'>16</span> <span class='ocrx_word' id='word_1_318' title='bbox 605 2927 652 2951; x_wconf 88' lang='grc' dir='ltr'>τε</span> <span class='ocrx_word' id='word_1_319' title='bbox 668 2910 763 2950; x_wconf 86' lang='lat' dir='ltr'>add.</span> <span class='ocrx_word' id='word_1_320' title='bbox 786 2908 843 2948; x_wconf 88' lang='lat' dir='ltr'>R1</span> <span class='ocrx_word' id='word_1_321' title='bbox 962 2925 1007 2961; x_wconf 90' lang='lat'>17</span> <span class='ocrx_word' id='word_1_322' title='bbox 1040 2917 1312 2955; x_wconf 75' lang='grc' dir='ltr'>κατοικεῖσθαι</span> <span class='ocrx_word' id='word_1_323' title='bbox 1335 2914 1368 2953; x_wconf 91' lang='grc' dir='ltr'>Ρ</span> <span class='ocrx_word' id='word_1_324' title='bbox 1384 2915 1422 2953; x_wconf 87' lang='lat' dir='ltr'><strong>R</strong></span> <span class='ocrx_word' id='word_1_325' title='bbox 1440 2915 1469 2954; x_wconf 88' lang='lat' dir='ltr'>S</span> <span class='ocrx_word' id='word_1_326' title='bbox 1483 2916 1521 2954; x_wconf 93' lang='lat' dir='ltr'>V</span> <span class='ocrx_word' id='word_1_327' title='bbox 1597 2917 1726 2968; x_wconf 81' lang='grc' dir='ltr'>ι’χθεῖς</span> <span class='ocrx_word' id='word_1_328' title='bbox 1744 2916 1775 2956; x_wconf 88' lang='lat' dir='ltr'>S</span> <span class='ocrx_word' id='word_1_329' title='bbox 1787 2915 1842 2954; x_wconf 92' lang='lat' dir='ltr'>V1</span> 
     </span>
     <span class='ocr_line' id='line_1_35' title="bbox 179 2964 1844 3017; baseline 0.005 -15"><span class='ocrx_word' id='word_1_330' title='bbox 179 2966 230 3004; x_wconf 89' lang='lat'>18</span> <span class='ocrx_word' id='word_1_331' title='bbox 276 2965 436 3017; x_wconf 83' lang='grc' dir='ltr'>φωκίων</span> <span class='ocrx_word' id='word_1_332' title='bbox 475 2964 506 3005; x_wconf 87' lang='lat' dir='ltr'>S</span> <span class='ocrx_word' id='word_1_333' title='bbox 526 2965 565 3004; x_wconf 94' lang='lat' dir='ltr'>V</span> <span class='ocrx_word' id='word_1_334' title='bbox 744 2978 798 3005; x_wconf 84' lang='lat'>20</span> <span class='ocrx_word' id='word_1_335' title='bbox 845 2969 967 3015; x_wconf 84' lang='grc' dir='ltr'>αυτῆς</span> <span class='ocrx_word' id='word_1_336' title='bbox 1008 2966 1047 3004; x_wconf 89' lang='lat' dir='ltr'><strong>R</strong></span> <span class='ocrx_word' id='word_1_337' title='bbox 1071 2967 1101 3006; x_wconf 91' lang='lat' dir='ltr'>S</span> <span class='ocrx_word' id='word_1_338' title='bbox 1123 2969 1159 3006; x_wconf 95' lang='lat' dir='ltr'>V</span> <span class='ocrx_word' id='word_1_339' title='bbox 1336 2982 1388 3008; x_wconf 85' lang='lat'>22</span> <span class='ocrx_word' id='word_1_340' title='bbox 1431 2974 1567 3012; x_wconf 79' lang='grc' dir='ltr'>πᾶσαν</span> <span class='ocrx_word' id='word_1_341' title='bbox 1605 2971 1639 3011; x_wconf 94' lang='lat' dir='ltr'>C</span> <span class='ocrx_word' id='word_1_342' title='bbox 1656 2971 1689 3010; x_wconf 93' lang='lat' dir='ltr'>P</span> <span class='ocrx_word' id='word_1_343' title='bbox 1704 2971 1743 3010; x_wconf 90' lang='lat' dir='ltr'><strong>R</strong></span> <span class='ocrx_word' id='word_1_344' title='bbox 1761 2971 1844 3011; x_wconf 91' lang='lat' dir='ltr'>SV</span> 
     </span>
     <span class='ocr_line' id='line_1_36' title="bbox 175 3019 1844 3075; baseline 0.003 -15"><span class='ocrx_word' id='word_1_345' title='bbox 175 3019 406 3072; x_wconf 84' lang='grc' dir='ltr'>Ἡρακλέων</span> <span class='ocrx_word' id='word_1_346' title='bbox 437 3021 534 3059; x_wconf 87' lang='lat' dir='ltr'>add.</span> <span class='ocrx_word' id='word_1_347' title='bbox 567 3020 688 3059; x_wconf 86' lang='lat' dir='ltr'>Stein</span> <span class='ocrx_word' id='word_1_348' title='bbox 833 3024 1000 3069; x_wconf 83' lang='grc' dir='ltr'>στηλῶν</span> <span class='ocrx_word' id='word_1_349' title='bbox 1037 3021 1075 3059; x_wconf 92' lang='lat' dir='ltr'><strong>R</strong></span> <span class='ocrx_word' id='word_1_350' title='bbox 1092 3022 1122 3061; x_wconf 92' lang='lat' dir='ltr'>S</span> <span class='ocrx_word' id='word_1_351' title='bbox 1135 3023 1174 3060; x_wconf 96' lang='lat' dir='ltr'>V</span> <span class='ocrx_word' id='word_1_352' title='bbox 1380 3038 1430 3072; x_wconf 89' lang='lat'>24</span> <span class='ocrx_word' id='word_1_353' title='bbox 1473 3024 1549 3075; x_wconf 83' lang='grc' dir='ltr'>μὲν</span> <span class='ocrx_word' id='word_1_354' title='bbox 1581 3038 1663 3067; x_wconf 86' lang='lat' dir='ltr'>om.</span> <span class='ocrx_word' id='word_1_355' title='bbox 1705 3026 1743 3064; x_wconf 90' lang='lat' dir='ltr'><strong>R</strong></span> <span class='ocrx_word' id='word_1_356' title='bbox 1760 3026 1791 3066; x_wconf 91' lang='lat' dir='ltr'>S</span> <span class='ocrx_word' id='word_1_357' title='bbox 1804 3025 1844 3065; x_wconf 95' lang='lat' dir='ltr'>V</span> 
     </span>
     <span class='ocr_line' id='line_1_37' title="bbox 176 3074 1842 3135; baseline 0.003 -20"><span class='ocrx_word' id='word_1_358' title='bbox 176 3086 227 3126; x_wconf 88' lang='lat'>27</span> <span class='ocrx_word' id='word_1_359' title='bbox 257 3074 479 3116; x_wconf 80' lang='grc' dir='ltr'>Καυκάσιος</span> <span class='ocrx_word' id='word_1_360' title='bbox 502 3074 541 3113; x_wconf 89' lang='lat' dir='ltr'><strong>R</strong></span> <span class='ocrx_word' id='word_1_361' title='bbox 558 3075 587 3114; x_wconf 87' lang='lat' dir='ltr'>S</span> <span class='ocrx_word' id='word_1_362' title='bbox 601 3075 639 3113; x_wconf 94' lang='lat' dir='ltr'>V</span> <span class='ocrx_word' id='word_1_363' title='bbox 663 3076 724 3127; x_wconf 82' lang='lat' dir='ltr'><strong>(it.</strong></span> <span class='ocrx_word' id='word_1_364' title='bbox 751 3075 877 3126; x_wconf 83' lang='lat' dir='ltr'>infra)</span> <span class='ocrx_word' id='word_1_365' title='bbox 994 3077 1069 3117; x_wconf 84' lang='grc' dir='ltr'>ἐὼν</span> <span class='ocrx_word' id='word_1_366' title='bbox 1099 3077 1138 3115; x_wconf 92' lang='grc' dir='ltr'><strong>Α</strong></span> <span class='ocrx_word' id='word_1_367' title='bbox 1157 3078 1191 3116; x_wconf 85' lang='grc' dir='ltr'><em>Β</em></span> <span class='ocrx_word' id='word_1_368' title='bbox 1207 3079 1239 3118; x_wconf 92' lang='lat' dir='ltr'>C</span> <span class='ocrx_word' id='word_1_369' title='bbox 1257 3079 1289 3117; x_wconf 90' lang='lat' dir='ltr'>P</span> <span class='ocrx_word' id='word_1_370' title='bbox 1413 3082 1465 3118; x_wconf 81' lang='lat'>28</span> <span class='ocrx_word' id='word_1_371' title='bbox 1494 3081 1684 3135; x_wconf 78' lang='grc' dir='ltr'>μεγεάθεῖ</span> <span class='ocrx_word' id='word_1_372' title='bbox 1705 3081 1741 3119; x_wconf 90' lang='lat' dir='ltr'><strong>R</strong></span> <span class='ocrx_word' id='word_1_373' title='bbox 1760 3081 1790 3121; x_wconf 91' lang='lat' dir='ltr'>S</span> <span class='ocrx_word' id='word_1_374' title='bbox 1803 3080 1842 3120; x_wconf 96' lang='lat' dir='ltr'>V</span> 
     </span>
    </p>
   </div>
  </div>
 </body>
</html>
