2098 3320
0 100 37 150 1.
56 112 160 162 203
822 102 1254 151 ΗΡΟΔΟΤΟΥ

203 232 257 282 δὲ
287 230 560 297 ἀνθρώπων
586 233 754 283 πολλὰ
790 232 868 284 καὶ
898 237 1107 284 παντοῖα
1137 234 1192 284 ἐν
1223 231 1384 302 ἑωυτῷ
1409 232 1514 300 ἔχει
1539 233 1564 283 6
1587 233 1865 294 Καύκασος,

0 331 118 365 uua-
135 337 163 389 3
202 317 263 366 τὰ
292 317 460 367 πολλὰ
490 315 651 367 πάντα
675 315 758 367 ἀπ’
781 317 904 381 ὕλῃς
936 317 1109 383 ἀγρίης
1143 317 1342 380 ζώοντα.
1405 318 1458 367 ἐν
1489 322 1623 368 τοῖσι
1649 319 1726 370 καὶ
1758 318 1866 370 δέν-

128 410 129 414 ’
203 404 320 466 δρεα
351 399 524 466 φύλλα
546 402 749 464 τοιῆσδε
780 396 910 464 ἰδέης
936 402 1252 468 παρεχόμενα
1277 401 1401 452 εῖναι
1423 399 1642 467 λέγεται,
1675 403 1735 452 τᾶ
1764 403 1865 468 τρί-

202 481 389 547 βοντάς
429 504 483 535 τε
529 483 608 534 καὶ
653 485 1063 551 παραμίσγοντας
1093 485 1221 551 ὕδωρ
1269 485 1641 553 ζῷα·ἑωυτοῖσι
1685 486 1734 538 ἐς
1777 485 1867 550 τὴν

202 569 390 631 ἐσθῆτα
422 567 710 635 ἐγγράφειν·
757 571 817 620 τὰ
848 572 900 620 δὲ
935 569 1031 638 ζῷα
1063 568 1149 619 οὐκ
1186 568 1536 626 ἐκπλύνεσθαι,
1570 570 1703 620 ἀλλὰ
1743 590 1862 637 συγ-
1892 596 1913 634 5

203 651 599 718 καταγηράσκειν
623 657 688 722 τῷ
722 651 860 722 ἄλλῳ
886 654 1018 722 εἰρίῳ
1047 651 1168 703 κατά
1200 674 1292 719 περ
1321 652 1658 718 ἐνυφανθέντα
1689 652 1865 722 ἀρχήν.

199 733 359 799 μεῖξιν
401 738 455 788 δὲ
484 736 669 788 τούτων
715 741 813 788 τῶν
845 737 1118 804 ἀνθρώπων
1164 735 1289 788 εῖναι
1335 736 1562 804 ἐμφανέα
1606 737 1729 789 κατά
1773 759 1865 805 περ

199 825 334 872 τοῖσι
373 819 692 886 προβάτοισι.

61 913 164 961 204
284 906 361 955 Τὰ
389 907 481 970 μὲν
512 904 570 969 δὴ
603 904 724 970 πρὸς
756 904 973 971 ἑσπέρην
1004 908 1091 970 τῆς
1124 904 1387 970 θαλάσσης
1423 905 1602 970 ταύτης
1637 908 1723 971 τῆς
1759 909 1890 958 Ka·-

202 988 353 1053 σπίης
385 988 689 1054 καλεομένης
730 990 756 1039 6
794 990 1059 1043 Καύκασος
1095 988 1317 1057 ἀπέργει,
1352 991 1413 1041 τὰ
1449 992 1503 1042 δὲ
1537 989 1659 1057 πρὸς
1701 990 1773 1054 ἠῶ
1809 1011 1864 1042 τε
1891 1015 1941 1045 10

202 1074 280 1124 καὶ
309 1073 455 1137 ἥλιον
485 1072 826 1125 ἀνατέλλοντα
862 1075 1033 1126 πεδίον
1065 1075 1314 1126 ἐκδέκεται
1350 1077 1540 1138 πλῆθος
1578 1073 1781 1141 ἄπειρον
1813 1077 1863 1128 ἐς

199 1156 410 1224 ἄποψιν.
478 1162 564 1209 τοῦ
594 1155 663 1210 ὧν
694 1157 751 1222 δὴ
778 1159 946 1210 πεδίου
978 1155 1195 1223 <soff-ov>
1220 1162 1307 1209 τοῦ
1324 1157 1546 1225 μεγάλου
1578 1158 1663 1209 οὐκ
1687 1160 1859 1226 ἐλαχί-

201 1263 323 1306 στην
346 1246 521 1308 μοῖραν
544 1240 814 1310 μετέχουσι
839 1245 884 1294 οἱ
919 1241 1272 1310 Μασσαγέται,
1299 1241 1376 1294 ἐπ’
1402 1242 1485 1296 οὓς
1509 1243 1534 1292 6
1556 1246 1714 1309 Κῦρος
1737 1242 1862 1310 ἔσχε

131 1348 156 1378 2
199 1327 472 1392 προθυμίην
514 1327 932 1394 στρατεύσασθαι·
989 1325 1157 1378 πολλά
1198 1348 1251 1378 τε
1291 1325 1387 1394 γάρ
1426 1348 1509 1392 μιν
1553 1326 1629 1378 καὶ
1663 1325 1861 1394 μεγάλα
1899 1373 1917 1384 ,

0 1458 204 1508 ΕΜ
231 1494 244 1512 Χ
383 1493 395 1513 Ι
581 1494 592 1513 Ι
784 1494 808 1513 Φ
925 1496 938 1514 9
1060 1495 1073 1515 Ι
1294 1495 1308 1513 Ι
1486 1497 1502 1513 N
1548 1495 1561 1512 ἰ
1635 1494 1648 1512 ἳ
1758 1496 1773 1514 Ι
1837 1495 1850 1513 G

0 1511 251 1551 ute-“Cro
281 1498 471 1546 δοκεειν
494 1501 651 1546 πλεον
681 1516 728 1546 τι
759 1515 885 1546 ειναι
915 1497 1191 1566 ανθρωπου,
1225 1498 1425 1561 δευτερα
1456 1499 1507 1546 δε
1538 1517 1567 1559 η
1601 1516 1797 1563 ευτυχιη
1827 1517 1857 1560 η

199 1580 321 1630 κατὰ
352 1579 463 1632 τοὺς
507 1578 756 1644 πολέμους
796 1578 1054 1646 γενομένη·
1105 1580 1192 1651 ὅκῃ
1231 1582 1326 1646 γὰρ
1366 1578 1553 1630 ἰθύσειε
1594 1579 1854 1646 στρατεύε-

63 1678 164 1728 205
200 1666 319 1714 σθαι
349 1667 524 1730 Κῦρος,
558 1661 817 1731 ἀμήχανον
855 1662 914 1727 ἧν
945 1665 1103 1715 ἐκεῖνο
1146 1663 1201 1715 τὸ
1247 1654 1388 1715 ἔθνος
1433 1666 1710 1730 διαφυγεῖν.
1797 1661 1858 1726 ἧν

197 1750 250 1798 δὲ
273 1751 359 1798 τοῦ
378 1747 554 1814 ἀνδρὸς
575 1748 909 1802 ἀποθανόντος
933 1747 1052 1814 γυνὴ
1075 1752 1173 1798 τῶν
1195 1745 1579 1814 Μασσαγετέων
1597 1748 1855 1812 βασίλεια·

196 1831 412 1898 Τόμυρίς
443 1834 489 1884 οἱ
520 1830 579 1896 ἧν
604 1832 803 1897 οὔνομα.
878 1832 1061 1896 ταύτην
1093 1830 1300 1896 πέμπων
1331 1832 1357 1881 6
1380 1834 1548 1897 ἸΚῦρος
1578 1832 1759 1896 ἐμνᾶτο
1789 1836 1856 1900 τῷ
1884 1854 1934 1882 20

195 1915 348 1984 Λόγῳ,
372 1914 533 1967 θέλων
564 1920 770 1982 γυναῖκα
799 1914 861 1980 ἣν
885 1915 1035 1983 ἔχειν.
1106 1916 1136 1980 ἡ
1168 1918 1221 1967 δὲ
1250 1916 1478 1981 Τόμυρις,
1512 1919 1741 1967 συνιεῖσα
1771 1915 1857 1966 οὐκ

196 1998 348 2064 αὐτήν
387 2021 472 2064 μιν
515 2000 773 2065 μνώμενον
819 2001 952 2051 ἀλλὰ
998 1999 1087 2063 τὴν
1131 1997 1516 2066 Μασσαγετέων
1559 1999 1854 2064 βασιληίην,

133 2105 157 2135 2
196 2083 439 2136 ἀπείπατο
468 2083 559 2148 τὴν
588 2085 856 2150 πρόσοδον.
934 2086 1092 2150 Κῦρος
1123 2085 1175 2135 δὲ
1206 2085 1331 2148 μετὰ
1361 2087 1520 2142 τοῦτο,
1555 2083 1619 2136 ὥς
1649 2085 1695 2135 οἱ
1726 2083 1856 2151 δόλῳ

197 2167 253 2218 οὐ
300 2168 596 2235 προεχώρεε,
660 2167 847 2220 ἐλάσας
893 2167 974 2220 ἐπὶ
1020 2167 1106 2218 τὸν
1152 2164 1365 2233 Ἀράξεα
1410 2165 1631 2218 ἐποιέετο
1675 2168 1728 2217 ἐκ
1772 2170 1858 2218 τοῦ

197 2251 446 2317 ἐμφανέος
498 2253 577 2303 ἐπὶ
629 2251 742 2305 τοὺς
796 2250 1144 2318 Μασσαγέτας
1197 2252 1480 2316 στρατηίην,
1532 2251 1754 2317 γεφύρας
1803 2271 1856 2301 τε
1883 2273 1930 2313 25

201 2335 442 2402 ζευγνύων
467 2335 547 2387 ἐπὶ
570 2339 656 2387 τοῦ
687 2339 909 2400 ποταμοῦ
939 2334 1180 2399 διάβασιν
1211 2338 1276 2403 τῷ
1309 2338 1503 2403 στρατῷ
1535 2335 1613 2385 καὶ
1643 2333 1857 2400 πύργους

200 2419 281 2470 ἐπὶ
328 2420 518 2471 πλοίων
557 2423 654 2471 τῶν
691 2419 1150 2485 διαπορθμευόντων
1185 2417 1272 2469 τὸν
1320 2417 1541 2483 ποταμὸν
1577 2417 1855 2482 οἰκοδομεό-

55 2514 163 2562 206
199 2524 361 2567 μενος.
446 2504 615 2570 ἔχοντι
646 2501 700 2554 δέ
730 2505 776 2554 οἳ
804 2507 978 2553 τοῦτον
1007 2501 1094 2554 τὸν
1124 2502 1279 2553 πόνον
1309 2500 1556 2567 πέμψασα
1586 2501 1615 2565 ἡ
1644 2502 1859 2567 Τόμυρις

257 2653 282 2678 2
312 2640 400 2692 ἀπ’]
425 2643 466 2692 ἐξ
488 2640 526 2678 R
543 2640 625 2678 SV
709 2639 818 2693 ἆρίης
840 2639 932 2678 RV
1044 2651 1065 2688 7
1094 2642 1198 2688 μιξιν
1222 2638 1254 2675 L
1337 2654 1383 2678 τε
1406 2637 1445 2676 R
1462 2637 1543 2676 SV
1636 2637 1858 2690 ἐκφανέαΟ

206 2708 255 2733 Ιο
295 2696 476 2748 ἀπείργει
510 2694 647 2733 ΑΒΡ
815 2706 863 2731 12
907 2694 956 2742 δὴ
989 2693 1038 2733 τὸ
1071 2693 1209 2733 πεδίον
1238 2692 1272 2730 C
1383 2691 1529 2731 ’τούτου
1563 2691 1657 2730 add.
1695 2692 1857 2731 Herold

206 2762 254 2799 13
273 2750 416 2803 μοίρην
433 2750 467 2788 L
578 2749 673 2789 ἔσκε
691 2747 730 2786 R
747 2748 776 2787 S
790 2748 828 2786 V
847 2762 856 2786 :
887 2748 975 2800 ἔχει
991 2747 1025 2786 C
1141 2758 1189 2795 15
1218 2746 1431 2799 ἐπαίροντα
1447 2746 1568 2785 Stein
1684 2748 1733 2784 16
1751 2751 1807 2797 τῷ
1826 2747 1860 2785 Ρ

202 2803 387 2856 δεύτερον
419 2803 605 2843 PRSV
827 2814 874 2853 17
905 2801 1121 2851 πολεμίους
1150 2801 1187 2838 R
1205 2800 1287 2839 SV
1449 2799 1643 2853 γινομένη
1676 2800 1860 2839 PRSV

205 2859 255 2896 18
284 2857 516 2910 διαφυγέειν
538 2858 571 2896 L
761 2870 815 2896 20
843 2855 972 2905 ταύτῃ
995 2855 1035 2894 R
1051 2855 1133 2894 SV
1325 2867 1373 2893 21
1404 2859 1600 2906 γυναῖκαν
1621 2855 1660 2892 R
1788 2854 1858 2906 ἢν]

201 2911 425 3006 ἴξινὸίὶνοὸθῒ
537 2915 706 2954 συνεῖσα
726 2911 765 2949 R
781 2911 811 2950 S
823 2910 862 2949 V
1026 2921 1078 2958 24
1108 2910 1365 2963 προσεχώρεε
1396 2909 1429 2947 Ρ
1444 2909 1482 2946 R
1500 2909 1529 2948 S
1543 2908 1581 2948 V
1690 2907 1860 2963 Ἀράξην

197 1413 258 1462 τὰ
289 1411 580 1477 ἐπαείροντα
610 1411 691 1463 καὶ
721 1411 1054 1477 ἐποτρύνοντα
1096 1409 1170 1475 ἣν,
1212 1415 1405 1477 πρῶτον
1444 1413 1534 1476 μὲν
1575 1411 1604 1475 ἡ
1642 1410 1856 1486 γένεσις,
1887 1433 1947 1477 15-
2015 1411 2028 1421 “
