2098 3320
856 131 1235 180 ΙΣΤΟΡΙΩΝ
1298 132 1337 179 Β

262 262 320 328 δη
355 263 433 316 καὶ
463 261 648 330 ἄεισμα
678 263 784 316 ἕν’
761 284 888 322 εστι,
915 263 1136 322 Λίνος,“
1107 284 1162 316 ος
1191 284 1282 330 περ
1315 262 1369 315 ἔν
1392 282 1446 314 τε
1471 264 1682 334 Φοινίκῃ
1707 263 1927 329 ἀοίδιμός

263 351 374 400 ἐστι
414 348 494 400 καὶ
534 350 590 400 ἐν
630 348 811 418 Κύπρῳ
859 347 938 399 καὶ
983 347 1132 422 ἄλλῃ,
1167 348 1289 398 κατὰ
1313 344 1531 417 μέντοι
1547 346 1693 413 ἔθνεα
1739 346 2098 433 οὔνομαωᾝ

0 441 221 527 hm
262 432 385 501 ἔχει·
432 430 742 500 συμφέρεται
786 434 850 484 δὲ
884 431 1036 485 ὡυτὸς
1081 452 1207 484 ειναι
1257 431 1345 484 τὸν
1391 433 1437 483 οἱ
1473 429 1727 496 “Έλληνες
1771 403 1990 485 Acvov‘*

261 515 586 582 ὀνομάζοντες
609 516 906 575 ἀείδουσι,”’
870 537 1001 568 ωστε
1021 517 1189 567 πολλὰ
1207 518 1300 581 μὲν
1324 515 1402 567 καὶ
1425 514 1560 568 ἄλλα
1579 515 1924 581 ἀποθωμάζειν

214 625 236 665 5
260 622 322 666 με
351 605 448 653 τῶν
471 601 583 668 περὶ
608 602 861 669 Αἴγυπτον
884 601 1082 659 ἐόντων,
1117 602 1170 652 ἐν
1193 602 1245 652 δὲ
1268 599 1326 664 δὴ
1353 601 1431 652 καὶ
1461 599 1548 652 τὸν
1572 602 1725 652 Λίνον
1749 601 1925 653 ὁκόθεν

261 684 454 749 ἔλαβον
477 681 551 751 [τὸ
574 684 792 752 οὗνομα]·
840 675 1106 753 φαίνονται
1129 687 1180 737 δὲ
1204 684 1306 736 αἰεί
1327 705 1438 736 κοτε
1460 688 1637 736 τοῦτον
1656 685 1923 739 ἀείδοντες·

261 769 374 821 ἔστι
404 771 457 821 δὲ
489 770 788 836 Αἰγυπτιστὶ
818 770 845 820 ὁ
877 770 1026 823 Λίνος
1059 769 1358 834 καλεύμενος
1391 772 1647 835 Μανερῶς.
1722 768 1924 836 ἔφασαν

262 850 317 905 δέ
344 874 428 918 μιν
452 854 714 920 Αἰγύπτιοι
736 857 823 905 τοῦ
845 853 1041 920 πρώτου
1063 853 1472 918 βασιλεύσαντος
1499 853 1749 920 Αἰγύπτου
1772 857 1925 906 παῖδα

261 932 568 1004 μουνογενέα
598 935 850 1004 γενέσθαι,
885 938 1200 990 ἀποθανόντα
1237 939 1290 989 δὲ
1320 936 1467 989 αὐτὸν
1503 936 1664 1003 ἄωρον
1695 935 1924 1004 θρήνοισι

1967 136 2029 187 11.
2058 149 2098 201 7!

1963 455 1987 486 2

1964 789 1990 833 3

193 1045 240 1075 10
262 1022 487 1074 τούτοισι
528 1023 622 1074 ὑπὸ
669 1022 952 1089 Αἰγυπτίων
992 1024 1270 1087 τιμηθῆναι,
1316 1021 1394 1072 καὶ
1435 1019 1606 1086 ἀοιδήν
1646 1042 1701 1073 τε
1741 1022 1924 1086 ταύτην
1960 1021 2098 1072 aa..

263 1106 463 1172 πρώτην
504 1106 583 1158 καὶ
621 1106 808 1172 μούνην
849 1106 1003 1173 σφίσι
1037 1102 1289 1172 γενέσθαι.
1370 1102 1711 1172 συμφέρονται
1749 1108 1803 1158 δὲ
1843 1107 1922 1159 καὶ
1961 1106 2029 1155 80

260 1190 376 1242 τόδε
412 1188 542 1241 ἄλλο
582 1190 846 1257 Αἰγύπτιοι
884 1187 1149 1254 Ἑλλήνων
1191 1190 1423 1255 μούνοισι
1466 1189 1919 1255 Λακεδαιμονίοισι·

260 1276 307 1326 οἱ
365 1274 595 1340 νεώτεροι
648 1274 808 1326 αὐτῶν
865 1277 998 1325 τοῖσι
1050 1270 1444 1339 πρεσβυτέροισι
1496 1272 1925 1341 συντυγχάνοντες

259 1359 448 1410 εἴκουσι
497 1360 586 1423 τῆς
637 1358 752 1410 ὁδοῦ
800 1358 880 1409 καὶ
924 1356 1253 1424 ἐκτράπονται
1305 1358 1383 1409 καὶ
1429 1359 1624 1409 ἐπιοῦσι
1677 1356 1735 1422 ἐξ
1781 1357 1926 1424 ἕδρης

187 1460 232 1502 ¹5
257 1439 632 1494 ὑπανιστέαται.
694 1442 807 1494 τόδε
828 1439 1148 1508 μέντοιᾶλλο
1166 1439 1430 1505 Ἑλλήνων
1447 1439 1986 1509 οὐδαμοῖσισυμφέ2-

257 1546 442 1593 ρονται·
490 1527 599 1578 ἀντὶ
643 1531 730 1578 τοῦ
774 1526 1164 1627 προσαγορεύειν
1209 1523 1463 1627 ἀλλήλους
1504 1527 1558 1577 ἐν
1601 1546 1719 1598 τησι
1761 1527 1923 1578 ὁδοισι

258 1608 623 1676 προσκυνέουσι
683 1607 932 1664 κατιέντες
988 1607 1136 1678 μέχρι
1193 1613 1279 1661 τοῦ
1329 1609 1569 1676 γούνατος
1620 1631 1711 1674 την
1762 1614 1922 1678 χεῖρα.

259 1695 548 1746 ἐνδεδύκασι
579 1697 632 1747 δὲ
668 1698 877 1748 κιθῶνας
907 1691 1116 1747 λινέους
1136 1693 1246 1759 περὶ
1276 1696 1337 1745 τὰ
1369 1691 1557 1745 σκέλεα
1588 1694 1918 1750 θυσανωτούς.

256 1778 370 1832 τοὺς
414 1777 654 1831 καλέουσι
695 1780 974 1846 καλασίρις·
1043 1779 1124 1830 ἐπὶ
1163 1778 1386 1829 τούτοισι
1430 1780 1483 1829 δὲ
1522 1778 1702 1845 εἰρίνεα
1747 1778 1921 1843 εἵματα

1962 1700 2017 1747 81

185 1882 234 1911 20
255 1865 408 1915 λευκὰ
460 1862 816 1967 ἐπανᾳχξληδὸν
870 1860 1130 1930 φορέουσι.
1199 1861 1280 1912 ὀὐ
1323 1859 1493 1926 μέντοι
1539 1861 1589 1915 ἔς
1634 1883 1691 1929 γε
1734 1863 1796 1913 τὰ
1841 1863 1920 1928 ἱρὰ
1944 1871 2098 1915 ww

259 1944 530 2014 ἐσφέρεται
555 1949 738 2015 εἰρίνεα
767 1947 878 1999 οὐδε
905 1945 1372 2014 συγκαταθάπτεταί
1400 1952 1513 2013 σφι·
1559 1945 1615 1996 οὐ
1639 1967 1734 2012 γαρ
1758 1947 1917 1997 ὅσιον.

257 2029 591 2098 ὁμολογέουσι
635 2033 688 2083 δε
732 2036 888 2083 ταῦτα
932 2027 1796 2097 τοῖσι-ᾨρφικοῖω-κᾳλεομένοισι
1841 2030 1921 2082 καὶ

0 2119 569 2184 πάιΜΒακχικοῖσι,
604 2117 745 2167 ἐοῦσι
781 2118 834 2167 δε
867 2115 1184 2182 Αἰγυπτίοισι
1218 2114 1296 2165 καὶ
1328 2114 1733 2217 Πυθαγορείοισι.
1809 2113 1921 2166 οὐδὲ

0 2184 205 2243 “¹5⁸⁶‘'
255 2200 352 2266 γὰρ
381 2200 570 2252 τούτων
599 2204 699 2251 τῶν
734 2200 915 2266 ὀργίων
946 2195 1226 2266 μετέχοντα
1262 2198 1406 2249 ὅσιόν
1439 2199 1548 2248 ἐστι
1579 2199 1632 2249 ἐν
1664 2195 1922 2264 εἰρινέοισι

185 2299 231 2340 25
257 2283 428 2348 εἵμασι
458 2286 725 2351 θαφθῆναι.
801 2283 911 2335 ἔστι
937 2286 989 2335 δὲ
1014 2282 1124 2349 περὶ
1148 2281 1309 2333 αὐτῶν
1334 2283 1434 2349 ἱρὸς
1458 2282 1610 2348 λόγος
1632 2283 1919 2348 λεγόμενος.

342 2368 439 2420 Καὶ
483 2367 600 2420 τάδε
643 2366 779 2419 ἄλλα
824 2367 1148 2434 Αἰγυπτίοισί
1190 2367 1300 2417 ἐστι
1349 2363 1663 2431 ἐξευρημένα,
1710 2368 1818 2431 μείς
1868 2388 1921 2418 τε

258 2451 336 2503 καὶ
377 2450 531 2518 ἡμέρη
574 2450 760 2517 ἑκάστη
804 2454 929 2504 θεῶν
976 2452 1088 2503 ὅτευ
1128 2451 1253 2508 ἐστί,
1298 2449 1377 2500 καὶ
1418 2451 1478 2520 τῇ
1511 2450 1722 2504 ἕκαστος
1766 2449 1922 2521 ἡμέρῃ

314 2603 332 2628 1
365 2589 410 2631 ἕν
430 2593 519 2632 ἐστι
538 2589 789 2640 wesseling
808 2604 816 2629 ε
848 2587 1048 2639 ἔνεστιζν)
1072 2589 1105 2626 L
1216 2587 1332 2628 Λίνος
1354 2600 1436 2625 om.
1460 2587 1499 2624 R
1516 2587 1546 2627 S
1562 2588 1601 2626 V
1711 2590 1763 2636 τῆ
1788 2587 1826 2625 R
1840 2569 1872 2627 'S
1887 2588 1925 2626 V

256 2659 283 2695 4
313 2644 608 2697 ἀποθωυμάζειν
639 2646 673 2684 L
870 2655 894 2693 5
926 2643 969 2684 ἓν
999 2643 1037 2680 Λ
1056 2643 1091 2681 Β
1259 2644 1286 2680 6
1315 2643 1363 2682 τὸ
1393 2644 1542 2691 οὔνομα
1571 2641 1653 2681 del.
1675 2641 1925 2691 Wesseling

256 2700 319 2741 ἀεί
340 2700 374 2739 L
577 2712 598 2749 7
631 2703 652 2741 ὃ
671 2713 753 2739 om.
781 2700 814 2738 P
830 2698 869 2737 R
886 2700 915 2738 S
930 2699 968 2738 V
1110 2696 1297 2750 Μάνερως
1320 2694 1367 2734 P¹
1387 2695 1446 2733 R⁰
1460 2700 1521 2747 (Ι)
1543 2710 1552 2735 :
1582 2697 1764 2749 Μάνερος
1787 2697 1826 2734 R
1843 2697 1872 2736 S
1888 2697 1924 2735 V

256 2755 283 2793 8
311 2754 542 2807 Αἰγυπτίων
560 2758 682 2796 παῖδα
703 2754 736 2801 Β
752 2754 791 2791 R
807 2754 837 2793 S
851 2754 890 2792 V
1043 2765 1070 2802 9
1101 2753 1251 2804 ἄνωρον
1269 2750 1310 2788 Α
1324 2750 1358 2788 Β
1374 2750 1408 2789 C
1426 2750 1458 2788 P
1601 2763 1651 2790 10
1678 2769 1727 2804 γε
1751 2751 1925 2801 Lhardy

224 2831 226 2835 ·
257 2809 383 2859 αὐτὴν
415 2810 479 2850 καὶ
514 2808 664 2858 μούνην
699 2809 737 2847 R
754 2809 834 2848 SV
1087 2819 1135 2856 15
1175 2807 1280 2848 ἄλλο
1315 2804 1558 2855 Stephanus
1577 2820 1586 2845 :
1625 2807 1856 2857 ἄλλοισι(ν>
1891 2807 1925 2845 L

256 2866 442 2914 οὐδαμοῖς
465 2863 556 2903 RV
737 2876 786 2913 19
815 2864 881 2904 οὓς
904 2863 936 2901 L
1089 2874 1143 2900 20
1172 2863 1216 2902 δε
1239 2860 1268 2898 S
1283 2859 1321 2899 V
1468 2872 1521 2898 22
1552 2860 1768 2913 ὁμολογέει
1789 2860 1826 2899 R
1844 2861 1925 2900 SV

257 2930 310 2967 23
339 2925 469 2971 Βακχ.
487 2949 496 2959 .
515 2949 524 2959 .
541 2920 633 2971 Azy.
652 2931 734 3004 omo.
752 2918 792 2956 A
808 2918 842 2956 B
857 2918 891 2957 C
1031 2915 1374 2969 Πυθαγορίοισι(ν>
1397 2914 1436 2954 Α
1451 2913 1484 2954 Β
1502 2913 1534 2954 Ρ
1550 2914 1588 2953 R
1604 2914 1633 2954 S
1650 2914 1684 2953 V
1808 2929 1859 2965 24
1883 2919 1922 2957 ἐν

257 3027 338 3054 om.
365 3015 405 3055 R
571 3027 625 3066 25
655 3018 827 3070 θαφῆναι
850 3015 907 3056 C:
939 3015 1115 3066 ταφῆναι
1140 3012 1177 3050 R
1195 3014 1224 3053 S
1240 3012 1277 3052 V
1688 3075 1737 3113 11

1104 3091 1107 3095 ›
1743 3077 1764 3098 3

1965 2045 2098 2082 206--

1997 2090 2098 2130 cete

1961 2368 2026 2416 82
