<?xml version="1.0" encoding="UTF-8"?>
<!DOCTYPE html PUBLIC "-//W3C//DTD XHTML 1.0 Transitional//EN"
    "http://www.w3.org/TR/xhtml1/DTD/xhtml1-transitional.dtd">
<html xmlns="http://www.w3.org/1999/xhtml" xml:lang="en" lang="en">
 <head>
  <title>
</title>
<meta http-equiv="Content-Type" content="text/html;charset=utf-8" />
  <meta name='ocr-system' content='tesseract 3.04.00' />
  <meta name='ocr-capabilities' content='ocr_page ocr_carea ocr_par ocr_line ocrx_word'/>
</head>
<body>
  <div class='ocr_page' id='page_1' title='image "./herodotihistoria01herouoft_0415.png"; bbox 0 0 2098 3320; ppageno 0'>
   <div class='ocr_carea' id='block_1_1' title="bbox 0 0 1786 338">
    <p class='ocr_par' dir='ltr' id='par_1_1' title="bbox 0 0 1786 338">
     <span class='ocr_line' id='line_1_1' title="bbox 0 0 1201 311; baseline 0.003 -131"><span class='ocrx_word' id='word_1_1' title='bbox 0 0 54 311; x_wconf 67' lang='grc' dir='ltr'><strong>ῑ</strong></span> <span class='ocrx_word' id='word_1_2' title='bbox 351 181 365 194; x_wconf 60' lang='lat'>„,</span> <span class='ocrx_word' id='word_1_3' title='bbox 563 201 567 203; x_wconf 13' lang='grc' dir='ltr'><em>Π</em></span> <span class='ocrx_word' id='word_1_4' title='bbox 686 118 1091 184; x_wconf 52' lang='lat' dir='ltr'>smmum</span> <span class='ocrx_word' id='word_1_5' title='bbox 1157 139 1201 184; x_wconf 81' lang='grc' dir='ltr'>Δ</span> 
     </span>
     <span class='ocr_line' id='line_1_2' title="bbox 19 215 838 265; baseline 0.002 -39"><span class='ocrx_word' id='word_1_6' title='bbox 19 222 24 226; x_wconf 87' lang='grc'>.</span> <span class='ocrx_word' id='word_1_7' title='bbox 105 237 123 248; x_wconf 52' lang='grc'><em>·</em></span> <span class='ocrx_word' id='word_1_8' title='bbox 261 215 376 265; x_wconf 36' lang='grc' dir='ltr'>*ὦ*</span> <span class='ocrx_word' id='word_1_9' title='bbox 834 248 838 253; x_wconf 23' lang='lat'><strong>⁴</strong></span> 
     </span>
     <span class='ocr_line' id='line_1_3' title="bbox 65 238 1786 338; baseline 0.001 -16"><span class='ocrx_word' id='word_1_10' title='bbox 65 238 480 337; x_wconf 37' lang='grc' dir='ltr'>ιΜέἕεὶρῖασμένος</span> <span class='ocrx_word' id='word_1_11' title='bbox 519 269 680 319; x_wconf 82' lang='grc' dir='ltr'>ἑωυτῶ</span> <span class='ocrx_word' id='word_1_12' title='bbox 724 268 888 327; x_wconf 75' lang='grc' dir='ltr'>κακόν,</span> <span class='ocrx_word' id='word_1_13' title='bbox 926 269 954 333; x_wconf 88' lang='grc' dir='ltr'>ἡ</span> <span class='ocrx_word' id='word_1_14' title='bbox 993 272 1045 321; x_wconf 80' lang='grc' dir='ltr'>δὲ</span> <span class='ocrx_word' id='word_1_15' title='bbox 1088 268 1194 338; x_wconf 79' lang='grc' dir='ltr'>εἶχε</span> <span class='ocrx_word' id='word_1_16' title='bbox 1231 268 1351 333; x_wconf 80' lang='grc' dir='ltr'>αὐτὴ</span> <span class='ocrx_word' id='word_1_17' title='bbox 1394 274 1480 322; x_wconf 89' lang='grc' dir='ltr'>τοῦ</span> <span class='ocrx_word' id='word_1_18' title='bbox 1516 271 1690 326; x_wconf 86' lang='grc' dir='ltr'>παιδὸς</span> <span class='ocrx_word' id='word_1_19' title='bbox 1725 275 1786 324; x_wconf 78' lang='grc' dir='ltr'>τὰ</span> 
     </span>
    </p>
   </div>
   <div class='ocr_carea' id='block_1_2' title="bbox 0 312 14 357">
    <p class='ocr_par' dir='ltr' id='par_1_2' title="bbox 0 312 14 357">
     <span class='ocr_line' id='line_1_4' title="bbox 0 312 14 357; baseline 0.429 -5"><span class='ocrx_word' id='word_1_20' title='bbox 0 312 14 357; x_wconf 37' lang='grc' dir='ltr'>Γ.</span> 
     </span>
    </p>
   </div>
   <div class='ocr_carea' id='block_1_3' title="bbox 114 349 1786 590">
    <p class='ocr_par' dir='ltr' id='par_1_3' title="bbox 114 349 1786 590">
     <span class='ocr_line' id='line_1_5' title="bbox 114 349 1780 428; baseline 0.002 -23"><span class='ocrx_word' id='word_1_21' title='bbox 114 352 263 422; x_wconf 87' lang='grc' dir='ltr'>γέρεα</span> <span class='ocrx_word' id='word_1_22' title='bbox 304 353 359 405; x_wconf 93' lang='grc' dir='ltr'>ἐν</span> <span class='ocrx_word' id='word_1_23' title='bbox 396 349 597 423; x_wconf 81' lang='grc' dir='ltr'>Κυρήνῃ</span> <span class='ocrx_word' id='word_1_24' title='bbox 635 351 713 403; x_wconf 80' lang='grc' dir='ltr'>καὶ</span> <span class='ocrx_word' id='word_1_25' title='bbox 748 352 913 403; x_wconf 82' lang='grc' dir='ltr'>τᾶλλα</span> <span class='ocrx_word' id='word_1_26' title='bbox 950 352 1192 419; x_wconf 81' lang='grc' dir='ltr'>νεμομένη</span> <span class='ocrx_word' id='word_1_27' title='bbox 1234 355 1311 405; x_wconf 91' lang='grc' dir='ltr'>καὶ</span> <span class='ocrx_word' id='word_1_28' title='bbox 1349 356 1401 405; x_wconf 87' lang='grc' dir='ltr'>ἐν</span> <span class='ocrx_word' id='word_1_29' title='bbox 1438 360 1603 428; x_wconf 80' lang='grc' dir='ltr'>βουλῇ</span> <span class='ocrx_word' id='word_1_30' title='bbox 1639 359 1780 423; x_wconf 91' lang='grc' dir='ltr'>παρί-</span> 
     </span>
     <span class='ocr_line' id='line_1_6' title="bbox 117 436 1786 509; baseline 0.002 -20"><span class='ocrx_word' id='word_1_31' title='bbox 117 438 284 502; x_wconf 79' lang='grc' dir='ltr'>ζουσα.</span> <span class='ocrx_word' id='word_1_32' title='bbox 374 436 537 490; x_wconf 83' lang='grc' dir='ltr'>ἐπείτε</span> <span class='ocrx_word' id='word_1_33' title='bbox 578 438 631 487; x_wconf 84' lang='grc' dir='ltr'>δὲ</span> <span class='ocrx_word' id='word_1_34' title='bbox 673 436 826 501; x_wconf 86' lang='grc' dir='ltr'>ἔμαθε</span> <span class='ocrx_word' id='word_1_35' title='bbox 865 438 919 488; x_wconf 92' lang='grc' dir='ltr'>ἐν</span> <span class='ocrx_word' id='word_1_36' title='bbox 954 445 1014 509; x_wconf 77' lang='grc' dir='ltr'>τῇ</span> <span class='ocrx_word' id='word_1_37' title='bbox 1051 437 1215 509; x_wconf 86' lang='grc' dir='ltr'>Βάρκῃ</span> <span class='ocrx_word' id='word_1_38' title='bbox 1258 440 1575 491; x_wconf 67' lang='grc' dir='ltr'>ἀποθανόντα</span> <span class='ocrx_word' id='word_1_39' title='bbox 1616 443 1662 492; x_wconf 80' lang='grc' dir='ltr'>οἱ</span> <span class='ocrx_word' id='word_1_40' title='bbox 1698 441 1786 492; x_wconf 86' lang='grc' dir='ltr'>τὸν</span> 
     </span>
     <span class='ocr_line' id='line_1_7' title="bbox 114 521 1786 590; baseline 0.001 -16"><span class='ocrx_word' id='word_1_41' title='bbox 114 525 283 581; x_wconf 79' lang='grc' dir='ltr'>παῖδα,</span> <span class='ocrx_word' id='word_1_42' title='bbox 310 522 572 589; x_wconf 89' lang='grc' dir='ltr'>φεύγουσα</span> <span class='ocrx_word' id='word_1_43' title='bbox 603 521 813 588; x_wconf 83' lang='grc' dir='ltr'>οἰχώκεε</span> <span class='ocrx_word' id='word_1_44' title='bbox 845 523 895 574; x_wconf 91' lang='grc' dir='ltr'>ἐς</span> <span class='ocrx_word' id='word_1_45' title='bbox 920 523 1187 588; x_wconf 85' lang='grc' dir='ltr'>Αἴγυπτον.</span> <span class='ocrx_word' id='word_1_46' title='bbox 1254 522 1386 587; x_wconf 78' lang='grc' dir='ltr'>ἦσαν</span> <span class='ocrx_word' id='word_1_47' title='bbox 1418 524 1512 590; x_wconf 90' lang='grc' dir='ltr'>γάρ</span> <span class='ocrx_word' id='word_1_48' title='bbox 1536 527 1581 576; x_wconf 85' lang='grc' dir='ltr'>οἱ</span> <span class='ocrx_word' id='word_1_49' title='bbox 1614 527 1668 576; x_wconf 86' lang='grc' dir='ltr'>ἐκ</span> <span class='ocrx_word' id='word_1_50' title='bbox 1698 530 1786 577; x_wconf 94' lang='grc' dir='ltr'>τοῦ</span> 
     </span>
    </p>
   </div>
   <div class='ocr_carea' id='block_1_4' title="bbox 0 604 1784 687">
    <p class='ocr_par' dir='ltr' id='par_1_4' title="bbox 0 604 1784 687">
     <span class='ocr_line' id='line_1_8' title="bbox 0 604 1784 687; baseline 0.002 -29"><span class='ocrx_word' id='word_1_51' title='bbox 0 667 2 670; x_wconf 11' lang='lat' dir='ltr'>y</span> <span class='ocrx_word' id='word_1_52' title='bbox 69 626 91 668; x_wconf 85' lang='lat'><strong>5</strong></span> <span class='ocrx_word' id='word_1_53' title='bbox 114 606 421 687; x_wconf 62' lang='grc' dir='ltr'>Ἀρκεσίλεω</span> <span class='ocrx_word' id='word_1_54' title='bbox 445 604 726 672; x_wconf 82' lang='grc' dir='ltr'>εὐεργεσίαι</span> <span class='ocrx_word' id='word_1_55' title='bbox 756 606 807 659; x_wconf 90' lang='grc' dir='ltr'>ἐς</span> <span class='ocrx_word' id='word_1_56' title='bbox 833 606 1116 671; x_wconf 87' lang='grc' dir='ltr'>Καμβύσεα</span> <span class='ocrx_word' id='word_1_57' title='bbox 1143 606 1230 658; x_wconf 88' lang='grc' dir='ltr'>τὸν</span> <span class='ocrx_word' id='word_1_58' title='bbox 1256 607 1416 675; x_wconf 85' lang='grc' dir='ltr'>Κύρου</span> <span class='ocrx_word' id='word_1_59' title='bbox 1439 608 1784 675; x_wconf 85' lang='grc' dir='ltr'>πεποιημέναι·</span> 
     </span>
    </p>
   </div>
   <div class='ocr_carea' id='block_1_5' title="bbox 44 688 1788 1097">
    <p class='ocr_par' dir='ltr' id='par_1_5' title="bbox 44 688 1788 1097">
     <span class='ocr_line' id='line_1_9' title="bbox 114 688 1787 765; baseline 0.002 -22"><span class='ocrx_word' id='word_1_60' title='bbox 114 691 257 744; x_wconf 82' lang='grc' dir='ltr'>οὗτος</span> <span class='ocrx_word' id='word_1_61' title='bbox 296 692 392 758; x_wconf 82' lang='grc' dir='ltr'>γὰρ</span> <span class='ocrx_word' id='word_1_62' title='bbox 432 688 493 755; x_wconf 82' lang='grc' dir='ltr'>ἣν</span> <span class='ocrx_word' id='word_1_63' title='bbox 534 690 560 741; x_wconf 98' lang='lat'><em>6</em></span> <span class='ocrx_word' id='word_1_64' title='bbox 600 688 939 757; x_wconf 78' lang='grc' dir='ltr'>Ἀρκεσίλεως</span> <span class='ocrx_word' id='word_1_65' title='bbox 978 689 1034 744; x_wconf 85' lang='grc' dir='ltr'>ὃς</span> <span class='ocrx_word' id='word_1_66' title='bbox 1076 689 1302 757; x_wconf 87' lang='grc' dir='ltr'>Κυρήνην</span> <span class='ocrx_word' id='word_1_67' title='bbox 1340 692 1593 765; x_wconf 86' lang='grc' dir='ltr'>Καμβύσῃ</span> <span class='ocrx_word' id='word_1_68' title='bbox 1635 694 1787 746; x_wconf 86' lang='grc' dir='ltr'>ἔδωκε</span> 
     </span>
     <span class='ocr_line' id='line_1_10' title="bbox 117 773 1786 845; baseline 0.001 -16"><span class='ocrx_word' id='word_1_69' title='bbox 117 775 195 829; x_wconf 86' lang='grc' dir='ltr'>καὶ</span> <span class='ocrx_word' id='word_1_70' title='bbox 227 775 387 843; x_wconf 89' lang='grc' dir='ltr'>φόρον</span> <span class='ocrx_word' id='word_1_71' title='bbox 418 773 640 840; x_wconf 82' lang='grc' dir='ltr'>ἐτάξατο.</span> <span class='ocrx_word' id='word_1_72' title='bbox 723 773 998 841; x_wconf 87' lang='grc' dir='ltr'>ἀπικομένη</span> <span class='ocrx_word' id='word_1_73' title='bbox 1031 778 1083 827; x_wconf 77' lang='grc' dir='ltr'>δὲ</span> <span class='ocrx_word' id='word_1_74' title='bbox 1116 777 1166 829; x_wconf 91' lang='grc' dir='ltr'>ἐς</span> <span class='ocrx_word' id='word_1_75' title='bbox 1198 778 1450 842; x_wconf 83' lang='grc' dir='ltr'>Αἴγυπτον</span> <span class='ocrx_word' id='word_1_76' title='bbox 1480 777 1510 841; x_wconf 90' lang='grc' dir='ltr'>ἡ</span> <span class='ocrx_word' id='word_1_77' title='bbox 1541 779 1786 845; x_wconf 88' lang='grc' dir='ltr'>Φερετίμη</span> 
     </span>
     <span class='ocr_line' id='line_1_11' title="bbox 114 858 1787 933; baseline 0.001 -21"><span class='ocrx_word' id='word_1_78' title='bbox 114 858 393 927; x_wconf 86' lang='grc' dir='ltr'>Ἀρυάνδεω</span> <span class='ocrx_word' id='word_1_79' title='bbox 416 858 565 913; x_wconf 83' lang='grc' dir='ltr'>ἱκέτις</span> <span class='ocrx_word' id='word_1_80' title='bbox 584 858 736 923; x_wconf 79' lang='grc' dir='ltr'>ἕζετο,</span> <span class='ocrx_word' id='word_1_81' title='bbox 759 862 1038 927; x_wconf 88' lang='grc' dir='ltr'>τιμωρῆσαι</span> <span class='ocrx_word' id='word_1_82' title='bbox 1060 862 1217 933; x_wconf 81' lang='grc' dir='ltr'>ἑωυτῇ</span> <span class='ocrx_word' id='word_1_83' title='bbox 1238 861 1527 922; x_wconf 90' lang='grc' dir='ltr'>κελεύουσα,</span> <span class='ocrx_word' id='word_1_84' title='bbox 1545 870 1787 930; x_wconf 86' lang='grc' dir='ltr'>προϊσχο-</span> 
     </span>
     <span class='ocr_line' id='line_1_12' title="bbox 115 943 1788 1012; baseline 0 -15"><span class='ocrx_word' id='word_1_85' title='bbox 115 943 238 1011; x_wconf 88' lang='grc' dir='ltr'>μένη</span> <span class='ocrx_word' id='word_1_86' title='bbox 263 944 523 1012; x_wconf 91' lang='grc' dir='ltr'>πρόφασιν</span> <span class='ocrx_word' id='word_1_87' title='bbox 548 943 612 996; x_wconf 81' lang='grc' dir='ltr'>ὣς</span> <span class='ocrx_word' id='word_1_88' title='bbox 634 945 717 995; x_wconf 76' lang='grc' dir='ltr'>διὰ</span> <span class='ocrx_word' id='word_1_89' title='bbox 738 943 827 995; x_wconf 89' lang='grc' dir='ltr'>τὸν</span> <span class='ocrx_word' id='word_1_90' title='bbox 849 947 1100 1010; x_wconf 85' lang='grc' dir='ltr'>μηδισμὸν</span> <span class='ocrx_word' id='word_1_91' title='bbox 1124 945 1151 995; x_wconf 90' lang='grc' dir='ltr'>ὁ</span> <span class='ocrx_word' id='word_1_92' title='bbox 1174 947 1289 997; x_wconf 84' lang='grc' dir='ltr'>παῖς</span> <span class='ocrx_word' id='word_1_93' title='bbox 1314 947 1359 996; x_wconf 80' lang='grc' dir='ltr'>οἱ</span> <span class='ocrx_word' id='word_1_94' title='bbox 1383 945 1603 1010; x_wconf 86' lang='grc' dir='ltr'>τέθνηκε.</span> <span class='ocrx_word' id='word_1_95' title='bbox 1679 947 1706 996; x_wconf 93' lang='lat'><em>6</em></span> <span class='ocrx_word' id='word_1_96' title='bbox 1736 949 1788 997; x_wconf 79' lang='grc' dir='ltr'>δὲ</span> 
     </span>
     <span class='ocr_line' id='line_1_13' title="bbox 44 1027 1788 1097; baseline 0 -16"><span class='ocrx_word' id='word_1_97' title='bbox 44 1047 94 1077; x_wconf 83' lang='lat'>¹0</span> <span class='ocrx_word' id='word_1_98' title='bbox 117 1027 392 1097; x_wconf 82' lang='grc' dir='ltr'>Ἀρυάνδης</span> <span class='ocrx_word' id='word_1_99' title='bbox 424 1027 485 1093; x_wconf 82' lang='grc' dir='ltr'>ἦν</span> <span class='ocrx_word' id='word_1_100' title='bbox 522 1027 664 1081; x_wconf 84' lang='grc' dir='ltr'>οὗτος</span> <span class='ocrx_word' id='word_1_101' title='bbox 698 1030 787 1093; x_wconf 82' lang='grc' dir='ltr'>τῆς</span> <span class='ocrx_word' id='word_1_102' title='bbox 823 1028 1079 1096; x_wconf 82' lang='grc' dir='ltr'>Αἰγύπτου</span> <span class='ocrx_word' id='word_1_103' title='bbox 1115 1029 1338 1096; x_wconf 84' lang='grc' dir='ltr'>ὕπαρχος</span> <span class='ocrx_word' id='word_1_104' title='bbox 1373 1030 1467 1082; x_wconf 86' lang='grc' dir='ltr'>ὑπὸ</span> <span class='ocrx_word' id='word_1_105' title='bbox 1499 1030 1788 1096; x_wconf 86' lang='grc' dir='ltr'>Καμβύσεω</span> 
     </span>
    </p>
   </div>
   <div class='ocr_carea' id='block_1_6' title="bbox 1822 141 2036 205">
    <p class='ocr_par' dir='ltr' id='par_1_6' title="bbox 1822 141 2036 205">
     <span class='ocr_line' id='line_1_14' title="bbox 1822 141 2036 205; baseline 0.009 -16"><span class='ocrx_word' id='word_1_106' title='bbox 1822 141 1906 191; x_wconf 86' lang='lat' dir='ltr'>IV.</span> <span class='ocrx_word' id='word_1_107' title='bbox 1943 145 2036 205; x_wconf 85' lang='lat'>165</span> 
     </span>
    </p>
   </div>
   <div class='ocr_carea' id='block_1_7' title="bbox 1820 466 1844 496">
    <p class='ocr_par' dir='ltr' id='par_1_7' title="bbox 1820 466 1844 496">
     <span class='ocr_line' id='line_1_15' title="bbox 1820 466 1844 496; baseline 0 0"><span class='ocrx_word' id='word_1_108' title='bbox 1820 466 1844 496; x_wconf 91' lang='lat'><strong>2</strong></span> 
     </span>
    </p>
   </div>
   <div class='ocr_carea' id='block_1_8' title="bbox 1822 803 1846 846">
    <p class='ocr_par' dir='ltr' id='par_1_8' title="bbox 1822 803 1846 846">
     <span class='ocr_line' id='line_1_16' title="bbox 1822 803 1846 846; baseline 0 0"><span class='ocrx_word' id='word_1_109' title='bbox 1822 803 1846 846; x_wconf 91' lang='lat'>3</span> 
     </span>
    </p>
   </div>
   <div class='ocr_carea' id='block_1_9' title="bbox 1827 950 1923 998">
    <p class='ocr_par' dir='ltr' id='par_1_9' title="bbox 1827 950 1923 998">
     <span class='ocr_line' id='line_1_17' title="bbox 1827 950 1923 998; baseline 0.01 -1"><span class='ocrx_word' id='word_1_110' title='bbox 1827 950 1923 998; x_wconf 79' lang='lat'>166</span> 
     </span>
    </p>
   </div>
   <div class='ocr_carea' id='block_1_10' title="bbox 116 1111 2098 1267">
    <p class='ocr_par' dir='ltr' id='par_1_10' title="bbox 116 1106 2098 1267">
     <span class='ocr_line' id='line_1_18' title="bbox 119 1111 2098 1184; baseline -0.002 -18"><span class='ocrx_word' id='word_1_111' title='bbox 119 1112 411 1173; x_wconf 82' lang='grc' dir='ltr'>κατεστεώς,</span> <span class='ocrx_word' id='word_1_112' title='bbox 450 1111 504 1167; x_wconf 83' lang='grc' dir='ltr'>ὃς</span> <span class='ocrx_word' id='word_1_113' title='bbox 539 1112 732 1182; x_wconf 78' lang='grc' dir='ltr'>ὑστέρῳ</span> <span class='ocrx_word' id='word_1_114' title='bbox 768 1114 932 1183; x_wconf 81' lang='grc' dir='ltr'>χρόνῳ</span> <span class='ocrx_word' id='word_1_115' title='bbox 971 1113 1157 1164; x_wconf 92' lang='grc' dir='ltr'>τούτων</span> <span class='ocrx_word' id='word_1_116' title='bbox 1195 1114 1555 1179; x_wconf 64' lang='grc' dir='ltr'>παρισούμενος</span> <span class='ocrx_word' id='word_1_117' title='bbox 1593 1116 1788 1184; x_wconf 80' lang='grc' dir='ltr'>Δαρείῳ</span> <span class='ocrx_word' id='word_1_118' title='bbox 1806 1121 2098 1183; x_wconf 53' lang='lat' dir='ltr'>soba-‚ham</span> 
     </span>
     <span class='ocr_line' id='line_1_19' title="bbox 116 1169 2098 1267; baseline -0.001 -16"><span class='ocrx_word' id='word_1_119' title='bbox 116 1197 378 1267; x_wconf 84' lang='grc' dir='ltr'>διεφθάρη.</span> <span class='ocrx_word' id='word_1_120' title='bbox 465 1197 741 1262; x_wconf 89' lang='grc' dir='ltr'>πυθόμενος</span> <span class='ocrx_word' id='word_1_121' title='bbox 783 1199 878 1264; x_wconf 79' lang='grc' dir='ltr'>γὰρ</span> <span class='ocrx_word' id='word_1_122' title='bbox 922 1197 1000 1249; x_wconf 88' lang='grc' dir='ltr'>καὶ</span> <span class='ocrx_word' id='word_1_123' title='bbox 1045 1199 1161 1249; x_wconf 85' lang='grc' dir='ltr'>ἰδὼν</span> <span class='ocrx_word' id='word_1_124' title='bbox 1206 1202 1421 1264; x_wconf 85' lang='grc' dir='ltr'>Δαρεῖον</span> <span class='ocrx_word' id='word_1_125' title='bbox 1467 1197 1790 1263; x_wconf 84' lang='grc' dir='ltr'>ἐπιθυμέοντα</span> <span class='ocrx_word' id='word_1_126' title='bbox 1825 1169 2098 1236; x_wconf 50' lang='lat' dir='ltr'>„pag-m(</span> 
     </span>
    </p>
   </div>
   <div class='ocr_carea' id='block_1_11' title="bbox 47 1281 1791 1772">
    <p class='ocr_par' dir='ltr' id='par_1_11' title="bbox 47 1281 1791 1772">
     <span class='ocr_line' id='line_1_20' title="bbox 64 1281 1789 1351; baseline -0.001 -16"><span class='ocrx_word' id='word_1_127' title='bbox 64 1304 68 1307; x_wconf 69' lang='grc'><em>’</em></span> <span class='ocrx_word' id='word_1_128' title='bbox 117 1282 438 1350; x_wconf 90' lang='grc' dir='ltr'>μνημόσυνον</span> <span class='ocrx_word' id='word_1_129' title='bbox 463 1285 648 1334; x_wconf 79' lang='grc' dir='ltr'>ἑωυτοῦ</span> <span class='ocrx_word' id='word_1_130' title='bbox 675 1281 917 1334; x_wconf 89' lang='grc' dir='ltr'>λιπέσθαι</span> <span class='ocrx_word' id='word_1_131' title='bbox 949 1286 1092 1333; x_wconf 93' lang='grc' dir='ltr'>τοῦτο</span> <span class='ocrx_word' id='word_1_132' title='bbox 1123 1282 1181 1333; x_wconf 87' lang='grc' dir='ltr'>τὸ</span> <span class='ocrx_word' id='word_1_133' title='bbox 1209 1281 1276 1346; x_wconf 76' lang='grc' dir='ltr'>μὴ</span> <span class='ocrx_word' id='word_1_134' title='bbox 1302 1281 1441 1351; x_wconf 82' lang='grc' dir='ltr'>ἄλλῳ</span> <span class='ocrx_word' id='word_1_135' title='bbox 1475 1284 1547 1347; x_wconf 82' lang='grc' dir='ltr'>εἴη</span> <span class='ocrx_word' id='word_1_136' title='bbox 1579 1282 1789 1348; x_wconf 83' lang='grc' dir='ltr'>βασιλέϊ</span> 
     </span>
     <span class='ocr_line' id='line_1_21' title="bbox 121 1365 1786 1434; baseline 0 -14"><span class='ocrx_word' id='word_1_137' title='bbox 121 1365 539 1434; x_wconf 85' lang='grc' dir='ltr'>κατεργασμένον,</span> <span class='ocrx_word' id='word_1_138' title='bbox 580 1365 810 1433; x_wconf 89' lang='grc' dir='ltr'>ἐμιμέετο</span> <span class='ocrx_word' id='word_1_139' title='bbox 852 1371 1042 1425; x_wconf 93' lang='grc' dir='ltr'>τοῦτον,</span> <span class='ocrx_word' id='word_1_140' title='bbox 1084 1367 1134 1420; x_wconf 91' lang='grc' dir='ltr'>ἐς</span> <span class='ocrx_word' id='word_1_141' title='bbox 1171 1366 1228 1417; x_wconf 83' lang='grc' dir='ltr'>οῦ</span> <span class='ocrx_word' id='word_1_142' title='bbox 1269 1366 1428 1432; x_wconf 87' lang='grc' dir='ltr'>ἔλαβε</span> <span class='ocrx_word' id='word_1_143' title='bbox 1465 1366 1551 1419; x_wconf 90' lang='grc' dir='ltr'>τὸν</span> <span class='ocrx_word' id='word_1_144' title='bbox 1590 1369 1786 1432; x_wconf 88' lang='grc' dir='ltr'>μισθόν.</span> 
     </span>
     <span class='ocr_line' id='line_1_22' title="bbox 47 1449 1790 1519; baseline -0.001 -15"><span class='ocrx_word' id='word_1_145' title='bbox 47 1467 94 1511; x_wconf 88' lang='lat'>15</span> <span class='ocrx_word' id='word_1_146' title='bbox 122 1455 334 1519; x_wconf 76' lang='grc' dir='ltr'>Δαρεῖος</span> <span class='ocrx_word' id='word_1_147' title='bbox 379 1453 472 1517; x_wconf 79' lang='grc' dir='ltr'>μὲν</span> <span class='ocrx_word' id='word_1_148' title='bbox 515 1452 615 1518; x_wconf 78' lang='grc' dir='ltr'>γὰρ</span> <span class='ocrx_word' id='word_1_149' title='bbox 657 1452 871 1519; x_wconf 88' lang='grc' dir='ltr'>χρυσίον</span> <span class='ocrx_word' id='word_1_150' title='bbox 921 1451 1266 1517; x_wconf 84' lang='grc' dir='ltr'>καθαρώτατον</span> <span class='ocrx_word' id='word_1_151' title='bbox 1317 1449 1589 1518; x_wconf 48' lang='grc' dir='ltr'>ἀπεψήσας</span> <span class='ocrx_word' id='word_1_152' title='bbox 1638 1453 1688 1504; x_wconf 88' lang='grc' dir='ltr'>ἐς</span> <span class='ocrx_word' id='word_1_153' title='bbox 1733 1451 1790 1502; x_wconf 87' lang='grc' dir='ltr'>τὸ</span> 
     </span>
     <span class='ocr_line' id='line_1_23' title="bbox 119 1534 1787 1603; baseline -0.002 -14"><span class='ocrx_word' id='word_1_154' title='bbox 119 1536 464 1589; x_wconf 88' lang='grc' dir='ltr'>δυνατώτατον</span> <span class='ocrx_word' id='word_1_155' title='bbox 510 1535 732 1601; x_wconf 91' lang='grc' dir='ltr'>νόμισμα</span> <span class='ocrx_word' id='word_1_156' title='bbox 776 1536 1016 1603; x_wconf 81' lang='grc' dir='ltr'>ἐκόψατο,</span> <span class='ocrx_word' id='word_1_157' title='bbox 1067 1534 1342 1603; x_wconf 85' lang='grc' dir='ltr'>Ἀρυάνδης</span> <span class='ocrx_word' id='word_1_158' title='bbox 1389 1537 1441 1586; x_wconf 80' lang='grc' dir='ltr'>δὲ</span> <span class='ocrx_word' id='word_1_159' title='bbox 1488 1534 1656 1603; x_wconf 83' lang='grc' dir='ltr'>ἄρχων</span> <span class='ocrx_word' id='word_1_160' title='bbox 1702 1537 1787 1586; x_wconf 86' lang='grc' dir='ltr'>Αἷ-</span> 
     </span>
     <span class='ocr_line' id='line_1_24' title="bbox 121 1619 1791 1688; baseline -0.001 -16"><span class='ocrx_word' id='word_1_161' title='bbox 121 1619 308 1688; x_wconf 89' lang='grc' dir='ltr'>γύπτου</span> <span class='ocrx_word' id='word_1_162' title='bbox 339 1619 573 1688; x_wconf 86' lang='grc' dir='ltr'>ἀργύριον</span> <span class='ocrx_word' id='word_1_163' title='bbox 603 1619 760 1672; x_wconf 85' lang='grc' dir='ltr'>τώυτὸ</span> <span class='ocrx_word' id='word_1_164' title='bbox 790 1624 932 1672; x_wconf 89' lang='grc' dir='ltr'>τοῦτο</span> <span class='ocrx_word' id='word_1_165' title='bbox 965 1619 1144 1672; x_wconf 89' lang='grc' dir='ltr'>ἐποίεε·</span> <span class='ocrx_word' id='word_1_166' title='bbox 1194 1619 1272 1671; x_wconf 84' lang='grc' dir='ltr'>καὶ</span> <span class='ocrx_word' id='word_1_167' title='bbox 1303 1623 1388 1671; x_wconf 91' lang='grc' dir='ltr'>νῦν</span> <span class='ocrx_word' id='word_1_168' title='bbox 1420 1620 1528 1671; x_wconf 88' lang='grc' dir='ltr'>ἐστὶ</span> <span class='ocrx_word' id='word_1_169' title='bbox 1560 1620 1791 1687; x_wconf 89' lang='grc' dir='ltr'>ἀργύριον</span> 
     </span>
     <span class='ocr_line' id='line_1_25' title="bbox 121 1704 1791 1772; baseline -0.002 -16"><span class='ocrx_word' id='word_1_170' title='bbox 121 1704 468 1772; x_wconf 88' lang='grc' dir='ltr'>καθαρώτατον</span> <span class='ocrx_word' id='word_1_171' title='bbox 498 1708 555 1756; x_wconf 86' lang='grc' dir='ltr'>τὸ</span> <span class='ocrx_word' id='word_1_172' title='bbox 587 1704 924 1772; x_wconf 86' lang='grc' dir='ltr'>Ἀρυανδικόν.</span> <span class='ocrx_word' id='word_1_173' title='bbox 997 1705 1167 1770; x_wconf 86' lang='grc' dir='ltr'>μαθὼν</span> <span class='ocrx_word' id='word_1_174' title='bbox 1200 1704 1254 1755; x_wconf 89' lang='grc' dir='ltr'>δέ</span> <span class='ocrx_word' id='word_1_175' title='bbox 1282 1725 1365 1769; x_wconf 93' lang='grc' dir='ltr'>μιν</span> <span class='ocrx_word' id='word_1_176' title='bbox 1399 1708 1611 1771; x_wconf 85' lang='grc' dir='ltr'>Δαρεῖος</span> <span class='ocrx_word' id='word_1_177' title='bbox 1639 1708 1791 1755; x_wconf 89' lang='grc' dir='ltr'>ταῦτα</span> 
     </span>
    </p>
   </div>
   <div class='ocr_carea' id='block_1_12' title="bbox 121 1788 2098 1862">
    <p class='ocr_par' dir='ltr' id='par_1_12' title="bbox 121 1788 2098 1862">
     <span class='ocr_line' id='line_1_26' title="bbox 121 1788 2098 1862; baseline -0.001 -20"><span class='ocrx_word' id='word_1_178' title='bbox 121 1789 367 1849; x_wconf 80' lang='grc' dir='ltr'>ποιεῦντα,</span> <span class='ocrx_word' id='word_1_179' title='bbox 417 1788 580 1853; x_wconf 82' lang='grc' dir='ltr'>αἰτίην</span> <span class='ocrx_word' id='word_1_180' title='bbox 629 1791 675 1841; x_wconf 79' lang='grc' dir='ltr'>οἱ</span> <span class='ocrx_word' id='word_1_181' title='bbox 720 1788 885 1854; x_wconf 86' lang='grc' dir='ltr'>ἄλλην</span> <span class='ocrx_word' id='word_1_182' title='bbox 936 1789 1192 1842; x_wconf 88' lang='grc' dir='ltr'>ἐπενείκας</span> <span class='ocrx_word' id='word_1_183' title='bbox 1238 1788 1304 1842; x_wconf 86' lang='grc' dir='ltr'>ὥς</span> <span class='ocrx_word' id='word_1_184' title='bbox 1352 1791 1398 1839; x_wconf 85' lang='grc' dir='ltr'>οῖ</span> <span class='ocrx_word' id='word_1_185' title='bbox 1452 1789 1788 1858; x_wconf 81' lang='grc' dir='ltr'>ἐπανίσταιτο,</span> <span class='ocrx_word' id='word_1_186' title='bbox 1815 1790 2098 1862; x_wconf 50' lang='lat' dir='ltr'>¹1⁶&amp;de</span> 
     </span>
    </p>
   </div>
   <div class='ocr_carea' id='block_1_13' title="bbox 49 1871 1793 2450">
    <p class='ocr_par' dir='ltr' id='par_1_13' title="bbox 49 1871 1793 2281">
     <span class='ocr_line' id='line_1_27' title="bbox 49 1871 1787 1940; baseline -0.003 -11"><span class='ocrx_word' id='word_1_187' title='bbox 49 1897 100 1930; x_wconf 82' lang='lat'>20</span> <span class='ocrx_word' id='word_1_188' title='bbox 121 1871 395 1926; x_wconf 88' lang='grc' dir='ltr'>ἀπέκτεινε.</span> <span class='ocrx_word' id='word_1_189' title='bbox 482 1874 598 1926; x_wconf 91' lang='grc' dir='ltr'>τότε</span> <span class='ocrx_word' id='word_1_190' title='bbox 638 1875 693 1925; x_wconf 75' lang='grc' dir='ltr'>δὲ</span> <span class='ocrx_word' id='word_1_191' title='bbox 732 1873 874 1927; x_wconf 77' lang='grc' dir='ltr'>οὗτος</span> <span class='ocrx_word' id='word_1_192' title='bbox 916 1874 942 1924; x_wconf 93' lang='lat'><em>6</em></span> <span class='ocrx_word' id='word_1_193' title='bbox 980 1872 1251 1940; x_wconf 83' lang='grc' dir='ltr'>Ἀρυάνδης</span> <span class='ocrx_word' id='word_1_194' title='bbox 1293 1873 1598 1939; x_wconf 90' lang='grc' dir='ltr'>κατοικτίρας</span> <span class='ocrx_word' id='word_1_195' title='bbox 1635 1877 1787 1938; x_wconf 87' lang='grc' dir='ltr'>Φερε-</span> 
     </span>
     <span class='ocr_line' id='line_1_28' title="bbox 119 1954 1793 2031; baseline -0.002 -20"><span class='ocrx_word' id='word_1_196' title='bbox 119 1959 268 2024; x_wconf 89' lang='grc' dir='ltr'>τίμην</span> <span class='ocrx_word' id='word_1_197' title='bbox 297 1961 426 2011; x_wconf 82' lang='grc' dir='ltr'>διδοῖ</span> <span class='ocrx_word' id='word_1_198' title='bbox 458 1958 582 2031; x_wconf 83' lang='grc' dir='ltr'>αὐτῇ</span> <span class='ocrx_word' id='word_1_199' title='bbox 611 1957 827 2025; x_wconf 85' lang='grc' dir='ltr'>στρατὸν</span> <span class='ocrx_word' id='word_1_200' title='bbox 860 1957 946 2010; x_wconf 87' lang='grc' dir='ltr'>τὸν</span> <span class='ocrx_word' id='word_1_201' title='bbox 979 1954 1039 2021; x_wconf 80' lang='grc' dir='ltr'>ἐξ</span> <span class='ocrx_word' id='word_1_202' title='bbox 1065 1957 1317 2024; x_wconf 85' lang='grc' dir='ltr'>Αἰγύπτου</span> <span class='ocrx_word' id='word_1_203' title='bbox 1353 1956 1562 2014; x_wconf 84' lang='grc' dir='ltr'>ἅπαντα,</span> <span class='ocrx_word' id='word_1_204' title='bbox 1597 1957 1676 2008; x_wconf 90' lang='grc' dir='ltr'>καὶ</span> <span class='ocrx_word' id='word_1_205' title='bbox 1707 1956 1793 2008; x_wconf 88' lang='grc' dir='ltr'>τὸν</span> 
     </span>
     <span class='ocr_line' id='line_1_29' title="bbox 121 2039 1793 2110; baseline -0.002 -15"><span class='ocrx_word' id='word_1_206' title='bbox 121 2042 272 2107; x_wconf 78' lang='grc' dir='ltr'>πεζὸν.</span> <span class='ocrx_word' id='word_1_207' title='bbox 296 2042 377 2095; x_wconf 88' lang='grc' dir='ltr'>καὶ</span> <span class='ocrx_word' id='word_1_208' title='bbox 398 2042 485 2095; x_wconf 91' lang='grc' dir='ltr'>τὸν</span> <span class='ocrx_word' id='word_1_209' title='bbox 508 2042 754 2099; x_wconf 87' lang='grc' dir='ltr'>ναυτικόν·</span> <span class='ocrx_word' id='word_1_210' title='bbox 802 2041 1083 2110; x_wconf 87' lang='grc' dir='ltr'>στρατηγὸν</span> <span class='ocrx_word' id='word_1_211' title='bbox 1106 2043 1161 2093; x_wconf 78' lang='grc' dir='ltr'>δὲ</span> <span class='ocrx_word' id='word_1_212' title='bbox 1183 2045 1268 2093; x_wconf 91' lang='grc' dir='ltr'>τοῦ</span> <span class='ocrx_word' id='word_1_213' title='bbox 1296 2043 1387 2106; x_wconf 77' lang='grc' dir='ltr'>μὲν</span> <span class='ocrx_word' id='word_1_214' title='bbox 1411 2041 1557 2104; x_wconf 79' lang='grc' dir='ltr'>πεζοῦ</span> <span class='ocrx_word' id='word_1_215' title='bbox 1572 2039 1793 2106; x_wconf 76' lang='grc' dir='ltr'>Ἀμασιν</span> 
     </span>
     <span class='ocr_line' id='line_1_30' title="bbox 121 2123 1793 2196; baseline -0.002 -18"><span class='ocrx_word' id='word_1_216' title='bbox 121 2123 330 2191; x_wconf 78' lang='grc' dir='ltr'>ἀπέδεξε</span> <span class='ocrx_word' id='word_1_217' title='bbox 372 2126 527 2196; x_wconf 80' lang='grc' dir='ltr'>ἄνδρα</span> <span class='ocrx_word' id='word_1_218' title='bbox 570 2127 859 2195; x_wconf 88' lang='grc' dir='ltr'>Μαράφιον,</span> <span class='ocrx_word' id='word_1_219' title='bbox 908 2132 995 2180; x_wconf 91' lang='grc' dir='ltr'>τοῦ</span> <span class='ocrx_word' id='word_1_220' title='bbox 1037 2129 1091 2179; x_wconf 86' lang='grc' dir='ltr'>δὲ</span> <span class='ocrx_word' id='word_1_221' title='bbox 1135 2130 1363 2179; x_wconf 89' lang='grc' dir='ltr'>ναυτικοῦ</span> <span class='ocrx_word' id='word_1_222' title='bbox 1405 2124 1601 2191; x_wconf 88' lang='grc' dir='ltr'>Βάδρην</span> <span class='ocrx_word' id='word_1_223' title='bbox 1648 2125 1793 2176; x_wconf 89' lang='grc' dir='ltr'>ἐόντα</span> 
     </span>
     <span class='ocr_line' id='line_1_31' title="bbox 123 2206 1789 2281; baseline -0.002 -19"><span class='ocrx_word' id='word_1_224' title='bbox 123 2211 466 2281; x_wconf 89' lang='grc' dir='ltr'>Πασαργάδην</span> <span class='ocrx_word' id='word_1_225' title='bbox 503 2211 664 2281; x_wconf 89' lang='grc' dir='ltr'>γένος.</span> <span class='ocrx_word' id='word_1_226' title='bbox 752 2214 869 2280; x_wconf 91' lang='grc' dir='ltr'>πρὶν</span> <span class='ocrx_word' id='word_1_227' title='bbox 906 2214 960 2265; x_wconf 81' lang='grc' dir='ltr'>δὲ</span> <span class='ocrx_word' id='word_1_228' title='bbox 1003 2206 1035 2275; x_wconf 83' lang='grc' dir='ltr'>ἢ</span> <span class='ocrx_word' id='word_1_229' title='bbox 1072 2211 1372 2263; x_wconf 82' lang='grc' dir='ltr'>ἀποστεῖλαι</span> <span class='ocrx_word' id='word_1_230' title='bbox 1406 2209 1497 2273; x_wconf 79' lang='grc' dir='ltr'>τὴν</span> <span class='ocrx_word' id='word_1_231' title='bbox 1535 2207 1789 2276; x_wconf 86' lang='grc' dir='ltr'>στρατιήν,</span> 
     </span>
    </p>

    <p class='ocr_par' dir='ltr' id='par_1_14' title="bbox 49 2291 1792 2450">
     <span class='ocr_line' id='line_1_32' title="bbox 49 2291 1792 2366; baseline -0.002 -16"><span class='ocrx_word' id='word_1_232' title='bbox 49 2318 97 2361; x_wconf 80' lang='lat'>25</span> <span class='ocrx_word' id='word_1_233' title='bbox 122 2297 150 2346; x_wconf 92' lang='lat'><em>6</em></span> <span class='ocrx_word' id='word_1_234' title='bbox 179 2295 450 2363; x_wconf 90' lang='grc' dir='ltr'>Ἀρυάνδης</span> <span class='ocrx_word' id='word_1_235' title='bbox 486 2296 693 2366; x_wconf 80' lang='grc' dir='ltr'>πέμψας</span> <span class='ocrx_word' id='word_1_236' title='bbox 733 2298 784 2351; x_wconf 89' lang='grc' dir='ltr'>ἐς</span> <span class='ocrx_word' id='word_1_237' title='bbox 813 2296 904 2362; x_wconf 77' lang='grc' dir='ltr'>τὴν</span> <span class='ocrx_word' id='word_1_238' title='bbox 937 2295 1134 2365; x_wconf 89' lang='grc' dir='ltr'>Βάρκην</span> <span class='ocrx_word' id='word_1_239' title='bbox 1167 2293 1348 2362; x_wconf 90' lang='grc' dir='ltr'>κήρυκα</span> <span class='ocrx_word' id='word_1_240' title='bbox 1382 2291 1683 2345; x_wconf 90' lang='grc' dir='ltr'>ἐπυνθάνετο</span> <span class='ocrx_word' id='word_1_241' title='bbox 1718 2294 1792 2346; x_wconf 90' lang='grc' dir='ltr'>τίς</span> 
     </span>
     <span class='ocr_line' id='line_1_33' title="bbox 124 2375 1791 2450; baseline -0.003 -18"><span class='ocrx_word' id='word_1_242' title='bbox 124 2383 198 2445; x_wconf 87' lang='grc' dir='ltr'>ειή</span> <span class='ocrx_word' id='word_1_243' title='bbox 231 2381 258 2431; x_wconf 92' lang='lat'><em>6</em></span> <span class='ocrx_word' id='word_1_244' title='bbox 280 2380 620 2450; x_wconf 84' lang='grc' dir='ltr'>Ἀρκεσίλεων</span> <span class='ocrx_word' id='word_1_245' title='bbox 648 2383 959 2435; x_wconf 89' lang='grc' dir='ltr'>ἀποκτείνας.</span> <span class='ocrx_word' id='word_1_246' title='bbox 1035 2383 1081 2432; x_wconf 80' lang='grc' dir='ltr'>οἱ</span> <span class='ocrx_word' id='word_1_247' title='bbox 1111 2382 1165 2432; x_wconf 82' lang='grc' dir='ltr'>δὲ</span> <span class='ocrx_word' id='word_1_248' title='bbox 1190 2382 1424 2446; x_wconf 83' lang='grc' dir='ltr'>Βαρκαῖοι</span> <span class='ocrx_word' id='word_1_249' title='bbox 1455 2377 1592 2429; x_wconf 86' lang='grc' dir='ltr'>αὐτοὶ</span> <span class='ocrx_word' id='word_1_250' title='bbox 1621 2375 1791 2428; x_wconf 84' lang='grc' dir='ltr'>ὑπεδέ-</span> 
     </span>
    </p>
   </div>
   <div class='ocr_carea' id='block_1_14' title="bbox 124 2513 1790 3062">
    <p class='ocr_par' dir='ltr' id='par_1_15' title="bbox 124 2513 1790 3062">
     <span class='ocr_line' id='line_1_34' title="bbox 182 2513 1790 2575; baseline -0.004 -15"><span class='ocrx_word' id='word_1_251' title='bbox 182 2533 200 2560; x_wconf 92' lang='lat'>1</span> <span class='ocrx_word' id='word_1_252' title='bbox 234 2522 365 2575; x_wconf 79' lang='grc' dir='ltr'>ἐξαργ.</span> <span class='ocrx_word' id='word_1_253' title='bbox 391 2519 431 2558; x_wconf 88' lang='lat' dir='ltr'>R</span> <span class='ocrx_word' id='word_1_254' title='bbox 445 2519 483 2558; x_wconf 96' lang='lat' dir='ltr'>V</span> <span class='ocrx_word' id='word_1_255' title='bbox 610 2519 682 2567; x_wconf 79' lang='grc' dir='ltr'>ἥδε</span> <span class='ocrx_word' id='word_1_256' title='bbox 706 2518 800 2558; x_wconf 90' lang='lat' dir='ltr'>RV</span> <span class='ocrx_word' id='word_1_257' title='bbox 991 2530 1016 2555; x_wconf 86' lang='lat'><em>2</em></span> <span class='ocrx_word' id='word_1_258' title='bbox 1044 2519 1096 2558; x_wconf 81' lang='grc' dir='ltr'>τὰ</span> <span class='ocrx_word' id='word_1_259' title='bbox 1117 2518 1227 2558; x_wconf 80' lang='grc' dir='ltr'>ἄλλα</span> <span class='ocrx_word' id='word_1_260' title='bbox 1249 2515 1287 2553; x_wconf 90' lang='lat' dir='ltr'><strong>R</strong></span> <span class='ocrx_word' id='word_1_261' title='bbox 1301 2515 1341 2553; x_wconf 94' lang='lat' dir='ltr'>V</span> <span class='ocrx_word' id='word_1_262' title='bbox 1532 2526 1557 2563; x_wconf 88' lang='grc'>3</span> <span class='ocrx_word' id='word_1_263' title='bbox 1589 2513 1733 2562; x_wconf 82' lang='grc' dir='ltr'>ἔμαθον</span> <span class='ocrx_word' id='word_1_264' title='bbox 1751 2514 1790 2552; x_wconf 94' lang='lat' dir='ltr'>V</span> 
     </span>
     <span class='ocr_line' id='line_1_35' title="bbox 125 2567 1786 2627; baseline -0.005 -10"><span class='ocrx_word' id='word_1_265' title='bbox 125 2587 148 2624; x_wconf 84' lang='lat'>7</span> <span class='ocrx_word' id='word_1_266' title='bbox 180 2577 220 2616; x_wconf 81' lang='grc' dir='ltr'>ἐς</span> <span class='ocrx_word' id='word_1_267' title='bbox 239 2575 316 2624; x_wconf 76' lang='grc' dir='ltr'>τὴν</span> <span class='ocrx_word' id='word_1_268' title='bbox 335 2573 374 2613; x_wconf 94' lang='grc' dir='ltr'>Α</span> <span class='ocrx_word' id='word_1_269' title='bbox 389 2574 424 2612; x_wconf 88' lang='grc' dir='ltr'>Β</span> <span class='ocrx_word' id='word_1_270' title='bbox 439 2574 474 2614; x_wconf 91' lang='lat' dir='ltr'>C</span> <span class='ocrx_word' id='word_1_271' title='bbox 609 2575 636 2612; x_wconf 90' lang='lat'>8</span> <span class='ocrx_word' id='word_1_272' title='bbox 665 2573 877 2627; x_wconf 85' lang='grc' dir='ltr'>Ἀριάνδεω</span> <span class='ocrx_word' id='word_1_273' title='bbox 901 2572 931 2612; x_wconf 91' lang='lat' dir='ltr'>S</span> <span class='ocrx_word' id='word_1_274' title='bbox 944 2572 981 2611; x_wconf 94' lang='lat' dir='ltr'>V</span> <span class='ocrx_word' id='word_1_275' title='bbox 995 2571 1052 2609; x_wconf 51' lang='lat' dir='ltr'>RQ</span> <span class='ocrx_word' id='word_1_276' title='bbox 1163 2569 1273 2621; x_wconf 74' lang='grc' dir='ltr'>ἵζετο</span> <span class='ocrx_word' id='word_1_277' title='bbox 1296 2569 1329 2607; x_wconf 91' lang='grc' dir='ltr'>Ρ</span> <span class='ocrx_word' id='word_1_278' title='bbox 1344 2569 1382 2607; x_wconf 88' lang='lat' dir='ltr'><strong>R</strong></span> <span class='ocrx_word' id='word_1_279' title='bbox 1398 2569 1427 2607; x_wconf 88' lang='lat' dir='ltr'>S</span> <span class='ocrx_word' id='word_1_280' title='bbox 1439 2568 1478 2606; x_wconf 95' lang='lat' dir='ltr'>V</span> <span class='ocrx_word' id='word_1_281' title='bbox 1612 2580 1661 2606; x_wconf 89' lang='lat'>10</span> <span class='ocrx_word' id='word_1_282' title='bbox 1691 2567 1786 2620; x_wconf 88' lang='grc' dir='ltr'>Ἀρι.</span> 
     </span>
     <span class='ocr_line' id='line_1_36' title="bbox 127 2622 1789 2682; baseline -0.004 -14"><span class='ocrx_word' id='word_1_283' title='bbox 127 2629 167 2668; x_wconf 88' lang='lat' dir='ltr'>R</span> <span class='ocrx_word' id='word_1_284' title='bbox 182 2629 214 2670; x_wconf 86' lang='lat' dir='ltr'>S</span> <span class='ocrx_word' id='word_1_285' title='bbox 225 2629 264 2668; x_wconf 93' lang='lat' dir='ltr'>V</span> <span class='ocrx_word' id='word_1_286' title='bbox 413 2641 430 2667; x_wconf 92' lang='lat'>1</span> <span class='ocrx_word' id='word_1_287' title='bbox 441 2641 458 2667; x_wconf 89' lang='grc' dir='ltr'>Ι</span> <span class='ocrx_word' id='word_1_288' title='bbox 490 2627 778 2682; x_wconf 80' lang='grc' dir='ltr'>παρισεύμενος</span> <span class='ocrx_word' id='word_1_289' title='bbox 801 2628 840 2666; x_wconf 87' lang='lat' dir='ltr'><strong>R</strong></span> <span class='ocrx_word' id='word_1_290' title='bbox 856 2628 885 2666; x_wconf 80' lang='lat' dir='ltr'>S</span> <span class='ocrx_word' id='word_1_291' title='bbox 899 2628 937 2666; x_wconf 92' lang='lat' dir='ltr'>V</span> <span class='ocrx_word' id='word_1_292' title='bbox 1090 2637 1138 2674; x_wconf 86' lang='lat'>13</span> <span class='ocrx_word' id='word_1_293' title='bbox 1169 2627 1303 2676; x_wconf 78' lang='grc' dir='ltr'>ἑωυτῷ</span> <span class='ocrx_word' id='word_1_294' title='bbox 1324 2623 1362 2661; x_wconf 89' lang='grc' dir='ltr'><strong>Α</strong></span> <span class='ocrx_word' id='word_1_295' title='bbox 1379 2624 1411 2661; x_wconf 90' lang='grc' dir='ltr'>Β</span> <span class='ocrx_word' id='word_1_296' title='bbox 1427 2623 1460 2661; x_wconf 89' lang='lat' dir='ltr'>C</span> <span class='ocrx_word' id='word_1_297' title='bbox 1476 2622 1508 2661; x_wconf 81' lang='lat' dir='ltr'>E</span> <span class='ocrx_word' id='word_1_298' title='bbox 1523 2622 1557 2660; x_wconf 88' lang='lat' dir='ltr'>P</span> <span class='ocrx_word' id='word_1_299' title='bbox 1665 2625 1789 2662; x_wconf 80' lang='grc' dir='ltr'>τοῦτο</span> 
     </span>
     <span class='ocr_line' id='line_1_37' title="bbox 125 2675 1789 2736; baseline -0.005 -12"><span class='ocrx_word' id='word_1_300' title='bbox 125 2696 207 2724; x_wconf 88' lang='lat' dir='ltr'>om.</span> <span class='ocrx_word' id='word_1_301' title='bbox 228 2684 263 2724; x_wconf 86' lang='lat' dir='ltr'>E</span> <span class='ocrx_word' id='word_1_302' title='bbox 282 2684 383 2732; x_wconf 87' lang='lat' dir='ltr'>(non</span> <span class='ocrx_word' id='word_1_303' title='bbox 403 2683 460 2736; x_wconf 90' lang='lat' dir='ltr'>R)</span> <span class='ocrx_word' id='word_1_304' title='bbox 576 2685 636 2732; x_wconf 75' lang='grc' dir='ltr'>εἴη</span> <span class='ocrx_word' id='word_1_305' title='bbox 656 2688 755 2733; x_wconf 89' lang='lat' dir='ltr'>post</span> <span class='ocrx_word' id='word_1_306' title='bbox 775 2687 872 2731; x_wconf 89' lang='grc' dir='ltr'>βασ.</span> <span class='ocrx_word' id='word_1_307' title='bbox 899 2681 938 2719; x_wconf 92' lang='lat' dir='ltr'>R</span> <span class='ocrx_word' id='word_1_308' title='bbox 955 2681 984 2720; x_wconf 87' lang='lat' dir='ltr'>S</span> <span class='ocrx_word' id='word_1_309' title='bbox 999 2680 1050 2730; x_wconf 93' lang='lat' dir='ltr'>V,</span> <span class='ocrx_word' id='word_1_310' title='bbox 1077 2685 1173 2730; x_wconf 84' lang='lat' dir='ltr'>post</span> <span class='ocrx_word' id='word_1_311' title='bbox 1196 2694 1358 2730; x_wconf 81' lang='grc' dir='ltr'>κατεργ.</span> <span class='ocrx_word' id='word_1_312' title='bbox 1382 2677 1416 2716; x_wconf 88' lang='grc' dir='ltr'>Ε</span> <span class='ocrx_word' id='word_1_313' title='bbox 1547 2689 1595 2726; x_wconf 92' lang='lat'>14</span> <span class='ocrx_word' id='word_1_314' title='bbox 1626 2675 1789 2725; x_wconf 82' lang='grc' dir='ltr'>ἐμιέατο</span> 
     </span>
     <span class='ocr_line' id='line_1_38' title="bbox 124 2730 1789 2787; baseline -0.008 -7"><span class='ocrx_word' id='word_1_315' title='bbox 124 2741 247 2780; x_wconf 82' lang='grc' dir='ltr'>τοῦτο</span> <span class='ocrx_word' id='word_1_316' title='bbox 269 2737 403 2778; x_wconf 89' lang='lat' dir='ltr'>RSV</span> <span class='ocrx_word' id='word_1_317' title='bbox 512 2736 741 2779; x_wconf 68' lang='grc' dir='ltr'>ὃΡΚὸν</span> <span class='ocrx_word' id='word_1_318' title='bbox 928 2747 976 2784; x_wconf 89' lang='lat'>15</span> <span class='ocrx_word' id='word_1_319' title='bbox 1007 2732 1308 2787; x_wconf 63' lang='lat' dir='ltr'>§Aap.RSV</span> <span class='ocrx_word' id='word_1_320' title='bbox 1421 2730 1789 2783; x_wconf 72' lang='grc' dir='ltr'>ἆφεψήσαςΗΞν</span> 
     </span>
     <span class='ocr_line' id='line_1_39' title="bbox 130 2783 1788 2844; baseline -0.006 -12"><span class='ocrx_word' id='word_1_321' title='bbox 130 2806 178 2844; x_wconf 83' lang='grc'>17</span> <span class='ocrx_word' id='word_1_322' title='bbox 209 2792 327 2836; x_wconf 77' lang='grc' dir='ltr'>ἔτιΡ</span> <span class='ocrx_word' id='word_1_323' title='bbox 551 2793 601 2831; x_wconf 84' lang='grc'>18</span> <span class='ocrx_word' id='word_1_324' title='bbox 628 2793 678 2834; x_wconf 76' lang='grc' dir='ltr'>τὸ</span> <span class='ocrx_word' id='word_1_325' title='bbox 704 2790 945 2831; x_wconf 86' lang='lat' dir='ltr'>om.RSV</span> <span class='ocrx_word' id='word_1_326' title='bbox 1110 2783 1788 2841; x_wconf 69' lang='grc' dir='ltr'>Δαρ.μινΡΗΞνεμινοῐῐι.Ε</span> 
     </span>
     <span class='ocr_line' id='line_1_40' title="bbox 130 2838 1784 2898; baseline -0.007 -7"><span class='ocrx_word' id='word_1_327' title='bbox 130 2861 181 2898; x_wconf 89' lang='lat'>19</span> <span class='ocrx_word' id='word_1_328' title='bbox 209 2848 473 2890; x_wconf 68' lang='grc' dir='ltr'>ἐπανίσταιτο</span> <span class='ocrx_word' id='word_1_329' title='bbox 502 2846 916 2897; x_wconf 82' lang='lat' dir='ltr'>Schweighaeuser:</span> <span class='ocrx_word' id='word_1_330' title='bbox 947 2842 1229 2885; x_wconf 78' lang='grc' dir='ltr'>ἐπανιστέαιτο</span> <span class='ocrx_word' id='word_1_331' title='bbox 1254 2841 1293 2880; x_wconf 90' lang='grc' dir='ltr'>Α</span> <span class='ocrx_word' id='word_1_332' title='bbox 1309 2841 1374 2880; x_wconf 91' lang='lat' dir='ltr'>B:</span> <span class='ocrx_word' id='word_1_333' title='bbox 1405 2838 1674 2882; x_wconf 82' lang='grc' dir='ltr'>ἐπανιστέατο</span> <span class='ocrx_word' id='word_1_334' title='bbox 1694 2838 1784 2880; x_wconf 86' lang='lat' dir='ltr'><strong>rell.</strong></span> 
     </span>
     <span class='ocr_line' id='line_1_41' title="bbox 126 2892 1787 2955; baseline -0.007 -13"><span class='ocrx_word' id='word_1_335' title='bbox 126 2915 181 2942; x_wconf 80' lang='lat'>20</span> <span class='ocrx_word' id='word_1_336' title='bbox 208 2902 484 2955; x_wconf 82' lang='grc' dir='ltr'>κατοικτείρας</span> <span class='ocrx_word' id='word_1_337' title='bbox 507 2902 541 2941; x_wconf 93' lang='lat' dir='ltr'>L</span> <span class='ocrx_word' id='word_1_338' title='bbox 716 2913 767 2945; x_wconf 70' lang='lat'>21</span> <span class='ocrx_word' id='word_1_339' title='bbox 799 2913 862 2951; x_wconf 85' lang='lat' dir='ltr'>pr.</span> <span class='ocrx_word' id='word_1_340' title='bbox 884 2900 957 2940; x_wconf 77' lang='grc' dir='ltr'>τὸν</span> <span class='ocrx_word' id='word_1_341' title='bbox 978 2910 1061 2939; x_wconf 89' lang='lat' dir='ltr'>om.</span> <span class='ocrx_word' id='word_1_342' title='bbox 1087 2897 1120 2937; x_wconf 92' lang='lat' dir='ltr'>C</span> <span class='ocrx_word' id='word_1_343' title='bbox 1136 2895 1218 2936; x_wconf 87' lang='lat' dir='ltr'>SV</span> <span class='ocrx_word' id='word_1_344' title='bbox 1384 2909 1436 2935; x_wconf 87' lang='lat'>22</span> <span class='ocrx_word' id='word_1_345' title='bbox 1467 2896 1515 2935; x_wconf 86' lang='grc' dir='ltr'>τὸ</span> <span class='ocrx_word' id='word_1_346' title='bbox 1537 2894 1725 2936; x_wconf 83' lang='grc' dir='ltr'>ναυτικόν</span> <span class='ocrx_word' id='word_1_347' title='bbox 1746 2892 1787 2931; x_wconf 94' lang='lat' dir='ltr'><strong>R</strong></span> 
     </span>
     <span class='ocr_line' id='line_1_42' title="bbox 125 2946 1787 3010; baseline -0.005 -12"><span class='ocrx_word' id='word_1_348' title='bbox 125 2954 192 3010; x_wconf 80' lang='grc' dir='ltr'>δὲ]</span> <span class='ocrx_word' id='word_1_349' title='bbox 210 2956 287 3009; x_wconf 82' lang='grc' dir='ltr'>μὲν</span> <span class='ocrx_word' id='word_1_350' title='bbox 304 2957 344 2998; x_wconf 92' lang='lat' dir='ltr'>V</span> <span class='ocrx_word' id='word_1_351' title='bbox 361 2971 371 2997; x_wconf 89' lang='lat'>:</span> <span class='ocrx_word' id='word_1_352' title='bbox 401 2970 482 2997; x_wconf 89' lang='lat' dir='ltr'>om.</span> <span class='ocrx_word' id='word_1_353' title='bbox 507 2957 545 2996; x_wconf 92' lang='lat' dir='ltr'>R</span> <span class='ocrx_word' id='word_1_354' title='bbox 564 2956 594 2996; x_wconf 89' lang='lat' dir='ltr'>S</span> <span class='ocrx_word' id='word_1_355' title='bbox 704 2954 779 3007; x_wconf 78' lang='grc' dir='ltr'>μὲν</span> <span class='ocrx_word' id='word_1_356' title='bbox 798 2957 871 2997; x_wconf 85' lang='grc' dir='ltr'>τοῦ</span> <span class='ocrx_word' id='word_1_357' title='bbox 895 2952 935 2992; x_wconf 91' lang='lat' dir='ltr'>R</span> <span class='ocrx_word' id='word_1_358' title='bbox 949 2952 981 2993; x_wconf 90' lang='lat' dir='ltr'>S</span> <span class='ocrx_word' id='word_1_359' title='bbox 1101 2964 1156 3001; x_wconf 85' lang='lat'>23</span> <span class='ocrx_word' id='word_1_360' title='bbox 1185 2950 1350 3003; x_wconf 80' lang='grc' dir='ltr'>Μάδρην</span> <span class='ocrx_word' id='word_1_361' title='bbox 1373 2949 1406 2990; x_wconf 92' lang='grc' dir='ltr'><em>Ρ</em></span> <span class='ocrx_word' id='word_1_362' title='bbox 1420 2949 1460 2988; x_wconf 89' lang='lat' dir='ltr'>R</span> <span class='ocrx_word' id='word_1_363' title='bbox 1474 2948 1512 2989; x_wconf 95' lang='lat' dir='ltr'>V</span> <span class='ocrx_word' id='word_1_364' title='bbox 1530 2965 1539 2990; x_wconf 77' lang='lat' dir='ltr'><strong><em>z</em></strong></span> <span class='ocrx_word' id='word_1_365' title='bbox 1570 2948 1734 3003; x_wconf 82' lang='grc' dir='ltr'>Μάρδην</span> <span class='ocrx_word' id='word_1_366' title='bbox 1755 2946 1787 2989; x_wconf 91' lang='lat' dir='ltr'>S</span> 
     </span>
     <span class='ocr_line' id='line_1_43' title="bbox 126 3004 1514 3062; baseline -0.007 -8"><span class='ocrx_word' id='word_1_367' title='bbox 126 3022 179 3062; x_wconf 87' lang='lat'>25</span> <span class='ocrx_word' id='word_1_368' title='bbox 208 3014 231 3054; x_wconf 78' lang='grc' dir='ltr'><strong><em>ὁ</em></strong></span> <span class='ocrx_word' id='word_1_369' title='bbox 249 3024 334 3053; x_wconf 88' lang='lat' dir='ltr'>om.</span> <span class='ocrx_word' id='word_1_370' title='bbox 356 3010 391 3051; x_wconf 92' lang='lat' dir='ltr'>P</span> <span class='ocrx_word' id='word_1_371' title='bbox 406 3012 443 3051; x_wconf 88' lang='lat' dir='ltr'><strong>R</strong></span> <span class='ocrx_word' id='word_1_372' title='bbox 461 3012 490 3052; x_wconf 90' lang='lat' dir='ltr'>S</span> <span class='ocrx_word' id='word_1_373' title='bbox 504 3011 555 3062; x_wconf 93' lang='lat' dir='ltr'>V,</span> <span class='ocrx_word' id='word_1_374' title='bbox 578 3011 674 3051; x_wconf 84' lang='lat' dir='ltr'><strong>add.</strong></span> <span class='ocrx_word' id='word_1_375' title='bbox 699 3009 749 3049; x_wconf 90' lang='lat' dir='ltr'>C¹</span> <span class='ocrx_word' id='word_1_376' title='bbox 919 3009 973 3048; x_wconf 80' lang='lat'>26</span> <span class='ocrx_word' id='word_1_377' title='bbox 1002 3004 1245 3049; x_wconf 78' lang='grc' dir='ltr'>ὑπεδεκέατο</span> <span class='ocrx_word' id='word_1_378' title='bbox 1267 3005 1301 3045; x_wconf 91' lang='grc' dir='ltr'>Ρ</span> <span class='ocrx_word' id='word_1_379' title='bbox 1314 3004 1353 3045; x_wconf 91' lang='lat' dir='ltr'>R</span> <span class='ocrx_word' id='word_1_380' title='bbox 1369 3004 1451 3046; x_wconf 90' lang='lat' dir='ltr'>SV</span> <span class='ocrx_word' id='word_1_381' title='bbox 1510 3025 1514 3028; x_wconf 48' lang='lat'><strong>⁴</strong></span> 
     </span>
    </p>
   </div>
   <div class='ocr_carea' id='block_1_15' title="bbox 1830 1876 1922 1937">
    <p class='ocr_par' dir='ltr' id='par_1_16' title="bbox 1830 1876 1922 1937">
     <span class='ocr_line' id='line_1_44' title="bbox 1830 1876 1922 1937; baseline 0 -14"><span class='ocrx_word' id='word_1_382' title='bbox 1830 1876 1922 1937; x_wconf 86' lang='lat'>167</span> 
     </span>
    </p>
   </div>
   <div class='ocr_carea' id='block_1_16' title="bbox 1831 2232 1854 2262">
    <p class='ocr_par' dir='ltr' id='par_1_17' title="bbox 1831 2232 1854 2262">
     <span class='ocr_line' id='line_1_45' title="bbox 1831 2232 1854 2262; baseline 0 0"><span class='ocrx_word' id='word_1_383' title='bbox 1831 2232 1854 2262; x_wconf 86' lang='lat'>2</span> 
     </span>
    </p>
   </div>
  </div>
 </body>
</html>
