2098 3320
747 124 1126 173 ΙΣΤΟΡΙΩΝ
1188 125 1226 172 Β
1868 127 1932 178 ΙΙ.
1959 129 2048 191 156

157 255 215 309 τὸ
259 258 314 309 ἐν
360 259 538 308 Βουτοῖ
580 255 702 322 ἱρόν,
745 253 949 321 λέγεται
985 256 1039 306 δὲ
1083 253 1164 306 ὑπ’
1208 255 1493 322 Αἰγυπτίων
1531 253 1658 306 εἶναι
1703 255 1822 318 αὕτη

156 341 187 406 ἡ
237 343 392 405 νῆσος
441 338 631 404 πλωτή.
721 338 866 392 αὐτὸς
908 341 1001 404 μὲν
1045 339 1205 406 ἔγωγε
1251 340 1363 391 οὔτε
1406 338 1668 391 πλέουσαν
1711 338 1826 391 οὔτε

160 427 448 490 κινηθεῖσαν
478 424 626 484 εἶδον,
659 421 849 492 τέθῃπα
878 425 931 475 δὲ
962 423 1156 475 ἀκούων
1193 425 1235 476 εἰ
1271 426 1426 488 νῆσος
1455 422 1682 488 ἀληθέως
1714 422 1824 474 ἐστὶ
1843 420 2098 469 ham&

158 507 348 574 πλωτή.
436 509 491 559 ἐν
535 507 592 572 δὴ
634 505 703 560 ὢν
747 507 900 579 ταύτῃ
939 508 1055 572 νηός
1095 529 1150 560 τε
1189 507 1516 561 ’Λπόλλωνος
1554 506 1710 574 μέγας
1752 506 1826 559 ἔνι
1860 526 1884 569 3

110 615 133 658 5
160 592 240 646 καὶ
285 591 451 659 βωμοὶ
498 590 759 659 τριφάσιοι
806 591 1100 659 ἐνιδρύαται,
1150 592 1469 659 ἐμπεφύκασι
1514 591 1557 643 δ’
1602 593 1655 643 ἐν
1699 591 1825 664 αὐτῇ

159 675 381 745 φοίνικές
419 696 475 728 τε
516 675 698 745 συχνοὶ
737 675 818 727 καὶ
862 675 996 727 ἄλλα
1040 675 1245 744 δένδρεα
1286 677 1365 727 καὶ
1408 676 1701 743 καρποφόρα
1745 675 1824 726 καὶ

157 760 328 829 ἄφορα
367 759 553 813 πολλά.
641 760 799 827 λόγον
838 762 892 812 δὲ
932 761 1074 818 τόνδε
1114 759 1435 827 ἐπιλέγοντες
1476 763 1521 812 οἱ
1563 760 1829 827 Αἰγύπτιοί
1859 778 1887 821 4

159 852 291 913 φασι
323 844 450 897 εἶναι
479 843 885 909 αὐτὴνιπλωτήν,
920 845 984 898 ὡς
1022 847 1075 896 ἐν
1106 846 1164 917 τῇ
1203 843 1339 914 νήσῳ
1370 846 1522 917 ταύτῃ
1554 844 1641 895 οὐκ
1671 843 1826 915 ἐούσῃ

159 930 400 997 πρότερον
430 935 603 1002 πλωτῇ
646 929 792 994 Λητὼ
833 931 986 980 ἐοῦσα
1016 933 1115 981 τῶν
1154 929 1282 980 ὀκτὼ
1325 932 1449 981 θεῶν
1489 933 1587 981 τῶν
1618 928 1826 995 πρώτων

87 1036 135 1065 10
159 1012 458 1081 γενομένων,
493 1012 727 1065 οἰκέουσα
757 1016 810 1065 δὲ
848 1015 902 1065 ἐν
942 1017 1122 1065 Βουτοῖ
1154 1014 1290 1072 πόλι,
1324 1014 1405 1065 ἵνα
1441 1011 1499 1078 δή
1532 1016 1578 1065 οἱ
1614 1016 1669 1064 τὸ
1700 1034 1822 1080 χρη-

161 1095 368 1165 στήριον
398 1101 543 1149 τοῦτο
575 1098 702 1156 ἔστι,
728 1097 1033 1149 Ἀπόλλωνα
1064 1098 1196 1164 παρὰ
1219 1096 1381 1150 Ἴσιος
1411 1095 1827 1164 παρακαταθήκην

161 1180 402 1247 δεξαμένη
434 1180 652 1234 διέσωσε
682 1182 1047 1248 κατακρύψασα
1078 1183 1131 1233 ἐν
1161 1189 1221 1254 τῇ
1258 1186 1344 1233 νῦν
1375 1183 1547 1254 πλωτῇ
1574 1180 1827 1253 λεγομένῃ

161 1263 316 1335 νήσῳ,
371 1267 455 1318 ὅτε
507 1265 564 1317 τὸ
615 1270 716 1318 πᾶν
769 1264 1023 1331 διζήμενος
1073 1268 1100 1316 ὁ
1157 1269 1345 1333 Τυφῶν
1405 1267 1609 1330 ἐπῆλθε,
1664 1265 1828 1317 θέλων

163 1348 378 1417 ἐξευρεῖν
435 1354 523 1401 τοῦ
583 1350 807 1418 Ὀσίριος
865 1349 952 1402 τὸν
1010 1354 1178 1402 παῖδα.
1286 1349 1590 1402 Ἀπόλλωνα
1640 1353 1694 1402 δὲ
1747 1351 1827 1402 καὶ
1865 1372 1885 1417 5

87 1455 134 1496 15
154 1433 392 1502 Ἀρτεμιν
425 1435 675 1486 Διονύσου
708 1435 786 1486 καὶ
810 1434 971 1488 Ἴσιος
999 1434 1209 1502 λέγουσι
1239 1433 1365 1486 εῖναι
1401 1438 1596 1494 παῖδας,
1630 1438 1828 1499 Λητοῦν

163 1521 217 1571 δὲ
268 1517 456 1586 τροφὸν
506 1519 703 1570 αὐτοῖσι
754 1519 832 1570 καὶ
886 1519 1129 1585 σώτειραν
1181 1518 1434 1586 γενέσθαι.
1524 1520 1827 1587 Αἰγυπτιστὶ

163 1605 217 1655 δὲ
260 1602 530 1656 Ἀπόλλων
574 1606 666 1669 μὲν
702 1602 878 1671 ςΩρος,
929 1602 1170 1670 Δημήτηρ
1214 1606 1266 1655 δὲ
1304 1602 1453 1663 Ἶσις,
1491 1603 1729 1671 ’Ἄρτεμις
1774 1605 1827 1655 δὲ

164 1687 465 1754 Βούβαστις.
557 1690 610 1739 ἐκ
654 1687 830 1739 τούτου
873 1690 926 1739 δὲ
970 1692 1057 1739 τοῦ
1101 1689 1258 1755 λόγου
1305 1688 1382 1739 καὶ
1427 1687 1624 1741 οὐδενὸς
1668 1687 1828 1740 ἄλλου
1862 1696 1890 1740 6

163 1772 422 1840 Αἰσχύλος
453 1773 480 1822 ὁ
513 1772 834 1839 Εὐφορίωνος
865 1772 1061 1838 ἥρπασε
1101 1772 1158 1824 τὸ
1196 1773 1294 1839 ἐγὼ
1327 1771 1525 1839 φράσω,
1558 1776 1736 1838 μοῦνος
1767 1771 1825 1836 δὴ

87 1877 137 1906 20
162 1854 407 1921 ποιητέων
447 1861 548 1908 τῶν
590 1855 990 1923 προγενομένων·
1041 1857 1248 1921 ἐποίησε
1288 1858 1382 1924 γὰρ
1415 1856 1654 1923 ’Ἄρτεμιν
1700 1855 1827 1908 εἶναι

31 1933 33 1935 ’
162 1938 409 2008 θυγατέρα
458 1939 736 2007 Δήμητρος.
826 1940 918 2005 τὴν
970 1943 1023 1992 δὲ
1071 1945 1229 2005 νῆσον
1276 1944 1355 1992 διὰ
1402 1945 1544 1992 τοῦτο
1591 1940 1828 2007 γενέσθαι

161 2022 382 2090 πλωτήν.
470 2030 624 2076 ταῦτα
652 2027 744 2090 μὲν
784 2024 1171 2091 οὕτωλέγουσι.
1259 2024 1584 2092 Ψαμμήτιχος
1615 2024 1671 2076 δέ
1703 2027 1822 2090 ἐβα-
1865 2038 1948 2090 157

163 2109 372 2161 σίλευσε
417 2109 669 2176 Αἰγύπτου
714 2107 935 2176 τέσσερα
982 2110 1060 2161 καὶ
1105 2108 1412 2173 πεντήκοντα
1458 2109 1584 2168 ἔτεα,
1623 2114 1721 2160 τῶν
1767 2111 1827 2159 τὰ

162 2192 272 2247 ἑνὸς
302 2191 477 2245 δέοντα
510 2191 772 2260 τριήκοντα
805 2192 1030 2257 ’Ἄζωτον
1070 2197 1157 2257 τῆς
1199 2195 1375 2259 Συρίης
1410 2192 1636 2260 μεγάλην
1678 2194 1827 2245 πόλιν

87 2299 136 2340 ²5
161 2277 568 2345 προσκατήμενος
600 2278 951 2344 ἐπολιόρκησε,
987 2280 1036 2331 ἐς
1060 2276 1088 2329 ὃ
1113 2275 1291 2342 ἐξεῖλε·
1324 2278 1445 2342 αὕτη
1470 2280 1523 2329 δὲ
1553 2278 1582 2342 ἡ
1606 2276 1828 2340 ’Ἄζωτος

161 2360 398 2414 ἁπασέων
417 2363 608 2415 πολίων
627 2362 709 2414 ἐπὶ
729 2366 971 2414 πλεῖστον
993 2362 1178 2431 χρόνον
1199 2360 1587 2427 πολιορκεομένη
1609 2362 1827 2430 ἀντέσχε

160 2451 260 2498 τῶν
288 2446 429 2511 ἡμεῖς
459 2448 615 2512 ἴδμεν.

215 2595 242 2632 3
269 2585 356 2625 ἴδον
378 2582 465 2622 PR
483 2582 565 2623 SV
725 2598 750 2634 4
781 2582 849 2636 δὴ]
873 2582 916 2624 δὲ
939 2581 1109 2622 Bekker
1272 2594 1296 2631 5
1330 2583 1555 2636 ἐμπεφύασι
1579 2583 1617 2622 R
1642 2582 1826 2635 (ἐπεμφ.)

163 2637 269 2677 SV:
315 2638 598 2691 ἐμπεφύκεσαν
625 2638 661 2679 C
895 2639 923 2676 6
960 2655 1008 2678 τε
1039 2650 1123 2678 om.
1158 2636 1198 2675 A
1216 2637 1250 2675 B
1270 2638 1302 2677 C
1323 2637 1355 2675 P
1511 2640 1657 2690 συχναὶ
1691 2639 1729 2676 R
1749 2638 1829 2677 SV

161 2693 233 2732 alt.
257 2693 320 2734 καὶ
347 2705 429 2733 om.
456 2693 494 2731 R
511 2692 540 2732 S
554 2693 594 2733 V
786 2694 812 2731 8
843 2691 1028 2742 οἶκεούση
1051 2691 1090 2730 R
1107 2691 1137 2732 S
1151 2692 1188 2730 V
1380 2705 1428 2730 12
1459 2692 1662 2745 λεγομένη
1683 2696 1827 2741 πλωτῆ

163 2746 202 2785 R
219 2746 301 2787 SV
523 2760 571 2798 13
601 2749 671 2790 ὅτε
693 2750 741 2798 δὴ
761 2749 810 2789 τὸ
831 2747 861 2786 S
1079 2759 1127 2797 15
1151 2745 1297 2799 Ἴσιος]
1319 2746 1531 2801 Δήμητρος
1554 2746 1825 2787 Herwerden

160 2803 279 2850 Λητὼ
298 2800 337 2840 Α
351 2801 386 2840 Β
400 2801 433 2841 C
450 2801 482 2841 P
591 2815 644 2842 20
667 2806 749 2844 τῶν
765 2816 847 2842 om.
870 2802 900 2841 S
913 2802 951 2840 V
1062 2802 1297 2854 λεγομένων
1318 2801 1357 2840 R
1373 2801 1403 2840 S
1417 2801 1455 2839 V
1566 2813 1618 2852 23
1646 2801 1828 2853 τέσσαρα

163 2855 196 2894 C
215 2856 253 2895 R
269 2855 300 2895 S
313 2855 352 2894 V
507 2869 559 2906 24
590 2856 738 2909 ἕζωτον
758 2857 788 2896 S
802 2857 838 2895 V
858 2872 866 2896 :
898 2855 1069 2908 ἔζωντον
1092 2857 1131 2895 R
1293 2868 1344 2906 25
1378 2855 1669 2910 ἐπολιόρκησεν
1691 2857 1730 2896 R
1746 2857 1776 2896 S
1790 2857 1827 2896 V

163 2909 281 2952 Suid.
301 2923 336 2952 s,
352 2923 391 2951 v-
410 2912 679 2965 Ψαμμήτιχος
695 2925 703 2950 :
731 2911 965 2965 ἐπολιόρκεε
984 2911 1074 2951 rell.
1181 2910 1326 2962 ἔζωτος
1346 2910 1383 2948 R
1401 2911 1430 2951 S
1445 2910 1482 2949 V
1594 2913 1646 2950 26
1666 2920 1826 2964 πολιορ-

163 2964 333 3016 κευμένη
355 2965 395 3003 R
413 2966 442 3005 S
455 2965 493 3005 V

1592 3050 1663 3089 14*
