2098 3320
783 131 1160 180 ιΣΤοΡιΩΝ
1236 133 1274 179 Β
1901 133 2038 194 11.15

188 264 277 329 τῆς
296 260 352 314 τὸ
381 262 676 330 περίμετρον
699 259 897 313 στάδιοί
923 261 1023 312 εἰσι
1055 261 1215 312 εἴκοσι
1248 260 1325 312 καὶ
1347 258 1523 312 ἑκατὸν
1556 260 1633 312 καὶ
1658 258 1858 324 ἑξακισ-

190 348 361 416 χίλιοι.
436 347 479 398 εἰ
515 342 584 397 ὧν
619 345 758 411 ἡμεῖς
794 346 952 413 ὀρθῶς
983 345 1093 411 περὶ
1129 344 1291 396 αὐτῶν
1326 344 1659 411 γινώσκομεν,
1686 343 1857 398 Ἴωνες
1897 353 1955 399 16

189 431 276 483 οὐκ
311 431 365 482 εὖ
395 429 668 498 φρονέουσι
697 430 808 497 περὶ
842 430 1109 497 Αἰγύπτου·
1158 430 1199 481 εἰ
1236 431 1291 481 δὲ
1326 426 1447 495 ὀρθή
1486 430 1597 480 ἐστι
1625 428 1655 493 ἡ
1687 430 1856 495 γνώμη

188 520 286 569 τῶν
316 514 515 573 Ἰώνων,
539 511 800 579 ’Ἕλληνάς
830 535 884 566 τε
915 514 994 566 καὶ
1025 512 1200 567 αὐτοὺς
1216 511 1395 567 Ἴωνας
1424 513 1742 578 ἀποδείκνυμι
1772 513 1858 563 οὐκ

141 625 164 666 5
190 597 551 665 ἐπισταμένους
569 598 877 671 λογῇσθαι,
900 599 951 651 οἵ
967 604 1100 666 φασι
1118 598 1228 665 τρία
1246 598 1396 664 μόρια
1416 596 1542 649 εἶναι
1557 599 1652 664 γῆν
1672 600 1855 657 πᾶσαν,
1880 606 2077 654 M,

192 683 435 750 Εὐρώπην
457 704 511 736 τε
535 682 615 735 καὶ
637 680 817 748 Ἀσίην
841 682 920 735 καὶ
943 682 1154 749 Λιβύην.
1231 681 1467 750 τέταρτον
1490 683 1584 749 γὰρ
1609 680 1666 746 δή
1693 687 1858 749 σφεας
1897 705 1922 736 2

190 771 268 821 δεῖ
292 767 720 837 προσλογίζεσθαι
745 768 996 835 Αἰγύπτου
1024 770 1081 818 τὸ
1108 765 1295 826 Δέλτα,
1323 767 1367 819 εἰ
1395 764 1519 832 μήτε
1548 764 1609 833 γε’
1639 767 1748 818 ἐστι
1770 768 1858 831 τῆς

191 851 368 918 Ἀσίης
394 850 520 918 μήτε
548 854 636 917 τῆς
666 852 876 918 Λιβύης·
921 851 979 903 οὐ
1009 853 1103 919 γὰρ
1134 850 1193 916 δὴ
1226 851 1252 902 6
1282 851 1469 904 Νεῖλός
1499 849 1559 918 γέ
1589 851 1702 902 ἐστι
1734 853 1856 902 κατὰ

190 941 363 989 τοῦτον
382 936 468 989 τὸν
490 936 648 1004 λόγον
673 937 699 987 6
722 936 812 1001 τὴν
832 936 1014 1001 Ἀσίην
1033 935 1236 1003 οὐρίζων
1255 943 1315 1009 τῇ
1332 936 1517 1007 Λιβύῃ.
1577 938 1665 986 τοῦ
1686 934 1856 987 Δέλτα

118 1043 166 1073 10
190 1025 243 1074 δὲ
273 1022 447 1074 τούτου
478 1023 602 1073 κατὰ
632 1020 689 1072 τὸ
718 1018 808 1084 ὀξὺ
837 1019 1219 1089 περιρρήγνυται
1250 1021 1276 1071 6
1308 1024 1508 1078 Νεῖλος,
1542 1019 1673 1071 ὥστε
1705 1021 1759 1072 ἐν
1789 1024 1855 1090 τῷ

186 1105 373 1172 μεταξὺ
403 1105 584 1171 Ἀσίης
613 1127 666 1158 τε
698 1105 775 1157 καὶ
806 1105 999 1171 Λιβύης
1027 1104 1203 1173 γίνοιτ’
1233 1104 1310 1157 ἄν.

274 1191 370 1242 Καὶ
409 1188 500 1254 τὴν
534 1192 627 1256 μὲν
662 1188 844 1242 Ἰώνων
880 1189 1083 1257 γνώμην
1120 1189 1346 1255 ἀπίεμεν,
1387 1189 1528 1254 ἡμεῖς
1565 1190 1619 1241 δὲ
1658 1186 1754 1240 ὧδέ
1795 1210 1854 1260 κῃ
1893 1207 1946 1258 17

188 1274 301 1341 περὶ
342 1273 534 1327 τούτων
575 1273 808 1341 λέγομεν,
856 1275 1110 1341 Αἴγυπτον
1149 1276 1241 1339 μὲν
1287 1277 1457 1325 πᾶσαν
1502 1271 1628 1325 εἶναι
1672 1273 1855 1337 ταύτην

188 1358 280 1424 τὴν
307 1357 392 1412 ὑπ’
421 1359 710 1426 Αἰγυπτίων
746 1357 1034 1425 οἰκεομένην
1072 1357 1196 1410 κατά
1232 1378 1323 1424 περ
1367 1357 1598 1422 Κιλικίην
1632 1355 1722 1421 τὴν
1757 1356 1854 1410 ὑπὸ

118 1466 166 1507 ¹5
192 1445 413 1496 Κιλίκων
461 1444 540 1495 καὶ
585 1442 862 1510 Ἀσσυρίην
908 1442 997 1507 τὴν
1043 1441 1140 1494 ὑπὸ
1187 1441 1490 1509 Ἀσσυρίων,
1540 1441 1754 1509 οὔρισμα
1801 1443 1854 1493 δὲ

189 1527 340 1600 Ἀσίῃ
371 1529 453 1581 καὶ
482 1527 648 1600 Λιβύῃ
685 1529 886 1592 οἴδαμεν
923 1527 1066 1579 οὐδὲν
1103 1524 1185 1579 ἐὸν
1220 1527 1349 1596 ὀρθῷ
1387 1526 1524 1596 λόγῳ
1562 1527 1604 1578 εἰ
1638 1524 1704 1591 μὴ
1741 1526 1854 1579 τοὺς

0 1613 478 1679 ΜΑἰγυπτίων
525 1612 714 1681 οὔρους·
779 1613 822 1664 εἰ
864 1614 918 1664 δὲ
961 1614 1030 1680 τῷ
1074 1609 1156 1664 ὑπ’
1201 1609 1480 1676 Ἑλλήνων
1513 1609 1853 1679 νενομισμένῳ
1893 1629 1917 1660 2

190 1697 498 1765 χρησόμεθα,
552 1699 818 1761 νομιοῦμεν
878 1697 1129 1762 Αἴγυπτον
1187 1698 1358 1747 πᾶσαν
1418 1692 1698 1761 ἀρξαμένην
1756 1693 1854 1745 ἀπὸ

193 1781 532 1856 Καταδούπων
567 1803 619 1833 τε
657 1780 736 1832 καὶ
769 1779 1138 1846 Ἐλεφαντίνης
1177 1780 1355 1832 πόλιος
1391 1780 1509 1847 δίχα
1549 1768 2098 1844 διαιρέεσθαιῖὶιῑῗῗθάι

117 1885 169 1914 20
193 1866 271 1917 καὶ
302 1864 600 1932 ἀμφοτέρων
624 1869 723 1916 τῶν
755 1862 1071 1929 ἐπωνυμιέων
1094 1863 1321 1931 ἔχεσθαι·
1368 1865 1430 1914 τὰ
1459 1865 1551 1928 μὲν
1581 1865 1677 1929 γὰρ
1706 1861 1854 1926 αὐτῆς

192 1948 329 2002 εἶναι
361 1952 448 2014 τῆς
492 1949 702 2014 Λιβύης,
735 1950 797 1999 τὰ
841 1950 893 2000 δὲ
939 1950 1027 2012 τῆς
1071 1947 1264 2012 Ἀσίης.
1354 1948 1380 1997 6
1424 1949 1519 2014 γὰρ
1566 1946 1622 2010 δὴ
1668 1951 1856 2000 Νεῖλος
1893 1967 1917 2010 3

190 2032 464 2100 ἀρξάμενος
516 2032 614 2084 ἀπὸ
672 2037 771 2084 τῶν
831 2031 1167 2084 Καταδούπων
1225 2029 1327 2099 ῥέει
1385 2029 1549 2097 μέσην
1603 2032 1856 2098 Αἴγυπτον

194 2118 384 2186 σχίζων
413 2119 465 2172 ἐς
496 2116 781 2169 θάλασσαν.
869 2114 1018 2184 μέχρι
1052 2115 1145 2182 μέν
1185 2137 1272 2168 νυν
1316 2115 1648 2183 Κερκασώρου
1678 2116 1856 2168 πόλιος

190 2200 292 2268 ῥέει
322 2203 393 2256 εἷς
422 2202 517 2254 ἐὼν
541 2202 567 2252 6
592 2205 795 2262 Νεῖλος,
822 2200 880 2253 τὸ
903 2202 955 2253 δὲ
978 2199 1077 2252 ἀπὸ
1100 2201 1281 2265 ταύτης
1312 2203 1399 2265 τῆς
1430 2200 1606 2254 πόλιος
1630 2200 1856 2267 σχίζεται

121 2307 168 2347 25
192 2287 462 2353 τριφασίας
491 2286 649 2340 ὁδούς.
718 2286 797 2338 καὶ
827 2285 857 2350 ἡ
887 2287 978 2351 μὲν
1009 2283 1133 2352 πρὸς
1161 2284 1232 2349 ἠῶ
1265 2283 1510 2351 τρέπεται,
1536 2287 1592 2335 τὸ
1625 2282 1856 2335 καλέεται
1890 2305 1916 2345 4

195 2371 488 2435 Πηλούσιον
518 2370 752 2436 στόμα,ἡ
785 2373 838 2423 δὲ
869 2368 1010 2436 ἑτέρη
1042 2374 1139 2421 τῶν
1170 2370 1297 2422 ὁδῶν
1329 2367 1450 2436 πρὸς
1482 2367 1700 2435 ἑσπέρην
1730 2368 1853 2436 ἔχει·

192 2458 337 2505 τοῦτο
377 2457 441 2508 δὲ’
471 2454 769 2521 Κανωβικὸν
810 2453 1257 2520 στὸμακέκληται.
1347 2453 1377 2518 ἡ
1418 2455 1471 2505 δὲ
1512 2452 1570 2517 δὴ
1613 2451 1721 2504 ἰθέα
1756 2457 1855 2503 τῶν

194 2537 319 2591 ὁδῶν
347 2543 414 2609 τῷ
447 2540 616 2609 Νείλῳ
648 2539 758 2591 ἐστὶ
789 2539 891 2603 ἥδε·
937 2537 1129 2591 ἄνωθεν
1160 2538 1433 2605 φερόμενος
1471 2538 1522 2591 ἐς
1557 2535 1614 2588 τὸ
1650 2535 1738 2600 ὀξὺ
1768 2540 1856 2587 τοῦ

196 2620 366 2675 Δέλτα
417 2623 718 2682 ἀπικνέεται,
772 2622 829 2674 τὸ
879 2626 933 2675 δὲ
982 2621 1081 2674 ἀπὸ
1132 2622 1308 2674 τούτου
1357 2622 1545 2690 σχίζων
1592 2620 1752 2685 μέσον
1799 2623 1855 2670 τὸ

245 2760 271 2786 2
299 2747 387 2801 περὶ
401 2748 532 2787 αὐτῶν
546 2745 666 2798 ὀρθῶς
681 2745 780 2785 A¹C
884 2759 909 2796 3
938 2746 963 2795 ἡ
983 2759 1066 2787 om.
1090 2746 1123 2785 P
1138 2746 1177 2784 R
1193 2747 1223 2786 S
1238 2747 1275 2785 V
1372 2747 1398 2784 6
1428 2745 1500 2798 δή]
1516 2748 1577 2787 δεῖ
1593 2745 1626 2784 Ρ
1684 2756 1686 2758 “
1724 2758 1745 2796 7
1777 2746 1858 2799 δεῖ]

192 2803 239 2851 δὴ
256 2801 290 2840 Β
314 2816 324 2841 :
354 2801 433 2842 ἔδει
450 2800 673 2850 Krueger:
702 2813 784 2840 om.
802 2801 976 2840 PRSV
1056 2802 1155 2852 μήτι
1171 2801 1205 2840 C
1220 2801 1258 2839 R
1271 2801 1349 2840 SV
1474 2802 1499 2840 8
1521 2800 1586 2853 οὐ]
1602 2798 1628 2850 ἦ
1644 2799 1858 2852 Gomperz

197 2869 240 2895 11
271 2853 424 2910 γένοιτ’
450 2854 543 2894 ΑΒ
561 2855 594 2894 C
756 2868 804 2894 12
834 2872 883 2908 κῃ
919 2854 1106 2896 Reiske:
1135 2857 1201 2896 καὶ
1234 2855 1266 2894 L
1442 2867 1491 2905 13
1519 2854 1674 2905 ταύτην
1703 2868 1788 2895 om.
1826 2855 1857 2895 S

196 2922 246 2960 15
274 2911 351 2952 ἀπὸ
370 2909 455 2950 PR
570 2910 620 2949 16
649 2911 713 2951 ἐὸν
731 2923 812 2950 om.
837 2909 917 2949 SV
1030 2922 1077 2961 17
1108 2909 1220 2965 ὄρους
1242 2909 1377 2951 CSV
1490 2923 1542 2948 22
1572 2909 1857 2950 &verRSV

193 2964 387 3006 Eustath.
414 2963 538 3005 Dion.
566 2966 678 3005 226:
709 2966 754 3006 ἐκ
783 2963 920 3005 ABC
1087 2975 1140 3014 25
1168 2963 1194 3014 ἦ
1226 2964 1320 3005 RV
1485 2966 1534 3005 τὸ
1562 2977 1646 3004 om.
1670 2963 1757 3004 PR
1775 2964 1858 3004 SV

193 3021 247 3059 26
274 3019 381 3061 ὅλων
402 3017 493 3058 RV
511 3031 520 3058 t
551 3021 696 3061 ὤλλων
717 3018 747 3058 S
916 3031 966 3069 27
1000 3017 1086 3060 ἰθέα
1107 3019 1140 3060 C
1159 3033 1169 3060 :
1200 3021 1299 3061 ἰθεῖα
1321 3018 1360 3058 Α
1377 3017 1411 3058 Β
1430 3017 1465 3059 P
1480 3018 1519 3058 R
1539 3032 1548 3058 z
1579 3018 1702 3061 ι’θεΐέα
1722 3017 1804 3059 SV

247 3100 350 3129 nm.
372 3101 401 3128 1.
1659 3088 1684 3126 9
