2098 3320
706 122 1076 213 [ΣΤΟΡῙΩΝ
1137 163 1177 212 Γ
1211 160 1214 164 ’

107 295 235 349 εἶναι
264 294 485 362 πρώτους
515 292 605 358 τὴν
636 291 874 360 ἰητρικήν,
910 293 1131 346 τούτοισι
1164 296 1361 362 ἐχρᾶτο.
1453 296 1499 346 οἱ
1540 297 1594 347 δὲ
1633 316 1777 363 στρε-

105 383 352 446 βλοῦντες
390 379 469 431 καὶ
512 377 755 444 βιώμενοι
799 377 887 430 τὸν
934 379 1062 430 πόδα
1109 378 1258 431 κακὸν
1302 378 1449 445 μέζον
1495 378 1778 448 ἐργάζοντο.

1821 128 1915 215 ΙΙΙ.Ἰ
1939 179 2039 228 129·

108 463 185 517 ἐπ’
218 464 342 517 ἑπτὰ
370 465 463 528 μὲν
493 461 552 526 δὴ
582 460 768 529 ἡμέρας
794 462 873 514 καὶ
907 463 1031 514 ἑπτὰ
1057 463 1234 535 νύκτας
1264 462 1360 515 ὑπὸ
1390 468 1478 515 τοῦ
1509 465 1782 532 παρεόντος
1818 490 1844 534 3

108 551 257 600 κακοῦ
293 548 320 597 6
352 551 563 614 Δαρεῖος
601 547 903 618 ἀγρυπνίῃσι
942 549 1123 614 εἴχετο,
1160 537 1217 620 τῇ
1251 550 1303 599 δὲ
1341 547 1397 612 δὴ
1437 549 1587 621 ὀγδόῃ
1623 547 1781 620 ἡμέρῃ

59 654 80 693 5
107 632 280 699 ἔχοντί
307 633 353 683 οἱ
385 631 621 698 φλαύρως
653 625 750 694 [οἵα
782 628 860 697 δὴ]
894 633 1214 698 παρακούσας
1245 653 1319 684 τις
1349 634 1592 699 πρότερον
1624 633 1696 685 ἔτι
1727 635 1781 684 ἐι·

108 715 316 783 Σάρδισι
335 719 421 767 τοῦ
442 713 795 782 Κροτωνιήτεω
820 714 1140 781 Δημοκήδεος
1159 716 1249 780 τὴν
1267 716 1450 784 τέχνην
1476 716 1781 784 ἐσαγγέλλει

60 822 64 826 ’
107 801 173 871 τῷ
203 800 415 869 Δαρείῳ·
463 801 489 849 6
521 801 574 851 δὲ
606 798 748 866 ἄγειν
778 821 862 865 μιν
894 800 984 864 τὴν
1016 801 1263 868 ταχίστην
1301 800 1417 867 παρ’
1451 801 1634 854 ἑωυτὸν
1672 802 1778 853 ἐκέ-

106 892 274 937 λευσε.
362 887 449 936 τὸν
480 886 533 936 δὲ
565 883 630 938 ὡς
662 882 859 951 ἐξεῦρον
898 886 952 936 ἐν
988 890 1122 936 τοῖσι
1153 884 1389 951 Ὀροίτεω
1428 886 1781 953 ἀνδραπόδοισι

106 970 222 1021 ὅκου
252 968 310 1033 δὴ
342 967 744 1034 ἀπημελημένον,
778 971 1004 1036 παρῆγον
1036 970 1086 1022 ἐς
1116 968 1273 1035 μέσον
1304 968 1456 1023 πέδας
1485 991 1538 1022 τε
1570 971 1782 1023 ἕλκοντα

37 1073 84 1103 ιο
109 1053 188 1105 καὶ
231 1052 409 1120 ῥάκεσι
453 1051 752 1118 ἐσθημένον.
843 1052 1093 1106 σταθέντα
1137 1056 1191 1106 δὲ
1236 1055 1287 1108 ἐς
1330 1053 1487 1120 μέσον
1533 1055 1712 1122 εἰρώτα
1755 1056 1781 1105 6
1818 1066 1912 1115 130

109 1142 323 1205 Δαρεῖος
372 1136 463 1202 τὴν
511 1136 695 1204 τέχνην
745 1138 787 1189 εἰ
836 1139 1113 1190 ἐπίσταιτο·
1178 1140 1204 1189 6
1256 1141 1308 1190 δὲ
1362 1138 1447 1190 οὐκ
1498 1138 1778 1198 ὑπεδέκετο,

74 1290 76 1293 v
106 1220 368 1290 ἀρρωδέων
406 1221 472 1287 μὴ
512 1221 698 1274 ἑωυτὸν
735 1221 958 1289 ἐκφήνας
995 1226 1050 1274 τὸ
1088 1222 1321 1290 παράπαν
1357 1226 1445 1288 τῆς
1474 1222 1724 1278 Ἑλλάδος
1754 1223 1784 1296 ᾖ

106 1305 522 1375 ἀπεστερημένος.
601 1305 856 1374 κατεφάνη
888 1309 942 1358 δὲ
973 1306 1038 1378 τῷ
1070 1308 1266 1378 Δαρείῳ
1290 1307 1546 1377 τεχνάζειν
1570 1308 1775 1361 ἐπιστά-
1818 1305 2008 1360 zm&
2025 1328 2098 1365 qu

104 1412 269 1458 μενος,
304 1391 382 1444 καὶ
412 1391 526 1445 τοὺς
558 1391 841 1458 ἀγαγόντας
873 1390 1022 1443 αὐτὸν
1057 1390 1292 1444 ἐκέλευσε
1332 1392 1580 1460 μάστιγάς
1608 1415 1661 1445 τε
1700 1394 1779 1445 καὶ

34 1495 80 1536 15
107 1475 283 1543 κέντρα
324 1474 633 1544 παραφέρειν
675 1477 726 1529 ἐς
765 1475 822 1527 τὸ
860 1474 1035 1541 μέσον.
1127 1478 1153 1527 6
1183 1479 1235 1528 δὲ
1268 1479 1479 1529 ἐνθαῦτα
1509 1477 1566 1541 δὴ
1598 1475 1667 1530 ὧν
1698 1479 1776 1529 ἐκ-

106 1562 291 1628 φαίνει,
317 1562 417 1629 φᾶς
442 1559 685 1628 ἀτρεκέως
709 1562 800 1626 μὲν
823 1560 910 1612 οὐκ
933 1562 1254 1620 ἐπίστασθαι,
1282 1560 1530 1627 ὁμιλήσας
1554 1564 1606 1614 δὲ
1632 1564 1779 1632 ἰητρῷ

107 1644 343 1712 φλαύρως
395 1646 531 1714 ἔχειν
582 1644 673 1709 τὴν
732 1643 932 1713 τέχνην.
1020 1647 1144 1711 μετὰ
1195 1648 1245 1697 δὲ
1298 1646 1363 1700 ὥς
1416 1649 1462 1698 οἱ
1513 1645 1777 1714 ἐπέτρεψε,

105 1728 453 1795 Ἑλληνικοῖσι
497 1728 673 1795 ἰήμασι
719 1730 1000 1798 χρεώμενος
1046 1730 1124 1781 καὶ
1166 1730 1287 1795 ἤπια
1326 1733 1451 1796 μετὰ
1493 1733 1554 1783 τὰ
1596 1733 1779 1800 ἰσχυρὰ

106 1813 379 1882 προσάγων
397 1815 550 1867 ὕπνου
575 1813 629 1866 τέ
652 1834 737 1879 μιν
757 1813 1035 1882 λαγχάνειν
1061 1816 1226 1867 ἐποίεε
1251 1815 1329 1867 καὶ
1353 1817 1405 1867 ἐν
1436 1815 1601 1885 χρόνῳ
1622 1817 1778 1886 ὀλίγῳ

33 1918 83 1946 20
104 1897 247 1965 ὑγιέα
287 1920 373 1965 μιν
417 1899 565 1957 ἐόντα
609 1895 833 1962 ἀπέδεξε,
882 1900 1071 1964 οὐδαμὰ
1118 1900 1191 1951 ἔτι
1236 1901 1500 1964 ἐλπίζοντα
1541 1900 1779 1967 ἀρτίπουν

61 1982 331 2059 ςἔσεσθαι.
421 1982 655 2051 δωρέεται
696 1982 755 2048 δή
795 2005 880 2048 μιν
921 1986 1045 2048 μετὰ
1087 1988 1240 2036 ταῦτα
1277 1985 1302 2034 6
1334 1986 1550 2051 Δαρεῖος
1589 1983 1779 2036 πεδέων
1817 2008 1844 2049 4

105 2066 334 2135 χρυσέων
365 2068 451 2119 δύο
485 2068 696 2135 ζεύγεσι·
745 2068 771 2118 6
802 2067 857 2119 δέ
885 2089 971 2133 μιν
1005 2069 1228 2135 ἐπείρετο
1260 2070 1307 2120 εἵ
1339 2072 1384 2121 οἱ
1421 2067 1690 2133 διπλήσιον
1721 2069 1777 2120 τὸ

106 2151 256 2204 κακὸν
284 2153 511 2218 ἐπίτηδες
542 2151 692 2217 νέμει,
728 2153 805 2204 ὅτι
834 2174 919 2216 μιν
949 2151 1092 2220 ὑγιέα
1124 2154 1347 2218 ἐποίησε.
1424 2153 1598 2218 ἡσθεὶς
1627 2155 1681 2205 δὲ
1710 2158 1777 2223 τῷ

105 2235 215 2288 ἔπεϊ
244 2237 271 2287 6
302 2241 513 2303 Δαρεῖος
550 2235 835 2302 ἀποπέμπει
875 2258 960 2302 μιν
1001 2239 1133 2304 παρὰ
1174 2239 1261 2291 τὰς
1303 2240 1486 2290 ἑωυτοῦ
1525 2242 1774 2305 γυναῖκας.

31 2337 79 2379 25
104 2319 410 2387 παράγοντες
451 2323 503 2372 δὲ
548 2323 593 2373 οἱ
640 2321 867 2389 εὐνοῦχοι
909 2321 1088 2388 ἔλεγον
1135 2321 1258 2389 πρὸς
1303 2323 1390 2376 τὰς
1432 2318 1668 2389 γυναῖκας
1713 2322 1778 2375 ὡς

26 2432 31 2437 ·
103 2403 315 2469 βασιλέϊ
344 2405 486 2459 οὗτος
517 2407 590 2470 εἴη
622 2404 676 2459 ὃς
707 2405 798 2470 τὴν
821 2405 994 2473 ψυχὴν
1027 2404 1268 2458 ἀπέδωκε.
1341 2407 1698 2473 ὑποτύπτουσα
1723 2409 1777 2475 δὲ

104 2487 290 2541 αὐτέων
321 2488 507 2557 ἑκάστη
538 2488 701 2562 φιάλῃ
733 2487 831 2556 (ἐς)
863 2494 951 2541 τοῦ
991 2495 1182 2558 χρυσοῦ
1219 2490 1310 2554 τὴν
1348 2489 1504 2555 θήκην
1540 2490 1776 2559 ἐδωρέετο

117 2545 289 2557 ψᾶ-υ

159 2639 178 2665 1
212 2629 362 2679 ἐχρῆτο
391 2626 480 2665 ΑΒ
498 2626 531 2664 C
550 2626 583 2665 P
613 2626 732 2666 Suid.
957 2639 983 2676 3
1014 2626 1077 2668 ἐπ’
1097 2640 1178 2668 om.
1211 2627 1348 2667 RSV
1515 2630 1562 2677 δὴ
1585 2640 1668 2668 om.
1691 2627 1773 2667 SV

102 2692 127 2730 5
157 2679 220 2722 οἶα
240 2682 288 2731 δὴ
309 2694 390 2720 om.
416 2681 456 2719 A
473 2681 508 2719 B
525 2681 558 2719 C
574 2681 607 2719 P
628 2681 748 2721 Suid.
964 2683 992 2720 6
1022 2681 1246 2735 ἐσαγγέλει
1275 2682 1366 2735 RV
1381 2682 1451 2735 <83
1472 2697 1479 2721 :
1514 2682 1686 2735 ἇγγέλει
1709 2683 1742 2722 C
1764 2698 1774 2722 ε

103 2735 302 2788 ἀγγέλλει
322 2735 363 2773 Α
377 2735 412 2774 Β
429 2735 462 2773 Ρ
483 2736 602 2775 Suid.
659 2737 663 2741 ’
799 2748 820 2785 7
852 2735 1015 2783 ἐκέλευε
1038 2736 1072 2775 C
1095 2736 1213 2777 Suid.
1431 2751 1458 2787 9
1487 2739 1582 2779 ὅκου
1602 2737 1650 2786 δή
1671 2755 1773 2779 ποτε

105 2788 189 2828 PR
207 2789 287 2829 SV
450 2807 496 2831 τε
517 2803 597 2830 om.
622 2790 659 2830 R
889 2803 932 2829 11
968 2791 1184 2833 ἐπίσταται
1208 2791 1246 2830 R
1406 2794 1626 2834 ἀπεδέκετο
1649 2792 1769 2832 Suid.

106 2856 155 2893 13
185 2844 248 2895 δὲἸ
270 2861 318 2886 τε
336 2843 377 2883 Α
392 2844 426 2884 Β
442 2844 475 2883 C
497 2845 615 2884 Suid.
842 2858 888 2893 14
921 2846 1097 2898 ἄγοντας
1119 2846 1156 2884 R
1174 2846 1204 2885 S
1219 2846 1256 2885 V
1462 2859 1510 2897 15
1541 2848 1772 2899 ἀνεκφαίνει

105 2897 242 2938 RSV
465 2911 513 2949 17
553 2902 590 2941 οἴ
617 2912 699 2940 om.
731 2898 872 2939 ΑΒΕ
904 2900 1022 2940 Suid.
1251 2903 1300 2940 18
1341 2901 1439 2949 ἥπια
1467 2903 1573 2952 μετὰ
1603 2901 1745 2941 PRV

102 2953 309 3004 ἡπιάματα
329 2954 369 2994 Α
382 2954 416 2993 Β
432 2953 466 2993 C
577 2956 632 2996 τὰ
651 2967 732 2994 om.
760 2955 799 2993 R
915 2968 966 3006 19
995 2957 1269 3010 προσαγαγὼν
1293 2955 1325 2994 Ρ
1341 2956 1379 2995 R
1396 2956 1425 2995 S
1440 2957 1477 2996 V
1588 2969 1642 2995 20
1672 2956 1773 2999 ὄντα

101 3007 142 3046 Α
155 3007 191 3046 Β
207 3008 240 3047 C
255 3008 290 3047 P
435 3021 487 3060 25
517 3007 794 3064 παράγοντες.
817 3039 826 3050 .
853 3040 861 3049 .
876 3013 1069 3063 γυναῖκας
1088 3023 1172 3050 om.
1197 3011 1236 3049 R
1388 3024 1437 3059 27
1469 3010 1622 3064 φιάλην
1643 3010 1673 3050 S
1690 3010 1770 3063 [V]

104 3065 144 3104 ἐς
163 3064 257 3103 add.
283 3063 445 3104 Porson
497 3080 506 3086 ·
557 3066 634 3115 τὴν
656 3063 800 3116 θήκην]
824 3065 900 3106 σὺν
919 3065 1033 3114 θήκηι
1056 3065 1095 3103 Α
1110 3065 1144 3104 Β
1162 3065 1195 3104 C
1212 3066 1245 3104 P
1358 3065 1554 3120 ἐδωρέατο
1579 3067 1616 3105 R
1633 3065 1663 3105 S
1677 3066 1716 3105 V
