2098 3320
746 124 1127 203 ΙΣΤΟΡΙΩΝ
1188 153 1228 202 Γ
1820 117 1823 120 ’
1874 153 1967 203 111.
1996 155 2063 214 65

162 285 323 353 Κύρου
372 283 546 351 μηκέτι
595 286 710 350 ὑμῖν
763 285 910 337 ἐόντα
960 285 1244 352 λογίζεσθε·
1310 286 1357 337 οἱ
1411 286 1465 337 δὲ
1515 284 1629 350 ὑμῖν
1681 281 1834 351 μάγοι

159 368 422 437 κρατέουσι
464 374 564 422 τῶν
614 370 920 436 βασιληίων,
968 370 1055 422 τόν
1094 391 1147 422 τε
1197 370 1371 422 ἔλιπον
1415 370 1687 435 ἐπίτροπον
1733 372 1833 420 τῶν

158 455 325 507 οἰκίων
382 455 463 507 καὶ
514 455 541 505 6
594 455 783 506 ἐκείνου
842 453 1092 522 ἀδελφεὸς
1152 452 1375 520 Σμέρδις.
1463 452 1550 505 τὸν
1600 451 1694 518 μέν
1743 473 1833 505 νυν

156 537 381 604 μάλιστα
425 542 555 607 χρῆν
603 540 719 604 ἐμεῦ
763 539 955 607 αἰσχρὰ
1000 543 1121 606 πρὸς
1164 543 1263 590 τῶν
1307 537 1480 605 μάγων
1525 538 1833 591 πεπονθότος

109 647 131 689 5
156 622 414 691 τιμωρέειν
459 623 584 688 ἐμοί,
630 623 773 677 οὗτος
818 625 911 688 μὲν
956 623 1143 693 ἀνοσίῳ
1189 623 1323 692 μόρῳ
1369 622 1693 687 τετελεύτηκε
1735 620 1832 673 ὑπὸ

155 711 254 760 τῶν
294 710 479 760 ἑωυτοῦ
515 707 854 773 οἰκηιοτάτων·
900 707 1076 759 τούτου
1114 709 1167 760 δὲ
1200 706 1375 773 μηκέτι
1413 707 1594 766 ἐόντος,
1629 705 1832 773 δεύτερα
1870 714 1898 759 6

155 796 252 844 τῶν
298 797 488 845 λοιπῶν
535 793 664 858 ὑμῖν,
713 789 751 843 ὦ
800 791 1014 860 Πέρσαι,
1067 792 1262 860 γίνεταί
1303 813 1388 857 μοι
1438 792 1831 858 ἀναγκαιότατον

156 875 483 930 ἐντέλλεσθαι
515 879 577 928 τὰ
609 875 738 929 θέλω
774 898 859 942 μοι
898 875 1136 944 γενέσθαι
1172 881 1415 929 τελευτῶν
1451 875 1538 928 τὸν
1567 877 1703 941 βίον·
1752 875 1832 927 καὶ

156 960 212 1025 δὴ
243 962 356 1026 ὑμῖν
387 960 503 1014 τάδε
542 959 832 1026 ἐπισκήπτω
874 961 1013 1015 θεοὺς
1050 961 1163 1016 τοὺς
1197 963 1502 1027 βασιληίους
1533 959 1827 1019 ἐπικαλέων,

82 1069 131 1097 10
156 1045 235 1097 καὶ
273 1049 398 1097 πᾶσι
439 1047 553 1112 ὑμῖν
596 1047 674 1098 καὶ
713 1045 937 1111 μάλιστα
980 1045 1373 1114 Ἀχαιμενιδέων
1403 1050 1537 1098 τοῖσι
1570 1049 1825 1112 παρεοῦσι,

152 1129 219 1195 μὴ
250 1133 488 1197 περιιδεῖν
519 1130 608 1195 τὴν
636 1130 909 1198 ἡγεμονίην
943 1131 1079 1185 αῦτις
1111 1132 1162 1184 ἐς
1200 1129 1404 1195 Μήδους
1442 1133 1824 1197 περιελθοῦσαν,

154 1213 270 1265 ἀλλ’
302 1216 401 1267 εἴτε
431 1215 562 1285 δόλῳ
594 1214 773 1283 ἔχουσι
802 1214 954 1279 αὐτὴν
988 1215 1307 1280 κτησάμενοι,
1341 1215 1472 1285 δόλῳ
1504 1216 1830 1281 ἀπαιρεθῆναι

152 1297 249 1350 ὑπὸ
299 1297 479 1364 ὑμέων,
530 1300 629 1351 εἴτε
678 1300 756 1352 καὶ
807 1298 979 1352 σθένεΐ
1021 1320 1115 1370 τεῳ
1167 1299 1608 1367 κατεργασάμενοι,
1659 1298 1829 1351 σθένεϊ

156 1384 277 1434 κατὰ
324 1382 380 1434 τὸ
429 1383 661 1451 καρτερὸν
711 1384 1090 1436 ἀνασώσασθαι.
1182 1385 1262 1436 καὶ
1306 1388 1460 1435 ταῦτα
1498 1386 1589 1449 μὲν
1630 1388 1828 1436 ποιεῦσι
1862 1403 1886 1446 7

81 1487 126 1529 15
153 1466 267 1532 ὑμῖν
319 1470 381 1534 γῆ
429 1489 481 1520 τε
510 1467 724 1535 ,καρπὸν
770 1467 974 1536 ἐκφέροι
1005 1469 1084 1520 καὶ
1127 1467 1356 1536 γυναῖκές
1399 1490 1453 1521 τε
1499 1468 1578 1520 καὶ
1623 1473 1827 1534 ποῖμναι

154 1551 381 1611 τίκτοιεν,
427 1554 567 1604 ἐοῦσι
608 1554 658 1606 ἐς
699 1552 785 1605 τὸν
825 1551 1020 1605 ἅπαντα
1059 1554 1246 1622 χρόνον
1287 1552 1612 1620 ἐλευθέροισι·
1665 1552 1731 1618 μὴ
1773 1556 1827 1606 δὲ

156 1635 598 1702 ἀνασωσαμένοισι
650 1636 742 1702 τὴν
788 1636 947 1705 ἀρχὴν
991 1637 1104 1703 μηδ’
1151 1636 1508 1706 ἐπιχειρήσασι
1554 1635 1825 1708 ἀνασῴζειν

154 1721 216 1771 τὰ
261 1722 460 1774 ἐναντία
506 1721 728 1774 τούτοισι
775 1723 966 1790 ἀρῶμαι
1010 1723 1124 1789 ὑμῖν
1168 1722 1420 1789 γενέσθαι,
1462 1723 1540 1774 καὶ
1585 1722 1707 1789 πρὸς
1752 1722 1823 1774 ἔτι

154 1805 377 1857 τούτοισι
416 1810 472 1857 τὸ
503 1805 648 1860 τέλος
694 1806 935 1874 Περσέων
977 1806 1170 1877 ἑκάστῳ
1216 1806 1537 1875 ἐπιγενέσθαι
1573 1809 1679 1858 οἷον
1713 1807 1823 1872 ἐμοὶ

79 1910 129 1937 20
155 1888 431 1957 ἐπιγέγονε.
522 1889 623 1956 ἅμα
672 1912 726 1943 τε
780 1893 920 1946 εἴπας
973 1896 1126 1943 ταῦτα
1174 1893 1200 1942 6
1249 1891 1531 1958 Καμβύσης
1583 1890 1821 1943 ἀπέκλαιε

153 1977 323 2026 πᾶσαν
366 1974 456 2038 τὴν
501 1978 683 2027 ἑωυτοῦ
728 1974 922 2042 πρῆξιν.
1013 1975 1211 2042 Πέρσαι
1257 1978 1309 2028 δὲ
1356 1976 1421 2030 ὡς
1466 1976 1552 2028 τὸν
1597 1975 1824 2041 βασιλέα
1859 1982 1935 2033 66

153 2056 284 2110 εἶδον
325 2059 728 2119 ἀνακλαύσαντα,
763 2059 944 2114 πάντες
973 2059 1035 2111 τά
1076 2082 1129 2113 τε
1161 2063 1375 2125 ἐσθῇτρς
1407 2062 1623 2129 ἐχόμενα
1663 2037 2098 2171 εἷχον,ἓἾΜ

1794 2147 1809 2162 “
2041 2159 2098 2186 νυ

151 2146 303 2194 ταῦτα
334 2145 680 2210 κατηρείκοντο
714 2144 792 2196 καὶ
822 2146 1010 2217 οἰμωγῇ
1054 2146 1256 2215 ἀφθόνῳ
1294 2144 1608 2214 διεχρέωντο.
1696 2167 1820 2210 μετα
1859 2167 1884 2199 2

0 2212 204 2288 ΒΜΔδὲ
235 2230 387 2279 ταῦτα
424 2227 488 2282 ὡς
519 2227 833 2296 ἐσφακέλισέ
863 2251 917 2281 τε
949 2234 1003 2281 τὸ
1035 2229 1214 2282 ὀστέον
1248 2230 1326 2281 καὶ
1358 2230 1384 2280 6
1412 2229 1566 2297 μηρὸς
1603 2229 1820 2299 τάχιστα

0 2319 50 2378 ᾗ·
64 2330 124 2404 Ξῖ,
152 2309 332 2377 ἐσάπη,
373 2310 606 2377 ἀπήνεικε
646 2313 928 2379 Καμβύσεα
964 2314 1051 2366 τὸν
1091 2314 1267 2381 Κύρου,
1308 2314 1694 2380 βασιλεύσαντα
1728 2317 1819 2379 μὲν

10 2380 61 2405 ⁸⁸
118 2391 130 2401 ⁹
150 2396 210 2446 τὰ
247 2394 411 2448 πάντα
442 2398 566 2449 ἑπτὰ
602 2397 714 2449 ἔτεα
759 2398 838 2450 καὶ
879 2397 1025 2451 πέντε
1066 2402 1239 2464 μῆνας,
1273 2398 1456 2451 ἄπαιδα
1487 2402 1539 2450 δὲ
1572 2399 1628 2451 τὸ
1660 2398 1815 2465 παρά-

151 2500 248 2531 παν
290 2481 434 2532 ἐόντα
469 2482 673 2548 ἔρσενος
714 2482 792 2533 καὶ
835 2481 1012 2547 θήλεος
1054 2484 1219 2550 γόνου.
1310 2483 1551 2551 Περσέων
1591 2486 1643 2536 δὲ
1685 2488 1819 2535 τοῖσι
1854 2504 1878 2548 3

210 2630 225 2656 1
261 2620 349 2670 ὑμῖν
370 2624 467 2670 post
489 2618 608 2661 ἐόντα
632 2619 669 2659 R
684 2620 787 2661 SV:
819 2634 870 2660 an
894 2621 1148 2661 delendum?
1326 2624 1352 2660 6
1383 2624 1533 2675 οἰκῃοτ.
1558 2621 1594 2659 R
1616 2636 1624 2661 ε
1655 2623 1815 2663 οἶκειοτ.

153 2673 231 2712 SV
449 2687 475 2724 9
504 2674 574 2726 δὴ]
604 2678 672 2716 νῦν
698 2678 760 2716 καὶ
785 2676 817 2714 C
958 2676 1156 2718 ἐπικαλέω
1188 2677 1220 2715 C
1448 2689 1492 2715 12
1522 2678 1653 2730 ἀφαιρ.
1678 2675 1717 2715 Α
1733 2677 1766 2715 Β
1783 2677 1817 2715 C

155 2739 199 2776 ¹3
242 2728 561 2782 κατεργασμένοι
601 2729 639 2768 Α
659 2730 692 2768 Β
716 2731 749 2768 C
977 2743 1022 2781 15
1066 2734 1129 2772 καὶ
1170 2732 1330 2782 ποίμνια
1371 2732 1404 2770 C
1429 2731 1487 2771 P:
1535 2744 1617 2771 om.
1665 2731 1703 2771 R
1727 2733 1757 2772 S
1779 2732 1818 2770 V

156 2787 204 2821 16
234 2783 457 2825 ἐκτίκτοιεν
475 2784 508 2822 C
525 2787 590 2833 (ἐκ
603 2785 707 2836 del.)
821 2785 955 2827 πάντα
977 2785 1015 2824 R
1030 2786 1060 2826 S
1074 2785 1111 2824 V
1220 2788 1275 2836 μὴ
1298 2786 1600 2837 ἀνασωσάμενοι
1618 2785 1659 2827 δὲ
1682 2786 1718 2825 R
1734 2787 1764 2826 S
1778 2787 1817 2825 V

156 2849 200 2886 17
231 2838 308 2887 τὴν
329 2851 412 2878 om.
436 2838 523 2877 AB
540 2839 572 2878 C
589 2839 620 2877 P
736 2841 783 2878 18
815 2842 963 2893 ἀρῶμαι
989 2871 996 2880 .
1022 2871 1030 2880 .
1055 2872 1064 2881 .
1089 2840 1272 2882 τούτοισι
1293 2854 1374 2881 om.
1402 2842 1437 2880 R
1455 2842 1538 2881 SV
1654 2855 1702 2891 19
1733 2845 1815 2883 ἐπι·

147 2892 330 2943 γίνεσθαι
352 2893 389 2931 Α
406 2889 438 2931 Β
607 2908 659 2933 20
691 2894 768 2935 ἅτα
791 2895 871 2934 SV
1019 2909 1070 2935 22
1100 2899 1184 2936 ἴδον
1209 2896 1245 2935 R
1260 2896 1296 2934 V
1445 2909 1496 2946 23
1526 2898 1815 2949 κατηρείκοντο

150 2946 301 2986 SVRc
324 2949 388 2999 (ι)
414 2947 604 2998 Hesych.
627 2963 659 2989 s.
678 2963 717 2989 ν.
737 2964 746 2989 :
777 2951 1040 3004 κατηρίκοντο
1064 2949 1120 2991 R¹
1140 2965 1148 2990 :
1179 2951 1419 3002 κατήρεικόν
1440 2969 1485 2992 τε
1510 2952 1569 2991 P:
1599 2951 1816 3005 κατήρικόν

148 3018 196 3042 τε
217 3001 256 3041 Α
271 3002 304 3040 Β
321 3002 354 3041 C
378 3003 454 3054 (ex
475 3003 568 3045 -πόν
583 3021 629 3046 τε
651 3017 757 3046 corr.
781 3003 851 3058 (ΣΙ)
1001 3018 1052 3055 24
1082 3023 1127 3047 τε
1151 3019 1231 3048 om.
1258 3006 1295 3045 R
1311 3006 1340 3045 S
1355 3006 1391 3045 V
1521 3018 1573 3057 25
1604 3005 1759 3056 ἐσάπην
1782 3007 1815 3046 C

150 3068 199 3105 27
231 3057 396 3110 ἄρσενος
417 3057 455 3096 Α
470 3057 504 3096 Β
