2098 3320
759 118 1139 205 ῐΣΤοΡΙΩΝ
1203 158 1248 205 Δ
1880 160 1969 211 lv,
1997 160 2060 210 61

148 292 390 361 ἱκαίοντες
419 287 480 338 τὰ
508 283 663 339 ὀστέα
698 290 797 339 τῶν
836 288 1021 355 ἱρηίων·
1067 283 1129 353 ἢν
1162 290 1216 341 δὲ
1255 286 1322 355 μή
1359 295 1457 357 σφι
1492 296 1623 363 παρῇ
1656 288 1832 355 λέβης,

168 372 215 424 οἱ
262 371 317 423 δὲ
367 371 419 424 ἐς
469 372 557 424 τὰς
601 369 852 439 γαστέρας
896 377 994 424 τῶν
1040 373 1209 442 ἱρηίων
1257 374 1568 439 ἐσβαλόντες
1612 375 1674 425 τὰ
1720 373 1837 442 κρέα

166 453 329 511 πάντα
353 455 432 510 καὶ
455 454 849 523 παραμείξαντες
872 457 1001 525 ὕδωρ
1024 458 1321 510 ὑποκαίουσι
1351 460 1412 510 τὰ
1443 457 1615 511 ὀστέα.
1688 459 1751 510 τὰ
1781 461 1835 512 δὲ
1871 476 1898 508 2

165 541 354 593 αἴθεται
379 538 646 600 κάλλιστα,
673 543 723 593 αἱ
749 543 802 593 δὲ
826 540 1070 608 γαστέρες
1093 541 1343 611 χωρέουσι
1367 542 1609 597 εὐπετέως
1632 545 1694 595 τὰ
1718 542 1836 611 κρέα

118 644 141 686 5
166 622 458 693 ἐψιλωμένα
497 630 598 677 τῶν
639 624 849 679 ὀστέων·
898 626 976 678 καὶ
1017 628 1144 679 οὕτω
1183 631 1306 692 βοῦς
1346 649 1399 680 τε
1440 627 1623 680 ἑωυτὸν
1659 626 1834 696 ἐξέψει

165 708 245 762 καὶ
275 710 440 762 τᾶλλα
471 707 604 776 ἱρήια
636 709 788 763 ἑωυτὸ
820 711 1049 763 ἕκαστον.
1139 713 1291 764 ἐπεὰν
1322 714 1375 764 δὲ
1408 713 1575 784 ἑψηθῐ
1598 714 1666 763 ’τὰ
1698 712 1830 779 κρέα,

164 794 191 844 ὁ
222 793 376 848 θύσας
405 799 505 846 τῶν
530 799 685 861 κρεῶν
711 796 790 847 καὶ
820 800 920 848 τῶν
953 794 1268 864 σπλάγχνων
1298 795 1642 864 ἀπαρξάμενος
1671 798 1833 869 ῥίπτει
1851 775 2098 884 Q&

163 880 214 932 ἐς
237 877 294 930 τὸ
324 878 594 948 ἔμπροσθε.
672 879 847 937 θύουσι
870 882 923 933 δὲ
949 881 1028 933 καὶ
1052 883 1112 933 τὰ
1136 880 1271 932 ἄλλα
1293 882 1527 947 πρόβατα
1552 882 1630 934 καὶ
1654 878 2098 971 ἵππουςῖὲθἭ

161 962 398 1028 μάλιστα.
1018 1006 1025 1009 ,
1706 1016 1710 1018 ,
1929 951 2098 1029 affe-d«

91 1067 149 1097 ιο·
244 1051 395 1100 Τοῖσι
427 1051 520 1114 μὲν
556 1048 615 1113 δὴ
649 1048 857 1101 ἄλλοισι
893 1055 990 1102 τῶν
1028 1053 1153 1102 θεῶν
1190 1052 1317 1103 οὕτω
1352 1049 1526 1102 θύουσι
1565 1047 1643 1101 καὶ
1680 1053 1847 1116 ταῦτα.
1869 1048 1940 1117 62

163 1136 261 1185 τῶν
294 1131 527 1198 κτηνέων,
561 1135 628 1204 τῷ
665 1136 717 1186 δὲ
741 1133 887 1201 ’Άρεϊ
916 1136 1026 1187 ὧδε·
1076 1136 1199 1186 κατὰ
1228 1155 1286 1187 νο
1325 1134 1408 1189 οὺς
1440 1133 1702 1187 ἑκάστοισι
1731 1109 2098 1224 τῶνᾷζᾶῗμῖ

0 1268 37 1299 Ι.
163 1216 360 1290 ἀρχέων
390 1219 583 1284 ἵδρυταί
609 1224 709 1286 σφι
731 1217 911 1285 Ἀρεος
942 1218 1046 1287 ἱρὸν
1076 1219 1282 1272 τοιόνδε·
1323 1206 2098 1309 φρυγάνων-φάκελοιιῖζῆῑ*ῑίί“’<·“1“’1

0 1253 128 1344 ’wax
164 1300 486 1355 συννενέαται
529 1303 671 1356 ὅσον
692 1324 748 1356 τε
792 1303 874 1355 ἐπὶ
916 1305 1146 1357 σταδίους
1185 1308 1317 1371 τρεῖς
1356 1306 1509 1370 μῆκος
1552 1303 1631 1355 καὶ
1671 1302 1826 1369 εὖρος,
1935 1283 2098 1341 ’,Μ

162 1386 294 1454 ὕψος
328 1389 382 1440 δὲ
414 1386 656 1440 ἔλασσον.
743 1387 845 1440 ἄνω
877 1390 930 1440 δὲ
961 1388 1134 1441 τούτου
1171 1387 1484 1456 τετράγωνον
1519 1387 1704 1454 ἀπε-δον
1739 1408 1825 1439 πε-
1848 1391 1974 1457 μά.

90 1490 138 1533 ¹5
163 1471 375 1537 ποίηται,
412 1472 492 1524 καὶ
532 1474 595 1524 τὰ
633 1474 725 1539 μὲν
765 1474 876 1542 τρία
916 1478 1014 1525 τῶν
1057 1473 1231 1525 κώλων
1275 1473 1386 1525 ἐστὶ
1426 1473 1668 1539 ἀπόῑομα,
1706 1473 1829 1523 κατὰ
1844 1477 1990 1535 ’54’-

161 1557 216 1608 δὲ
252 1555 310 1608 τὸ
346 1555 401 1608 ἓν
435 1558 697 1626 ἐπιβατόν.
787 1556 923 1612 ἔτεος
960 1560 1013 1610 δὲ
1051 1556 1262 1610 ἑκάστου
1295 1555 1487 1623 ἁμάξας
1521 1555 1829 1622 πεντήκοντα
1859 1577 2092 1628 zat-affim-

19 1644 108 1687 Μ
162 1639 242 1692 καὶ
266 1640 443 1694 ἑκατὸν
473 1640 728 1710 ἐπινέουσι
753 1641 1039 1710 φρυγάνων·
1080 1641 1376 1695 ὑπονοστέει
1405 1644 1501 1709 γὰρ
1530 1640 1588 1706 δὴ
1613 1641 1710 1693 αἰεὶ
1731 1640 1828 1694 ὑπὸ

159 1729 259 1778 τῶν
290 1726 569 1795 χειμώνων.
646 1726 726 1780 ἐπὶ
749 1728 924 1780 τούτου
956 1726 1012 1791 δὴ
1037 1731 1125 1780 τοῦ
1155 1715 1307 1803 ὄγκου
1338 1726 1572 1791 ἀκινάκης
1596 1723 1827 1792 σιδήρεος

159 1810 349 1876 ἵδρυται
395 1812 602 1880 ἀρχαῖος
647 1810 923 1872 ἑκάστοισι,
971 1813 1050 1864 καὶ
1094 1811 1225 1864 τοῦτ’
1270 1812 1379 1863 ἐστὶ
1424 1815 1511 1863 τοῦ
1546 1809 1726 1878 Ἄρεος
1769 1809 1826 1861 τὸ

87 1917 137 1947 20
159 1893 376 1962 ἄγαλμα.
466 1895 624 1966 τούτῳ
677 1898 731 1949 δὲ
777 1902 844 1967 τῷ
893 1896 1101 1968 ἀκινάκῃ
1148 1898 1323 1951 θυσίας
1370 1896 1621 1949 ἐπετείους
1664 1915 1822 1961 προσ-

158 1978 340 2047 άγουσι
375 1979 647 2048 προβάτων
685 1981 764 2033 καὶ
804 1982 986 2041 ἵππων,
1026 1981 1106 2033 καὶ
1146 1979 1204 2045 δὴ
1243 1980 1322 2032 καὶ
1361 1979 1540 2050 τοισίδ’
1576 1979 1650 2031 ἔτι
1685 1978 1823 2031 πλέω
1844 1978 2098 2047 witlam&

84 2075 87 2078 ’
158 2064 334 2117 θύουσι
363 2060 394 2129 ἢ
425 2070 559 2118 τοῖσι
582 2065 790 2118 ἄλλοισι
821 2069 997 2119 θεοῖσι.
1077 2066 1229 2120 ὅσους
1253 2061 1333 2131 [δ’]
1363 2063 1424 2117 ἂν
1447 2069 1545 2116 τῶν
1569 2063 1825 2128 πολεμίων
1837 2037 2098 2129 gam}

159 2147 470 2216 ζωγρήσωσι,
497 2149 596 2202 ἀπὸ
619 2155 717 2203 τῶν
747 2150 922 2203 ἑκατὸν
951 2151 1140 2216 ἀνδρῶν
1171 2149 1324 2217 ἄνδρα
1346 2150 1433 2202 ἕνα
1465 2149 1638 2201 θύουσι
1658 2148 1823 2217 τρόπῳ

157 2233 213 2286 οὐ
249 2239 316 2304 τῷ
354 2235 482 2304 αὐτῷ
525 2231 591 2305 [ᾧ]
630 2235 709 2287 καὶ
745 2237 805 2286 τὰ
841 2236 1089 2302 πρόβατα,
1124 2233 1241 2286 ἀλλ’
1272 2234 1488 2303 ἑτεροίῳ·
1537 2234 1688 2285 ἐπεὰν
1727 2233 1823 2298 γὰρ

84 2338 132 2380 25
156 2316 294 2371 οἶνον
329 2320 671 2372 ἐπισπείσωσι
710 2320 832 2371 κατὰ
867 2324 965 2371 τῶν
1004 2317 1281 2386 κεφαλέων,
1316 2315 1674 2385 ἀποσφάζουσι
1709 2315 1823 2370 τοὺς

214 2466 231 2492 1
265 2457 286 2496 ὅ
315 2453 444 2505 λέβης
472 2455 514 2495 Α
535 2455 570 2494 Β
594 2455 627 2494 C
859 2469 883 2493 2
915 2454 1166 2503 ἐσβαλόντες
1198 2453 1232 2493 Ρ
1254 2453 1292 2492 R
1310 2453 1373 2493 V:
1415 2453 1697 2502 ἐσβάλλοντες
1727 2452 1821 2495 rell.

155 2521 181 2559 3
205 2510 386 2564 παραμίξ.
404 2510 439 2550 L
549 2509 764 2552 ὑποκέουσι
784 2511 821 2549 R
834 2511 872 2549 V
983 2522 1007 2559 5
1033 2508 1289 2563 ἐψιλωμένων
1306 2509 1345 2547 R
1361 2508 1390 2547 S
1403 2509 1441 2547 V
1554 2510 1696 2550 ἑαυτὸν
1709 2507 1748 2547 Α
1760 2508 1795 2547 Β
1811 2523 1821 2548 z

156 2566 329 2607 ἐτι-αυτὸν
350 2565 384 2604 C
495 2565 523 2604 8
553 2566 776 2619 ἔμπροσθεν
798 2565 832 2604 C
847 2565 929 2604 PR
945 2565 1025 2604 SV
1137 2564 1270 2606 θύουσι
1289 2595 1296 2603 .
1318 2593 1327 2602 .
1348 2593 1358 2603 .
1379 2564 1544 2605 ἄλλοισι
1568 2565 1658 2615 (10)
1682 2576 1764 2604 om.
1787 2563 1821 2602 C

159 2631 210 2659 10
237 2623 323 2662 τοῖς
342 2618 383 2659 Α
397 2620 432 2659 Β
545 2621 694 2672 ταῦτα]
717 2621 770 2662 τὰ
790 2621 900 2661 ἄλλα
921 2619 951 2658 S
964 2620 1000 2657 V
1018 2634 1028 2659 z
1056 2621 1196 2660 τᾶλλα,
1218 2618 1405 2671 πρόβατα
1427 2619 1465 2656 R
1630 2631 1673 2657 11
1707 2618 1752 2660 δὲ
1771 2619 1821 2668 δὴ

118 2716 122 2720 ,
157 2674 197 2713 R
213 2673 295 2714 SV
416 2675 534 2728 Ἄρηι
555 2675 590 2714 L
779 2687 826 2712 12
856 2675 1013 2727 ἀρχέων
1034 2673 1153 2713 Stein
1175 2688 1184 2713 z
1215 2674 1388 2727 ἀρχείων
1409 2672 1448 2711 Α
1466 2673 1499 2711 Β
1520 2686 1530 2711 :
1560 2674 1738 2727 ἀρχηΐων
1759 2673 1820 2712 C:

155 2729 333 2782 ἇρχαίων
354 2729 388 2769 Ρ
401 2729 440 2768 R
456 2729 486 2770 S
500 2730 536 2768 V
648 2729 852 2781 ἐσίδρυταί
870 2728 909 2767 Α
924 2730 958 2767 Β
973 2729 1006 2767 C
1021 2729 1054 2767 P
1074 2742 1083 2767 :
1116 2729 1315 2781 ἐνίδρυταί
1337 2729 1458 2767 Stein
1625 2741 1672 2777 13
1704 2743 1818 2769 συνε-

155 2783 293 2826 νέαται
312 2781 366 2822 Αι
379 2785 413 2823 C
427 2785 460 2824 P
479 2799 488 2824 ε
518 2783 733 2826 σύννέαται
755 2784 785 2823 S
805 2798 815 2823 ε
845 2782 1035 2825 συνέαται
1059 2783 1097 2821 R
1110 2783 1148 2820 V
1235 2795 1238 2797 “
1348 2796 1396 2832 14
1428 2782 1616 2823 ἐπίπεδον
1638 2783 1672 2821 Ρ
1686 2783 1724 2822 R
1739 2781 1820 2822 SV

121 2855 123 2858 ⁴
157 2839 207 2877 18
238 2838 321 2892 ἐπὶ]
355 2840 430 2881 ὑπὸ
452 2839 589 2879 RSV
699 2838 742 2880 δὲ
772 2839 811 2877 R
924 2841 1052 2887 σηκοῦ
1077 2837 1117 2876 Α
1133 2838 1165 2875 Β
1183 2838 1216 2876 C
1383 2849 1431 2876 21
1463 2843 1558 2877 tert.
1584 2838 1648 2878 καὶ
1670 2851 1751 2877 om.
1778 2837 1819 2877 R

153 2893 335 2943 τοῖσδ(ε)
359 2893 393 2932 L
504 2907 557 2932 22
587 2894 621 2936 δ’
643 2894 724 2934 del.
751 2892 950 2932 Bckker:
980 2893 1012 2933 δ’
1035 2895 1082 2933 ἂν
1103 2905 1183 2931 om.
1210 2892 1244 2931 P
1354 2904 1407 2942 23
1438 2891 1506 2933 ἕνα
1526 2905 1607 2932 om.
1633 2892 1721 2932 AB
1737 2893 1770 2931 C
1786 2892 1819 2931 P

154 2959 206 2996 24
237 2946 276 3042 (ξ
288 2948 370 2989 del.
396 2948 551 2989 Struve
684 2959 738 2999 25
767 2947 1000 3002 κεφαλαίων
1021 2948 1053 2987 C
1071 2947 1109 2986 R
1123 2947 1161 2986 V
1273 2946 1471 2999 σφάζουσι
1495 2947 1532 2986 R
1548 2947 1586 2987 V
1605 2961 1614 2987 ε
1644 2947 1817 3000 σφάξαν·

153 3017 223 3044 τες
