2098 3320
31 204 66 252 I.
87 216 152 264 32

173 510 198 552 8

174 944 202 987 9
233 920 359 971 ἐστι·
397 917 453 969 τὸ
476 921 566 983 μὲν
592 920 687 985 γὰρ
718 918 839 985 ἔχει,
870 918 1029 970 ἄλλου
1055 921 1108 970 δὲ
1133 916 1296 971 ἐνδεές
1320 919 1446 969 ἐστι.
1501 915 1555 970 ὃς
1586 916 1628 969 δ’
1653 915 1713 968 ἂν
1737 915 1898 968 αὐτῶν
1952 938 1954 941 ’
1979 928 1982 929 ’

96 1352 197 1400 ’33

129 1678 198 1727 34

176 2031 202 2063 2

862 169 1289 247 ΗΡΟΔΟΤΟΎ

234 334 352 398 βίον
386 331 454 390 εὖ,
489 331 629 383 οὗτος
655 332 840 383 ἐκεῖνος
865 329 948 381 τὸν
982 329 1044 379 σὺ
1079 327 1276 393 ζητέεις,
1309 324 1382 394 <ὁ>
1412 329 1591 392 ὄλβιος
1622 329 1894 391 κεκλῆσθαι

233 414 370 479 ἄξιός
413 418 536 466 ἐστι·
598 415 713 481 πρὶν
755 414 797 465 δ’
839 411 1228 484 διν-τελευτήσῃ,
1269 409 1895 509 ἐτΨε-ἳνῴλέειν

235 522 301 551 κω
355 502 551 564 ὄλβιον,
609 498 725 549 ἀλλ’
788 497 1011 565 εὐτυχέα.
1115 498 1176 548 τὰ
1233 496 1394 548 πάντα
1450 495 1542 561 μέν
1600 516 1687 548 νυν
1736 499 1897 560 Qu,
1960 495 1964 500 ’

234 587 516 647 συλλαβεῖν
565 581 825 648 ἄνθρωπον
875 582 1020 633 ἐόντα
1073 581 1314 633 ἀδύνατόν
1362 582 1487 639 ἐστι,
1541 580 1711 647 ὥσπερ
1758 579 1893 647 χώρη
1959 637 1962 640 ⁴

233 667 433 732 οὐδεμία
486 666 744 733 καταρκέει
797 666 961 719 πάντα
1013 669 1170 737 ἑωυτῇ
1221 664 1528 732 παρέχουσα,
1580 665 1713 715 ἀλλὰ
1765 663 1896 714 ἄλλο
1921 687 1943 727 5

231 754 324 816 μὲν
367 751 489 818 ἔχει,
538 750 707 816 ἑτέρου
750 752 802 802 δὲ
845 749 1108 802 ἐπιδέεται·
1154 747 1184 813 ἢ
1228 752 1279 801 δὲ
1316 748 1377 801 ἂν
1417 751 1479 800 τὰ
1518 753 1738 800 πλεῖστα
1782 748 1894 818 ἔχῃ,

233 836 352 899 αὕτη
386 835 582 900 ἀρίστη.
673 835 737 887 ὣς
771 836 823 886 δὲ
855 834 934 885 καὶ
960 834 1219 901 ἀνθρώπου
1244 839 1388 898 σῶμα
1413 833 1466 885 ἓν
1495 833 1638 885 οὐδὲν
1661 830 1899 898 αὔταρκές

232 1008 451 1056 πλεῖστα
486 1001 616 1070 ἔχων
655 1002 886 1073 διατελέῃ
933 1004 1011 1054 καὶ
1059 1002 1230 1054 ἔπειτα
1269 1000 1546 1073 τελευτήσῃ
1593 1000 1899 1069 εὐχαρίστως

233 1086 319 1140 τὸν
363 1087 497 1151 βίον,
541 1071 728 1158 ofirbss
726 1086 841 1153 παρ’
887 1065 1021 1162 ἐμοὶ)
1040 1086 1098 1138 τὸ
1146 1087 1332 1152 οὔνομα
1374 1090 1534 1145 τοῦτο,
1578 1083 1615 1136 ὦ
1659 1088 1896 1185 βᾷσθλεῦ,

233 1170 417 1222 δίκαιός
439 1172 548 1222 ἐστι
569 1169 829 1238 φέρεσθαι.
881 1163 1114 1222 σκοπέειν
1137 1173 1190 1222 δὲ
1214 1170 1309 1238 χρὴ
1335 1169 1518 1223 παντὸς
1536 1142 1791 1243 χγόῗῗματος
1811 1168 1900 1233 τὴν

233 1253 470 1317 τελευτὴν
530 1262 588 1326 κῇ
648 1252 999 1330 ἀποβήσεται·Ι
1094 1259 1340 1307 πολλοῖσι
1396 1256 1491 1321 γὰρ
1550 1254 1607 1318 δὴ
1658 1251 1900 1317 ὑποδέξας

235 1339 395 1403 ὄλβον
420 1337 587 1405 ὁμᾷθεὸς
611 1339 907 1407 προρρίζόυς
928 1337 1187 1406 ἀνέτρεψε.
1239 1343 1391 1390 ταῦτα
1413 1337 1578 1405 λέγων
1608 1342 1674 1408 τῷ
1699 1339 1899 1406 Κροίσῳ

235 1422 290 1472 οὔ
323 1443 416 1475 κως
447 1422 560 1473 οὕτε
589 1423 857 1489 ἐχαρίζετο,
893 1423 1004 1474 οὔτε
1034 1424 1189 1489 λόγου
1221 1444 1306 1488 μιν
1338 1421 1674 1488 ποιησάμενος
1703 1421 1900 1475 οὐδενὸς

237 1490 597 1598 ἀποβῐέμπεται,
644 1504 795 1572 κάρτα
841 1505 986 1570 δόξας
1033 1506 1224 1571 ἀμαθέα
1269 1506 1409 1566 εἶναι,
1455 1506 1509 1560 ὃς
1552 1509 1613 1557 τὰ
1653 1506 1902 1573 παρεόντα

237 1585 399 1656 ἀγαθὰ
421 1587 703 1657 μετεὶςζτὴν
733 1583 985 1659 τελευτὴν)
1001 1591 1184 1644 παντὸς
1218 1589 1469 1658 χρήματος
1502 1592 1622 1657 ὁρᾶν
1655 1589 1866 1642 ἐκέλευε.

320 1674 465 1724 Μετὰ
523 1675 575 1725 δὲ
627 1674 836 1725 Σόλωνα
887 1675 1149 1742 οἰχόμενον
1203 1674 1362 1739 ἔλαβε
1382 1656 1475 1753 [ἐκ
1536 1661 1902 1776 θεοῦἹνέμεσις

234 1755 430 1825 μεγάλῃ
483 1760 718 1824 Κροῖσον,
773 1757 837 1811 ὡς
885 1757 1096 1818 εἰκάσαι,
1153 1760 1228 1810 ὅτι
1282 1759 1483 1823 ἐνόμισε
1538 1762 1719 1810 ἑωυτον
1776 1757 1903 1810 εἶναι

1926 1106 1976 1135 10

1928 1525 1982 1568 15

237 1840 507 1906 ἀνθρώπων
567 1839 797 1893 ἁπάντων
855 1842 1180 1906 ὀλβιώτατον.
1271 1842 1443 1894 αὐτίκα
1502 1842 1557 1894 δέ
1605 1820 1660 1911 [Ji
1713 1836 1937 1894 εὕδοντιἿ

238 1922 427 1989 ἐπέστη
458 1926 661 1990 ὄνειρος,
696 1926 831 2003 ὅςβοὶ
867 1925 957 1989 τὴν
995 1927 1231 1990 ἀληθείην
1273 1926 1448 1993 ἔφαινε
1473 1924 1578 2000 ᾆῶν
1608 1926 1902 1991 μελλόντων

237 2007 473 2076 γενέσθαι
505 2013 663 2060 κακῶν
695 1988 816 2060 xb'ffi
851 2014 936 2061 τὸν
972 2013 1138 2061 παῖδα.
1228 2008 1358 2073 ἦσαν
1397 2013 1449 2061 δὲ
1485 2015 1550 2078 τῷ
1587 2010 1785 2079 Κροίσῳ
1817 2009 1902 2080 δύο

0 2095 425 2192 ΜψμαΙ-(Ἱπαῖδες,
457 2097 554 2144 τῶν
586 2095 901 2159 οὕτεροςῙμὲν
933 2092 1216 2161 διέφθαρτο,
1258 2093 1317 2157 ἦν
1351 2095 1446 2160 γὰρ
1483 2093 1541 2157 δὴ
1577 2095 1759 2161 κωφός,
1792 2094 1819 2144 6
1849 2096 1901 2145 δὲ

181 2362 205 2405 3

241 2176 404 2239 ἔτερος
435 2180 532 2228 τῶν
561 2177 746 2241 ἡλίκων
782 2182 949 2246 μακρῷ
987 2179 1046 2228 τὰ
1083 2177 1244 2230 πάντα
1283 2182 1491 2245 πρῶτος·
1547 2178 1733 2243 οὔνομα
1768 2176 1820 2229 δέ
1855 2179 1902 2229 οἱ

239 2258 301 2323 ἦν
337 2257 502 2312 Ἄτυς.
591 2265 677 2310 τοῦ
708 2281 769 2355 οιῆ
810 2260 867 2324 δὴ
902 2258 975 2347 (ἓν
1010 2260 1097 2313 τὸν
1131 2261 1287 2313 ’Άτυν
1319 2262 1550 2326 σημαίνει
1590 2262 1659 2330 τῷ
1703 2261 1903 2330 Κροίσῳ

242 2343 269 2393 6
298 2344 502 2409 ὄνειρος,
543 2343 607 2396 ὡς
622 2323 1161 2442 Μόλέὲιιῦκμινῄιῖχμῇ
1194 2318 1422 2416 σιδηρέῃδ
1434 2344 1705 2410 βληθέντα.
1794 2346 1820 2395 6
1850 2347 1904 2396 δὲ

242 2427 406 2478 ἐπείτε
436 2423 674 2493 ἐξηγέρθη
708 2427 787 2478 καὶ
819 2429 979 2498 ἑωυτῷ
1002 2429 1156 2495 λόγον
1193 2429 1358 2487 ἔδωκε,
1374 2448 1385 2455 ”
1402 2427 1783 2495 καταρρωδήσας
1816 2428 1903 2480 τὸν

243 2511 433 2576 ὄνειρον
457 2509 627 2577 ἄγεται
656 2513 748 2575 μὲν
776 2516 841 2580 τῷ
867 2513 1003 2564 παιδὶ
1028 2517 1250 2578 γυναῖκα,
1278 2512 1466 2563 ἐωθότα
1497 2515 1549 2564 δὲ
1581 2510 1904 2580 στρατηγέειν

243 2614 328 2658 μιν
369 2598 465 2644 τῶν
507 2597 681 2646 Λυδῶν
719 2595 903 2666 οὐδαμῇ
941 2589 1131 2648 ἔτιίέπὶ
1167 2601 1358 2648 τοιοῦτο
1396 2593 1615 2662 πρῆγμα)
1640 2596 1901 2662 ἐξέπεμπε,

304 2743 321 2769 1
357 2728 489 2780 ζητεῖς
525 2730 558 2768 L
592 2730 706 2770 Stob.
875 2735 895 2772 6
930 2732 1022 2770 add.
1061 2732 1180 2771 Stein
1400 2745 1425 2770 2
1455 2733 1695 2782 τελευτήσει
1731 2734 1770 2771 R
1784 2734 1810 2772 b
1825 2733 1902 2786 [V]

244 2796 270 2833 3
301 2784 376 2836 κω]
409 2786 473 2826 καὶ
505 2785 587 2824 SV
805 2798 829 2834 5
860 2786 1040 2837 offiem'a]
1072 2790 1141 2836 μιῆ
1176 2786 1214 2824 R
1231 2787 1313 2826 SV
1474 2788 1709 2841 καταρκέειν
1731 2789 1904 2828 RSVb

245 2841 272 2877 6
302 2838 453 2879 ἐπιδέ-ἑ·
469 2856 555 2880 εται
576 2840 614 2877 V
799 2853 820 2889 7
854 2841 998 2893 ἀρίστη
1029 2843 1129 2890 αὕτη
1161 2841 1193 2879 Ρ
1210 2841 1248 2878 R
1267 2842 1296 2880 S
1311 2841 1346 2879 V
1360 2842 1386 2879 b
1485 2867 1490 2871 -
1579 2855 1628 2881 10
1657 2844 1703 2883 τὸ
1725 2842 1850 2893 ὄνομα
1871 2843 1904 2881 Ρ

245 2893 275 2933 ὦ
297 2896 472 2940 βασιλεῦ
491 2894 546 2931 Vc
568 2893 686 2933 Stob.
704 2907 713 2932 z
744 2896 795 2935 ὡς
816 2895 1009 2942 βασιλεὺς
1031 2894 1064 2933 L
1289 2908 1336 2943 13
1367 2895 1510 2943 ὄλβιον
1530 2896 1583 2934 A¹
1723 2897 1905 2949 λέγοντα

249 2955 316 2999 Κρ.
341 2948 398 2985 Vc
593 2960 640 2997 15
670 2949 821 2999 ἀμαθὴς
842 2949 872 2988 S
1077 2962 1124 2999 17
1155 2953 1254 2991 θεῶν
1275 2950 1315 2987 R
1331 2950 1360 2989 S
1375 2950 1412 2988 V
1426 2951 1451 2989 b
1657 2953 1706 2989 18
1737 2952 1904 3002 ἐνόμισα

249 3001 289 3039 R
302 2999 357 3040 Vl
375 3000 427 3052 (²)
622 3016 675 3042 20
705 3003 875 3051 ἆληθίην
896 3003 928 3041 Ρ
943 3003 982 3040 R
995 3004 1035 3042 V
1226 3016 1277 3054 25
1309 3008 1329 3045 6
1351 3017 1430 3044 orn.
1455 3005 1488 3043 C
1503 3005 1533 3043 S
1648 3006 1818 3057 σιδηρήη
1837 3006 1876 3044 V
1893 3021 1903 3044 z

249 3059 389 3111 σιδηρῆ
413 3056 443 3095 S
554 3058 607 3094 26
637 3060 742 3109 ε’ξε-γ.
765 3057 798 3095 C
816 3056 848 3094 P
933 3074 1089 3111 κατορρ.
1118 3059 1154 3095 R
1172 3059 1200 3098 S
1214 3059 1252 3098 V
1265 3060 1290 3097 b
1393 3061 1444 3097 28
1474 3060 1710 3118 τοιοῦτον·(ἷ
1729 3059 1767 3098 R
1783 3059 1812 3099 S
1825 3059 1863 3098 V
1877 3060 1902 3098 b

646 3148 1180 3247 πρὲφῖζωςμνλεοῆ
1202 3153 1293 3209 mol
1321 3154 1537 3213 ssvvxch
1844 3150 1847 3151 ⁷

731 3284 935 3320 ,(’.ΑΑ
1020 3296 1037 3315 s

1927 1946 1979 1974 20

1929 2364 1976 2404 25
