2098 3320
80 91 179 140 2111.
207 105 297 153 124

951 83 1377 140 HP‘OAOTOT

338 220 684 287 ἐπεφημίζετο.
778 221 804 270 ὁ
857 219 910 272 δέ
963 223 1009 272 οἱ
1059 220 1321 286 ἠπείλησε,
1375 217 1437 285 ἢν
1496 226 1596 275 σῶς
1654 221 1996 294 ἀπονοστήσῃ,

337 304 531 357 πολλόν
555 325 638 369 μιν
662 305 845 373 χρόνον
875 306 1316 372 παρθενεύσεσθαι.
1394 306 1423 370 ἡ
1445 308 1498 357 δὲ
1521 305 1743 374 ἠρήσατο
1769 305 2015 358 ἐπιτελέα·

337 393 492 440 ταῦτα
515 387 768 455 γενέσθαι·
814 388 1099 454 βούλεσθαι
1122 391 1216 456 γὰρ
1240 390 1632 457 παρθενεύεσθαι
1655 390 1793 443 πλέω
1816 391 1999 459 χρόνον

215 483 303 534 125
338 469 367 537 ἢ
388 477 474 524 τοῦ
492 471 677 539 πατρὸς
696 475 1015 540 ἐστερῆσθαι.
1084 473 1411 541 Πολυκράτης
1430 477 1483 527 δὲ
1502 473 1669 540 πάσης
1688 476 2000 541 συμβουλίης
2028 479 2032 483 ’

338 555 599 624 ἀλογήσας
640 557 791 610 ἔπλεε
824 560 958 625 παρὰ
993 557 1080 610 τὸν
1116 558 1360 625 Ὀροίτεα,
1393 558 1495 625 ἅμα
1531 560 1774 627 ἀγόμενος
1814 559 2000 613 ἄλλους
2025 580 2046 621 5

207 2080 300 2129 126

275 2351 301 2382 2

337 664 391 694 τε
438 641 660 696 πολλοὺς
705 648 804 695 τῶν
851 644 1076 709 ἑταίρων,
1127 644 1182 695 ἐν
1229 646 1281 695 δὲ
1332 643 1390 707 δὴ
1445 644 1523 695 καὶ
1574 643 1869 709 Δημοκήδεα
1914 643 2001 696 τὸν

340 730 706 794 Καλλιφῶντος
744 725 1092 795 Κροτωνιήτην
1128 727 1297 795 ἄνδρα,
1332 729 1500 795 ἰητρόν
1536 750 1590 780 τε
1620 729 1767 780 ἐόντα
1803 728 1882 780 καὶ
1911 727 2001 792 τὴν

337 810 520 880 τέχνην
561 810 807 864 ἀσκέοντα
841 811 1024 879 ἄριστα
1058 817 1157 864 τῶν
1195 812 1298 887 κατ’
1330 813 1528 865 ἑωυτόν.
1617 813 1914 878 ἀπικόμενος
1948 815 2003 864 δὲ

339 897 390 950 ἐς
433 895 524 959 τὴν
573 897 877 963 Μαγνησίην
925 898 951 946 ὁ
999 896 1326 964 Πολυκράτης
1372 896 1616 965 διεφθάρη
1665 902 1838 957 κακῶς,
1889 897 2002 948 οὔτε

338 982 520 1032 ἑωυτοῦ
551 978 701 1044 ἀξίως
732 981 844 1033 οὔτε
874 986 973 1032 τῶν
1006 984 1186 1032 ἑωυτοῦ
1224 980 1573 1048 φρονημάτων·
1618 983 1696 1033 ὅτι
1725 984 1820 1048 γάρ
1855 980 1923 1046 μὴ
1954 982 2002 1033 οἱ

339 1065 657 1131 Συρηκοσίων
689 1066 950 1132 γενόμενοι
980 1066 1223 1132 τύραννοι,
1252 1067 1364 1117 οὐδὲ
1395 1067 1466 1119 εἷς
1496 1072 1595 1118 τῶν
1615 1065 1788 1117 ἄλλων
1810 1065 1998 1130 Ἑλλη-

338 1154 487 1201 νικῶν
545 1149 799 1216 τυράννων
856 1148 994 1214 ἄξιός
1047 1152 1158 1201 ἐστι
1207 1149 1519 1216 Πολυκράτεϊ
1567 1149 2002 1217 μεγαλοπρεπείην

339 1236 710 1298 συμβληθῆναι.
801 1235 1095 1287 ἀποκτείνας
1147 1233 1202 1285 δέ
1250 1256 1336 1300 μιν
1387 1236 1473 1286 οὐκ
1521 1233 1670 1299 ἀξίως
1722 1231 2003 1300 ἀπηγήσιος

339 1317 570 1383 Ὀροίτης
601 1318 972 1386 ἀνεσταύρωσε·
1019 1324 1117 1369 τῶν
1154 1317 1208 1370 δέ
1237 1321 1285 1370 οἱ
1317 1318 1574 1384 ἑπομένων
1605 1320 1719 1370 ὅσοι
1751 1320 1843 1384 μὲν
1872 1317 2003 1383 ἦσαν

338 1400 532 1467 Σάμιοι,
565 1403 742 1467 ἀπῆκε,
778 1402 993 1470 κελεύων
1031 1402 1196 1470 σφέας
1233 1405 1396 1473 ἑωυτῷ
1432 1402 1581 1471 χάριν
1617 1402 1800 1455 εἰδέναι
1831 1402 2004 1456 ἐόντας

339 1485 643 1554 ἐλευθέρους,
671 1488 786 1539 ὅσοι
818 1490 870 1539 δὲ
895 1485 1027 1551 ἦσαν
1050 1486 1209 1552 ξεῖνοί
1235 1510 1288 1540 τε
1313 1488 1391 1539 καὶ
1416 1491 1584 1539 δοῦλοι
1607 1492 1707 1539 τῶν
1730 1485 2001 1552 ἑπομένων,

338 1573 392 1622 ἐν
444 1571 765 1638 ἀνδραπόδων
817 1572 953 1642 λόγῳ
1006 1572 1295 1637 ποιεύμενος
1345 1571 1468 1640 εἶχε.
1574 1569 1924 1638 Πολυκράτης
1951 1572 2004 1622 δὲ

337 1655 737 1722 ἀνακρεμάμενος
791 1656 1025 1709 ἐπετέλεε
1076 1660 1245 1709 πᾶσαν
1295 1656 1385 1722 τὴν
1436 1659 1560 1724 ὄψιν
1610 1660 1697 1721 τῆς
1748 1655 2002 1723 θυγατρός·

337 1741 512 1792 ἐλοῦτο
541 1743 632 1806 μὲν
662 1743 757 1808 γὰρ
786 1740 882 1794 ὑπὸ
913 1746 999 1793 τοῦ
1033 1742 1171 1800 Διός,
1203 1742 1331 1795 ὅκως
1360 1742 1452 1801 ὕοι,
1485 1741 1682 1809 ἐχρίετο
1711 1742 1765 1792 δὲ
1793 1738 1889 1791 ὑπὸ
1918 1743 2006 1790 τοῦ

279 1857 282 1861 ,
337 1824 482 1889 ἡλίου
512 1826 665 1880 ἀνιεὶς
700 1825 845 1879 αὐτὸς
883 1827 937 1877 ἐκ
972 1830 1059 1877 τοῦ
1101 1825 1331 1891 σώματος
1371 1825 1567 1896 ἷκμ-άδα.
1655 1822 2006 1891 Πολυκράτεος

337 1912 430 1973 μὲν
472 1909 531 1974 δὴ
577 1912 627 1962 αἱ
670 1910 857 1962 πολλαὶ
903 1910 1125 1978 εὐτυχίαι
1172 1911 1221 1964 ἐς
1269 1914 1413 1962 τοῦτο
1458 1910 1790 1974 ἐτελεύτησαν
1835 1903 1912 1981 [τῇ
1960 1910 2006 1960 οἱ

331 1991 553 2058 ’Ἄμασις
584 1995 611 2044 ὁ
642 1995 892 2062 Αἰγύπτου
925 1994 1173 2060 βασιλεὺς
1203 1989 1672 2060 προεμαντεύσατο].

416 2079 592 2148 Χρόνῳ
610 2081 663 2132 δὲ
673 2080 729 2131 οὗ
739 2085 913 2149 πολλῶ
931 2080 1143 2147 ὕστερον
1155 2079 1233 2130 καὶ
1243 2078 1475 2146 Ὀροίτεα
1486 2076 1836 2145 Πολυκράτεος
1849 2077 2005 2129 τίσιες

338 2165 602 2227 μετῆλθον.
677 2165 801 2229 μετὰ
824 2166 920 2230 γὰρ
942 2163 1029 2215 τὸν
1055 2163 1342 2229 Καμβύσεω
1367 2162 1582 2215 θάνατον
1607 2163 1685 2215 καὶ
1707 2167 1804 2215 τῶν
1832 2159 2006 2228 μάγων

339 2246 431 2310 τὴν
454 2249 734 2312 βασιληίην
762 2247 926 2313 μένων
956 2250 1010 2300 ἐν
1040 2255 1160 2320 τῇσι
1190 2246 1401 2314 Σάρδισι
1424 2247 1660 2314 Ὀροίτης
1691 2246 1887 2314 ὠφέλεε
1916 2247 2006 2310 μὲν

342 2330 483 2383 οὐδὲν
516 2330 722 2398 Πέρσας
751 2331 846 2384 ὑπὸ
879 2330 1068 2396 Μήδων
1099 2330 1524 2399 ἀπαραιρημένους
1554 2331 1646 2396 τὴν
1676 2329 1852 2399 ἀρχήν·
1897 2331 1924 2380 ὁ
1953 2331 2007 2381 δὲ

343 2417 396 2467 ἐν
434 2416 586 2488 ταύτῃ
625 2424 686 2489 τῇ
725 2415 916 2489 ταραχῇ
959 2419 1082 2468 κατὰ
1122 2419 1213 2481 μὲν
1250 2416 1436 2468 ἔκτεινε
1468 2414 1793 2482 Μιτροβάτεα
1831 2417 1917 2466 τὸν
1953 2415 2005 2464 ἐκ

402 2568 419 2593 1
454 2553 724 2607 ἐπεφημίζετο
748 2554 781 2594 Ρ
796 2554 835 2592 R
850 2554 931 2594 SV
952 2554 1147 2594 Eustath.
1171 2553 1218 2592 11.
1240 2555 1319 2593 28:
1351 2556 1470 2606 ἐφημ.
1494 2553 1582 2592 ΑΒ
1598 2554 1632 2591 C
1775 2551 1874 2604 σῶς]
1898 2554 1949 2594 ὡς
1973 2552 2007 2591 C

2031 1000 2080 1029 10

2030 1420 2076 1461 15

2031 1843 2082 1872 20

2032 2264 2080 2304 25

344 2623 368 2648 2
397 2609 485 2661 μιν]
511 2626 578 2660 μοι
602 2609 641 2647 R
770 2608 1080 2663 παρθενεύεσθαι
1096 2608 1140 2646 A
1154 2609 1189 2647 Β
1205 2608 1238 2647 C
1254 2608 1284 2649 S
1297 2609 1337 2648 V
1519 2621 1545 2658 3
1573 2606 1917 2666 παρθενεύσασθαι
1939 2607 2008 2646 R.

343 2669 504 2705 ·σεσθαι
525 2664 564 2702 V
673 2664 801 2705 πλείω
823 2665 863 2703 R
879 2664 908 2703 S
924 2663 961 2702 V
1070 2664 1098 2701 6
1127 2662 1219 2721 ἑτέρ
1221 2681 1276 2705 ων
1297 2658 1336 2701 R
1358 2662 1485 2714 (corr.
1513 2665 1551 2708 Ι)
1574 2663 1613 2700 V
1724 2674 1746 2711 7
1778 2660 1924 2714 Κάλιφ.
1946 2661 2006 2701 C:

344 2726 528 2770 Καλλοφ.
556 2719 585 2758 S
599 2719 637 2757 V
814 2732 842 2762 Q
870 2723 945 2760 κῶς
969 2719 999 2758 S
1013 2718 1052 2757 V
1229 2730 1273 2755 11
1301 2723 1451 2780 Συρακ.
1473 2718 1513 2756 R
1528 2717 1558 2756 S
1571 2717 1611 2756 V
1718 2716 1902 2770 τύραννοι
1921 2729 2004 2756 om.

343 2773 431 2812 AB
448 2773 482 2811 C
609 2787 657 2823 13
686 2774 778 2826 ἀξίω
801 2773 841 2811 R
857 2773 937 2812 SV
1059 2786 1108 2822 14
1138 2774 1276 2823 Σάμιοι
1296 2772 1403 2821 ἦσαν
1423 2772 1463 2810 R
1479 2772 1560 2811 SV
1643 2783 1645 2785 ·
1685 2773 1734 2810 18
1763 2770 2006 2826 ἀνακρεκρά-

347 2844 464 2878 μενος
488 2828 552 2867 R:
585 2828 824 2881 ἀνακεκράμ.
851 2827 932 2867 SV
1151 2841 1200 2866 21
1232 2831 1312 2882 τῇ.
1357 2825 1742 2880 .προεμαντεύσατο
1765 2839 1847 2865 om.
1873 2824 2009 2864 RSV

348 2895 400 2920 22
431 2880 623 2933 Ἀμάσιος
644 2883 678 2921 C
871 2895 922 2931 24
952 2881 1037 2933 καὶ]
1059 2884 1162 2923 κατὰ
1180 2870 1449 2921 Val‘ckenaer
1639 2893 1692 2931 25
1723 2885 1744 2922 ὁ
1764 2881 1846 2934 Ὀρ.
1873 2879 2009 2920 RSV
2061 2901 2071 2906 —

347 2936 497 2988 ὦφέλει
520 2937 553 2975 L
719 2939 772 2975 26
800 2954 1010 2989 παραιρημ.
1039 2937 1102 2976 R:
1134 2953 1364 2989 παραιρουμ.
1391 2936 1421 2975 S
1437 2936 1475 2974 V
1621 2948 1671 2985 27
1702 2937 1806 2989 ἀρχῇ
1826 2933 1961 2973 ABC
1975 2934 2009 2972 P

350 2992 611 3044 Μιτροβάτεα
627 3022 634 3031 .
659 3023 666 3031 .
685 3018 696 3031 =
715 2994 818 3033 κατὰ
839 2991 882 3032 δὲ
905 3005 986 3032 om.
1012 2991 1091 3031 SV
1110 3007 1118 3030 :
1147 2993 1220 3032 τὸν
1242 2995 1310 3032 ἐκ.
1355 2993 1484 3032 ,κατὰ
1506 2990 1547 3031 δὲ
1569 3004 1649 3030 om.
1675 2990 1714 3028 R
