2098 3320
769 187 1154 237 ΙΣΤΟΡΙΩΝ
1214 187 1258 235 Α
1890 190 2039 241 I.126

179 319 272 387 γὰρ
312 317 555 387 προτέρην
593 316 778 387 ἡμέρην
815 317 979 372 πάντα
1019 324 1119 387 σφι
1161 319 1284 370 κακὰ
1323 316 1476 387 ἔχειν,
1514 317 1605 383 τῆν
1646 321 1698 372 δὲ
1738 320 1853 373 τότε

178 408 458 470 παρεοῦσαν
489 402 652 456 πάντα
688 402 866 471 ἀγαθά.
954 403 1269 470 παραλαβὼν
1306 405 1359 455 δὲ
1394 407 1540 455 τοῦτο
1576 402 1634 456 τὸ
1670 404 1789 460 ἔπος
1825 405 1852 455 ὁ

178 492 336 555 Κῦρος
359 488 672 556 παρεγύμνου
694 487 781 540 τὸν
805 487 967 541 πάντα
990 488 1159 556 λόγον,
1185 486 1368 554 λέγων·
1403 485 1614 555 ’Ἄνδρες
1635 487 1848 556 Πέρσαι,
1888 508 1909 555 5

177 573 331 627 οὕτως
354 574 466 638 ὑμῖν
491 573 613 641 ἔχει·
659 571 1023 638 βουλομένοισι
1053 574 1145 638 μὲν
1176 570 1292 637 ἐμέο
1316 570 1580 625 πείθεσθαι
1602 573 1713 625 ἔστι
1735 573 1852 626 τάδε

129 678 153 720 5
176 678 230 710 τε
262 656 340 709 καὶ
362 656 498 709 ἄλλα
525 658 673 724 μυρία
696 656 875 725 ἀγαθά,
903 655 1077 709 οὐδένα
1100 657 1257 709 πόνον
1282 656 1625 724 δουλοπρεπέα
1655 657 1849 726 ἔχουσι·

175 740 242 807 μὴ
271 741 634 808 βουλομένοισι
658 744 711 794 δὲ
737 740 852 808 ἐμέο
876 743 1137 795 πείθεσθαι
1170 742 1270 794 εἶσὶ
1293 743 1408 806 ὑμῖν
1432 742 1576 795 πόνοι
1600 747 1666 812 τῷ
1697 743 1849 813 χθιζῷ

176 824 520 894 παραπλήσιοι
550 827 888 894 ἀναρίθμητοι.
969 831 1056 879 νῦν
1088 824 1157 878 ὧν
1188 825 1302 892 ἐμέο
1333 827 1617 892 πειθόμενοι
1646 827 1850 894 γίνεσθε
1883 837 1911 880 6

177 910 455 978 ἐλεύθεροι.ι
531 911 674 965 αὐτός
704 933 758 964 τε
788 912 882 979 γὰρ
914 910 1067 963 δοκέω
1106 912 1214 982 θείῃ
1245 910 1370 982 τύχῃ
1403 912 1623 978 γεγονὼς
1653 909 1770 963 τάδε
1800 913 1851 965 ἐς

175 1000 347 1063 χεῖρας
387 995 600 1063 ἄγεσθαι
643 996 723 1048 καὶ
762 995 914 1061 ὑμέας
953 996 1139 1063 ἥγημαι
1178 994 1359 1062 ἄνδρας
1401 994 1589 1059 Μήδων
1631 996 1755 1048 εἶναι
1795 995 1851 1047 οὗ

105 1100 154 1130 ιο
177 1079 514 1147 φαυλοτέρους
545 1081 658 1132 οὔτε
686 1081 852 1132 τᾶλλα
882 1080 995 1132 οὔτε
1023 1082 1085 1131 τὰ
1115 1078 1348 1145 πολέμια.
1437 1079 1501 1133 ὡς
1533 1078 1600 1132 ὧν
1631 1080 1850 1148 ἐχόντων

175 1165 270 1216 ὧδε
300 1165 585 1217 ἀπίστασθε
615 1164 699 1217 ἀπ’
731 1163 1037 1232 Ἀστυάγεος
1067 1163 1157 1229 τὴν
1187 1165 1450 1233 ταχίστην.

261 1247 458 1316 Πέρσαι
491 1249 584 1315 μέν
615 1271 702 1302 νυν
731 1247 1022 1317 προστάτεω
1060 1248 1422 1313 ἐπιλαβόμενοι
1458 1247 1670 1314 ἄσμενοι
1707 1249 1846 1301 ἐλευ-
1886 1265 1971 1316 127

176 1335 422 1400 θεροῦντο,
457 1334 535 1385 καὶ
566 1333 724 1386 πάλαι
754 1333 916 1386 δεινὸν
938 1333 1221 1398 ποιεύμενοι
1249 1332 1345 1384 ὑπὸ
1371 1331 1558 1397 Μήδων
1587 1332 1847 1400 ἄρχεσθαι.

175 1416 455 1486 Ἀστυάγης
486 1420 539 1470 δὲ
576 1418 641 1472 ὡς
679 1418 886 1470 ἐπύθετο
920 1421 1083 1484 Κῦρον
1113 1422 1264 1469 ταῦτα
1300 1414 1610 1483 πρήσσοντα,
1644 1416 1850 1485 πέμψας

103 1524 148 1566 15
175 1500 392 1570 ἄγγελον
433 1501 609 1555 ἐκάλεε
655 1502 819 1554 αὐτόν.
908 1503 934 1553 ὁ
975 1505 1028 1554 δὲ
1069 1506 1230 1568 Κῦρος
1270 1499 1466 1554 ἐκέλευε
1505 1501 1592 1553 τὸν
1632 1500 1849 1568 ἄγγελον
1883 1522 1909 1555 2

174 1586 519 1655 ἀπαγγέλλειν
542 1588 618 1640 ὅτι
643 1588 883 1654 πρότερον
906 1585 1014 1652 ἥξει
1044 1585 1157 1653 παρ’
1184 1587 1371 1637 ἐκεῖνον
1394 1581 1423 1650 ἢ
1448 1584 1732 1652 Ἀστυάγης
1763 1585 1846 1638 αὐ-

173 1670 257 1726 τὸς
287 1670 616 1738 βουλήσεται.
692 1671 909 1725 ἀκούσας
939 1673 991 1723 δὲ
1022 1675 1174 1722 ταῦτα
1204 1671 1230 1721 ὁ
1253 1668 1537 1737 Ἀστυάγης
1563 1669 1765 1735 Μήδους
1795 1692 1849 1722 τε

173 1756 369 1809 ὥπλισε
405 1755 593 1810 πάντας
630 1755 711 1808 καὶ
750 1754 1030 1824 στρατηγὸν
1061 1755 1222 1807 αὐτῶν
1253 1754 1384 1806 ὥστε
1422 1753 1717 1820 θεοβλαβὴς
1753 1755 1848 1807 ἐὼν

162 1837 426 1908 ’Ἀρπαγον
456 1839 679 1906 ἀπέδεξε,
712 1840 874 1906 λήθην
904 1840 1194 1905 ποιεύμενος
1224 1837 1285 1890 τά
1313 1860 1398 1904 μιν
1431 1839 1616 1906 ἐόργεε.
1698 1838 1764 1893 ὡς
1794 1841 1845 1891 δὲ
1881 1859 1907 1902 3

99 1947 150 1976 20
172 1926 218 1977 οἱ
251 1928 417 1990 Μῆδοι
447 1924 871 1992 στρατευσάμενοι
893 1929 1027 1976 τοῖσι
1059 1922 1293 1995 Πέρσῃσι
1324 1922 1644 1990 συνέμισγον,
1678 1924 1724 1974 οἱ
1752 1922 1846 1987 μέν

171 2030 300 2063 τινε-ς
338 2009 498 2062 αὐτῶν
533 2008 799 2079 ἐμάχοντο,
839 2010 952 2061 ὅσοι
986 2008 1053 2074 μὴ
1090 2012 1175 2059 τοῦ
1209 2009 1366 2074 λόγου
1402 2006 1668 2075 μετέσχον,
1707 2009 1755 2059 οἱ
1792 2010 1844 2059 δὲ

171 2093 476 2159 αὐτομόλεον
511 2094 634 2161 πρὸς
667 2094 781 2147 τοὺς
821 2093 1040 2160 Πέρσας,
1079 2094 1124 2144 οἱ
1159 2094 1213 2144 δὲ
1248 2096 1481 2145 πλεῖστοι
1517 2090 1845 2162 ἐθελρὲᾴκεόν
1861 2104 2098 2153 mont-unp

171 2198 225 2230 τε
256 2178 334 2230 καὶ
364 2179 598 2246 ἔφευγον.
679 2177 994 2231 διαλυθέντος
1024 2179 1077 2229 δὲ
1107 2181 1192 2228 τοῦ
1225 2179 1450 2241 Μηδικοῦ
1481 2175 1845 2242 στρατεύματος
1883 2152 2098 2231 ΙΩὲἢΜ

135 2328 146 2337 ³
171 2264 407 2331 αἰσχρῶς,
435 2263 499 2317 ὡς
531 2263 739 2316 ἐπύθετο
762 2262 979 2331 τάχιστα
1010 2262 1036 2312 ὁ
1059 2260 1357 2328 Ἀστυάγης,
1385 2260 1482 2328 ἔφη
1506 2259 1754 2313 ἀπειλέων
1777 2265 1844 2331 τῷ

98 2368 146 2409 25
175 2347 334 2418 Κύρῳ·
385 2346 531 2399 Ἀλλ’
569 2347 670 2400 οὐδ’
711 2348 775 2401 ὣς
814 2348 974 2414 Κῦρός
1009 2368 1067 2414 γε
1109 2343 1361 2414 χαιρήσει.
1449 2349 1667 2397 τοσαῦτα
1703 2345 1844 2399 εἴπας
1878 2366 1902 2397 2
1949 2394 1951 2396 ,

171 2437 367 2498 πρῶτον
388 2435 480 2498 μὲν
504 2438 602 2485 τῶν
632 2432 806 2500 μάγων
829 2432 944 2485 τοὺς
975 2431 1340 2498 ὀνειροπόλους,
1370 2431 1421 2481 οἵ
1444 2451 1528 2495 μιν
1552 2428 1842 2495 ἀνέγνωσαν

168 2522 388 2581 μετεῖναι
417 2516 503 2570 τὸν
535 2522 711 2585 Κῦρον,
744 2518 947 2571 τούτους
984 2515 1370 2583 ἀνεσκο-λρπισε,
1403 2515 1528 2580 μετὰ
1564 2516 1616 2566 δὲ
1647 2514 1840 2565 ὥπλισε
1861 2512 2091 2578 ’νννψωίιά

169 2601 282 2656 τοὺς
315 2602 712 2671 ὑπολειφθέντας
750 2603 803 2654 ἐν
838 2606 906 2671 τῷ
944 2601 1088 2653 ἄστεϊ
1122 2605 1221 2652 τῶν
1256 2597 1459 2663 Μήδων,
1497 2597 1636 2652 νέους
1670 2618 1724 2650 τε
1762 2598 1840 2648 καὶ

171 2688 458 2754 πρεσβύτας
477 2687 672 2755 ἄνδρας.
736 2685 997 2754 ἐξαγαγὼν
1017 2688 1070 2737 δὲ
1089 2684 1290 2737 τούτους
1311 2683 1389 2735 καὶ
1409 2683 1688 2747 συμβαλὼν
1708 2686 1840 2733 τοῖσι
1878 2704 1903 2747 3

223 2840 248 2866 2
279 2826 324 2869 δὲ
343 2841 424 2867 om.
450 2827 485 2866 C
678 2842 702 2877 4
735 2827 849 2868 ἔσται
874 2826 910 2864 R
929 2825 1037 2865 SV:
1070 2826 1159 2867 ἔστι
1180 2824 1223 2866 δὲ
1247 2826 1280 2864 C
1460 2825 1488 2862 6
1519 2821 1612 2873 ἐμέο
1634 2822 1838 2863 πείθεσθαι

169 2880 372 2924 (πίθεσθαι
396 2882 455 2931 R)
479 2895 560 2922 om.
584 2881 720 2922 Aldus
946 2894 995 2920 10
1025 2890 1170 2932 φλαυρ.
1199 2881 1384 2919 Bredow
1598 2890 1646 2916 12
1676 2875 1773 2927 μέν]
1793 2875 1837 2917 δὲ

170 2935 207 2974 R
225 2936 308 2976 SV
450 2948 496 2986 14
526 2938 735 2990 πρήσοντα
758 2937 795 2974 R
811 2936 849 2974 V
992 2949 1038 2984 15
1072 2935 1242 2976 ἐκάλεσε
1268 2935 1300 2972 P
1449 2936 1498 2972 16
1529 2935 1781 2984 ἀπαγγέλειν
1800 2931 1838 2968 V

167 2991 254 3043 ἥξοι
274 2990 313 3032 Α
330 2991 364 3031 Β
379 2992 413 3031 C
429 2991 462 3031 P
605 3006 651 3042 17
683 2991 878 3039 βούλεται
902 2992 930 3030 S
1081 2991 1127 3028 18
1159 2991 1282 3030 αὐτὸν
1305 2988 1389 3028 R'S
1404 2988 1441 3026 V
1585 3001 1634 3038 19
1666 2987 1836 3038 εώργεεν

171 3044 210 3084 R
225 3046 306 3086 SV
499 3059 554 3085 20
585 3046 832 3098 συνέσμιγον
854 3048 883 3085 S
901 3047 935 3084 V
955 3059 963 3084 :
995 3045 1166 3096 ἔμισγον
1186 3045 1220 3083 C
1415 3057 1466 3092 24
1498 3044 1678 3084 ἀπειλῶν
1699 3041 1738 3081 R
1754 3042 1784 3081 S
1799 3042 1835 3079 V

169 3112 221 3151 25
251 3104 273 3143 ὅ
294 3100 418 3156 Κύρος
441 3100 480 3140 R
495 3101 579 3142 SV
745 3112 796 3150 27
829 3102 975 3142 ὅπλισε
996 3099 1035 3138 Α
1050 3098 1105 3138 Βι
