2098 3320
127 89 213 139 IV.
241 102 307 152 45
479 66 483 69 ’
975 89 1407 137 ΗΡΟΔΟΤΟΎ

346 221 623 290 οὐρίσματα
655 221 775 294 αὐτῇ
815 223 1000 276 Νεῖλός
1039 243 1091 275 τε
1123 223 1148 272 ὁ
1179 222 1448 289 Αἰγύπτιος
1484 221 1704 288 ποταμὸς
1742 221 1882 288 ἐτέθη
1926 222 2006 276 καὶ

346 310 511 360 Φᾶσις
557 308 583 356 ὁ
631 307 830 374 Κόλχος
872 307 936 370 (οἱ
989 309 1041 359 δὲ
1098 306 1290 359 Τάναϊν
1348 306 1569 372 ποταμὸν
1626 307 1714 358 τὸν
1773 305 2005 373 Μαιήτην

348 392 426 443 καὶ
460 390 723 457 Πορθμήια
752 393 812 442 τὰ
838 390 1083 458 Κιμμέρια
1111 389 1353 459 λέγουσι),
1380 392 1493 444 οὐδὲ
1521 396 1620 444 τῶν
1650 391 2005 459 διουρισάντων

344 498 406 527 τα
458 476 706 540 οὐνόματα
757 474 1018 535 πυθέσθαι,
1068 477 1147 527 καὶ
1198 477 1314 528 οθεν
1366 475 1534 527 ἔθεντο
1579 478 1665 530 τὰς
1709 477 2002 541 ἐπωνυμίας.

286 581 311 624 3
344 559 435 625 ηδη
467 562 562 627 γὰρ
604 560 769 624 Λιβύη
811 563 903 624 μὲν
943 561 1024 612 ἐπὶ
1066 561 1262 625 Λιβύης
1295 559 1498 627 λέγεται
1535 560 1632 612 ὑπὸ
1667 565 1765 612 τῶν
1799 564 2005 612 πολλῶν

343 643 607 708 Ἑλληνων
639 644 776 712 ἔχειν
806 644 862 695 τὸ
894 645 1078 710 οὕνομα
1108 643 1338 711 γυναικὸς
1369 645 1684 712 αὐτόχθονος,
1716 645 1746 709 ἡ
1777 647 1830 697 δὲ
1853 643 2003 710 Ἀσίη

0 713 177 854 (qum
85 735 119 773 ‘'-
145 743 191 768 ⁹-
297 755 305 800 1
346 729 427 781 ἐπὶ
464 750 552 793 της
594 727 886 795 Προμηθέος
927 728 1158 795 γυναικὸς
1203 728 1293 792 τὴν
1340 730 1634 794 ἐπωνυμίην.
1709 728 1787 780 καὶ
1829 729 2004 781 τούτου

0 856 229 890 W„
292 839 304 902 ς
342 816 435 877 μὲν
478 812 950 878 μεταλαμβάνονται
1000 818 1087 864 τοῦ
1132 812 1400 878 οὐνόματος
1442 814 1610 872 Λυδοί,
1659 812 1872 880 φάμενοι
1923 813 2004 865 ἐπὶ

0 899 148 948 .·³5‘9
289 928 299 956 ρ
344 896 529 949 Ἀσίεω
559 902 647 948 τοῦ
679 898 864 951 Κότυος
894 902 981 948 τοῦ
1014 897 1198 949 Μάνεω
1231 900 1504 961 κεκλησθαι
1538 918 1628 961 την
1657 896 1856 962 Ἀσίην,
1889 896 2004 949 ἀλλ’

0 989 191 1056 ηῑςςῗ
297 996 309 1047 1
344 982 429 1033 οὐκ
461 982 543 1034 ἐπὶ
573 1003 661 1046 της
692 980 984 1051 Πρόμηθέος
1007 981 1200 1047 Ἀσίης·
1250 981 1334 1033 ἀπ’
1354 982 1465 1033 ὅτευ
1497 981 1574 1032 καὶ
1604 980 1694 1045 τὴν
1719 983 1772 1032 ἐν
1796 980 2004 1048 Σάρδισι

0 1056 4 1061 ’
285 1086 312 1128 4
345 1066 511 1134 φυλὴν
543 1069 816 1130 κεκλῆσθαι
848 1065 1075 1117 Ἀσιάδα.
1150 1067 1179 1131 ἡ
1211 1069 1263 1118 δὲ
1288 1066 1346 1130 δὴ
1380 1056 1589 1132 Εὐρώπη
1622 1066 1731 1117 οὔτε
1764 1067 1806 1117 εἰ
1835 1066 2001 1133 περίρ-

344 1152 486 1217 ρυτός
517 1152 626 1202 ἐστι
656 1151 953 1218 γινώσκεται
985 1150 1106 1217 πρὸς
1131 1150 1355 1216 οὐδαμῶν
1380 1150 1668 1216 ἀνθρώπων,
1695 1150 1806 1201 οὔτε
1830 1150 2004 1202 ὁκόθεν

344 1235 399 1286 τὸ
430 1236 614 1300 οὔνομα
645 1235 803 1300 ἔλαβε
826 1239 983 1294 τοῦτο,
1011 1236 1123 1287 οὔτε
1155 1236 1295 1288 ὅστις
1320 1237 1364 1286 οἱ
1389 1233 1450 1298 ἦν
1476 1235 1501 1284 ὁ
1526 1233 1727 1299 θέμενος
1752 1235 1999 1301 φαίνεται,

344 1322 387 1371 εἰ
416 1319 481 1384 μὴ
515 1319 612 1371 ἀπὸ
643 1322 728 1384 τῆς
758 1320 941 1386 Τυρίης
978 1318 1210 1386 φήσομεν
1247 1319 1488 1385 Εὐρώπης
1513 1322 1706 1388 ,λαβεῖν
1734 1318 1790 1369 τὸ
1820 1318 2004 1383 οὕνομα

341 1403 432 1468 τὴν
463 1405 645 1472 χώρην·
691 1404 930 1470 πρότερον
961 1406 1014 1456 δὲ
1046 1403 1106 1469 ἧν
1135 1403 1230 1470 ἄρα
1261 1404 1514 1468 ἀνώνυμος
1544 1403 1713 1468 ὥσπερ
1745 1404 1793 1454 αἱ
1825 1403 2000 1469 ἕτεραι.

287 1509 309 1555 5
343 1488 459 1540 ἀλλ’
501 1490 619 1553 αὕτη
666 1510 723 1555 γε
767 1490 819 1539 ἐκ
863 1483 952 1552 τῆς
996 1487 1173 1553 Ἀσίης
1219 1509 1272 1540 τε
1318 1488 1550 1555 φαίνεται
1594 1489 1750 1538 ἐοῦσα
1795 1486 1874 1538 καὶ
1917 1486 2003 1537 οὐκ

342 1571 613 1638 ἀπικομένη
665 1575 714 1626 ἐς
764 1571 854 1637 τὴν
905 1575 1001 1639 γῆν
1051 1573 1232 1637 ταύτην
1291 1572 1398 1636 ἥτις
1457 1576 1543 1623 νῦν
1593 1570 1688 1622 ὑπὸ
1739 1568 2003 1634 Ἑλλήνων

345 1657 561 1725 Εὐρώπη
609 1656 852 1716 καλέεται,
891 1656 1006 1709 ἀλλ’
1051 1657 1173 1708 ὅσον
1219 1659 1274 1708 ἐκ
1302 1650 1554 1721 ’Φοινίκης
1598 1657 1649 1708 ἐς
1695 1655 1909 1722 Κρήτην,
1949 1656 2002 1706 ἐκ

344 1741 540 1809 Κρήτης
564 1743 616 1793 δὲ
649 1743 699 1796 ἐς
723 1742 925 1806 Λυκίην.
999 1745 1151 1793 ταῦτα
1172 1740 1264 1806 μέν
1288 1763 1374 1793 νυν
1400 1742 1481 1794 ἐπὶ
1504 1743 1744 1792 τοσοῦτον
1769 1737 2000 1807 εἰρήσθω·

0 1837 325 1881 dumam-
341 1831 474 1878 τοῖσι
505 1828 599 1894 γὰρ
630 1824 999 1895 νομιζομένοισι
1029 1825 1188 1877 αὐτῶν
1218 1826 1525 1894 χρησόμεθα.

228 1887 329 1976 ‘Eg'
425 1910 487 1962 Ὁ
519 1914 571 1980 δὲ
603 1911 799 1964 Πόντος
830 1912 856 1961 ὁ
889 1909 1137 1975 Εὔξεινος,
1171 1909 1249 1962 ἐπ’
1282 1909 1339 1961 ὃν
1370 1909 1695 1977 ἐστρατεύετο
1720 1910 1746 1959 ὁ
1771 1911 1999 1975 Δαρεῖος,

342 1994 546 2063 χωρέων
577 1994 781 2047 πασέων
812 1994 1084 2064 παρέχεται
1123 1993 1218 2059 ἔξω
1254 1998 1340 2046 τοῦ
1376 1997 1613 2046 Σκυθικοῦ
1643 1994 1787 2045 ἔθνεα
1816 1991 1998 2058 ἀμαθέ-

2030 581 2052 622 5

2033 1003 2080 1033 ΙΟ

2030 1424 2075 1464 ¹5

2028 1843 2078 1872 20

0 2091 289 2145 mmcd
339 2101 518 2151 grara-
565 2080 677 2131 οὔτε
707 2081 802 2146 γὰρ
833 2079 973 2133 ἔθνος
1003 2084 1102 2131 τῶν
1134 2081 1271 2132 ἐντὸς
1303 2083 1388 2130 τοῦ
1419 2079 1616 2130 Πόντου
1647 2078 1789 2130 οὐδὲν
1821 2077 2010 2146 ἔχομεν’
2040 2131 2043 2133 ,

341 2160 694 2230 προβαλέσθαι
726 2165 912 2231 σοφίης
943 2162 1056 2231 πέρι
1093 2163 1206 2214 οὔτε
1237 2163 1389 2230 ἄνδρα
1424 2163 1598 2229 λόγιον
1629 2164 1828 2227 οἴδαμεν
1858 2161 2000 2228 γενό-

285 2269 309 2300 2
341 2270 508 2313 μενον,
553 2246 715 2314 πάρεξ
749 2252 836 2298 τοῦ
883 2251 1122 2299 Σκυθικοῦ
1163 2247 1331 2300 ἔθνεος
1375 2248 1453 2299 καὶ
1494 2239 1846 2315 Ἀναχάρσιος.
1934 2249 2001 2314 τῷ

342 2335 396 2384 δὲ
442 2335 662 2402 Σκυθικῷ
716 2330 851 2398 γένεϊ
898 2332 951 2383 ἓν
998 2334 1091 2397 μὲν
1143 2331 1199 2383 τὸ
1245 2331 1485 2399 μέγιστον
1533 2336 1630 2382 τῶν
1679 2330 2002 2397 ἀνθρωπηίων

341 2415 643 2484 πρηγμάτων
685 2417 958 2483 σοφώτατα
998 2415 1196 2468 πάντων
1239 2413 1490 2482 ἐξεύρηται
1530 2419 1627 2466 τῶν
1666 2415 1806 2480 ἡμεῖς
1845 2415 2002 2478 ἴδμεν,

402 2569 418 2594 1
453 2558 597 2604 αὐτῆσι
620 2554 659 2592 R
676 2554 757 2594 SV
871 2554 988 2602 ἐτέθη
1009 2567 1090 2593 om.
1116 2553 1197 2592 SV
1344 2565 1381 2603 5,
1407 2566 1442 2602 7,
1468 2554 1504 2603 8,
1535 2566 1583 2592 10
1614 2552 1697 2603 ἐπὶ]
1721 2553 1796 2592 ἀπὸ
1818 2551 2002 2591 PRSV

344 2623 365 2660 7
414 2610 622 2662 ’γυναικὸςἹ
662 2610 813 2660 μητρὸς
855 2609 1046 2649 Eustath.
1093 2609 1219 2647 Dion.
1264 2621 1344 2657 270
1588 2621 1614 2657 9
1663 2606 1811 2648 Βότυος
1850 2606 1890 2645 R
1913 2606 1943 2645 S
1963 2608 2002 2646 V

348 2679 397 2704 10
427 2665 515 2716 ἀπ’]
541 2665 601 2704 ἐπ’
626 2665 664 2702 R
679 2665 760 2703 SV
912 2676 956 2701 11
989 2663 1179 2715 φυλακὴν
1200 2662 1238 2700 R
1353 2660 1433 2703 οὐδ’
1454 2661 1542 2700 ΑΒ
1559 2661 1592 2701 C
1745 2674 1792 2700 12
1822 2661 1938 2702 ὁκόθε
1961 2661 1998 2699 R

348 2734 395 2768 14
426 2720 562 2773 συρίης
583 2719 720 2757 ABC
946 2730 994 2767 15
1024 2721 1098 2767 τῆς
1124 2719 1261 2770 χώρης
1288 2717 1334 2764 C,
1363 2729 1471 2757 corr.
1502 2729 1517 2754 1
1689 2718 1729 2758 αἴ
1756 2729 1838 2755 om.
1867 2716 2002 2755 RSV

347 2787 395 2822 17
425 2776 503 2823 τὴν
522 2786 604 2813 om.
637 2773 669 2811 P
686 2774 726 2812 R
741 2773 770 2812 S
785 2774 821 2811 V
1045 2785 1095 2823 19
1122 2772 1278 2821 Λυκύην
1299 2771 1347 2819 C,
1370 2785 1478 2811 corr.
1506 2785 1522 2810 1
1542 2787 1549 2812 :
1579 2771 1732 2822 Λυβίην
1753 2772 1818 2811 R:
1849 2770 2002 2819 Λιβύην

345 2829 427 2869 SV
547 2841 600 2866 20
629 2827 782 2868 αὐτέων
804 2827 842 2866 R
858 2827 938 2867 SV
1078 2840 1127 2867 21
1161 2833 1254 2867 tert.
1279 2830 1299 2867 ὅ
1319 2840 1397 2866 om.
1427 2827 1460 2865 P
1475 2827 1513 2865 R
1529 2827 1559 2866 S
1573 2827 1611 2866 V
1739 2839 1791 2876 24
1821 2830 2001 2880 προβαλ-

2028 2263 2075 2304 25

344 2883 486 2924 λέσθαι
508 2882 545 2920 V
683 2882 857 2932 λόγιμον
879 2882 912 2920 Ρ
927 2882 966 2921 R
980 2881 1011 2921 S
1025 2882 1064 2920 V
1202 2881 1428 2935 λεγόμενον
1451 2881 1489 2920 R
1506 2881 1535 2921 S
1550 2880 1586 2920 V
1778 2892 1830 2930 25
1861 2882 1934 2921 τοῦ
1954 2896 2000 2920 τε
2051 2902 2063 2908 «

345 2941 538 2979 Σκυθικοῦ
559 2937 697 2978 Cram.
721 2936 802 2976 An.
831 2937 912 2978 Ox,
936 2937 960 2977 i.
985 2938 1066 2986 380
