2098 3320
37 0 78 51 ξ·

0 0 273 254 Ξῖ
617 184 621 187 ,
747 107 1126 186 ιΣΤόΡῐΩΝ
1191 138 1235 186 Δ
1861 140 1948 190 IV.
1978 143 2074 202 189

152 268 358 374 αἰγίδων
387 265 567 340 αὐτῇσι
602 265 689 319 οὐκ
724 266 868 334 ὅφιές
899 268 1000 320 εἰσι
1038 269 1173 345 ἀλλὰ
1213 269 1470 335 ἱμάντινοι,
1504 273 1565 330 τὰ
1601 274 1654 324 δε
1691 271 1827 324 ἄλλα
1848 282 2098 333 aun-Gur

152 353 316 406 πάντα
347 353 470 404 κατὰ
500 349 658 403 τώυτὸ
695 350 952 418 ἔσταλται.
1046 353 1124 405 καὶ
1161 352 1220 418 δὴ
1256 355 1334 406 καὶ
1365 354 1421 407 τὸ
1453 356 1638 421 οὕνομα
1677 378 1822 421 κατη-
1844 324 2098 425 zm

151 434 316 506 γορέει
347 437 423 488 ὅτι
453 436 506 487 ἐκ
537 435 732 501 Λιβύης
762 436 870 501 ἥκει
899 436 928 501 ἡ
963 437 1121 502 στολὴ
1154 443 1252 490 τῶν
1283 440 1607 492 Παλλαδίων·
1655 438 1826 508 αἰγέας

152 523 248 589 γὰρ
289 518 686 589 περιβάλλονται
727 522 887 588 ψιλὰς
929 521 1041 588 περὶ
1082 543 1172 585 την
1214 524 1402 587 ἐσθῆτα
1444 526 1731 593 θυσανωτὰς
1775 519 2073 598 aifflqtd

0 539 37 764 ἒ
105 627 128 670 5
154 607 432 672 Λίβυσσαι,
461 601 756 673 κεχριμένας
782 604 1099 684 ἐρευθεδάνῳ,
1129 608 1182 657 ἐκ
1207 610 1260 659 δὲ
1285 612 1382 662 τῶν
1408 606 1591 675 αἰγέων
1613 606 1825 661 τουτέων
1849 604 2098 660 *ww-2⁶2⁰

154 691 348 758 αἰγίδας
379 691 424 742 οἱ
445 688 700 754 ’Έλληνες
730 690 1108 756 μετωνόμασαν.
1178 689 1338 743 δοκέει
1371 691 1412 743 δ’
1438 692 1607 760 ἔμοιγε
1641 693 1719 745 καὶ
1749 690 1888 760 <ἡ>3

152 773 373 842 ὀλολυγη
412 774 492 827 ἐπὶ
539 776 692 840 ἱροῖσι
738 776 948 826 ἐνθαῦτα
992 779 1189 842 πρῶτον
1231 773 1485 842 γενέσθαι·
1534 776 1686 843 κάρτα
1729 780 1826 845 γὰρ

150 860 302 932 ταύτῃ
350 855 597 928 χρέωνται
647 861 696 911 αἱ
742 860 1006 923 Λίβυσσαι
1056 859 1135 910 καὶ
1183 857 1429 927 χρέωνται
1479 866 1656 916 καλῶς.
1748 862 1826 913 καὶ

151 941 396 1011 τέσσερας
449 944 627 997 ἵππους
681 943 1005 1010 συζευγνύναι
1058 944 1192 1010 παρὰ
1240 945 1444 1009 Λιβύων
1490 948 1535 998 οἱ
1571 944 1827 1011 *Έλληνες

78 1050 128 1080 ιο
150 1026 481 1094 μεμαθήκασι.
571 1026 817 1079 θάπτουσι
855 1031 909 1080 δὲ
944 1028 1058 1082 τοὺς
1096 1028 1505 1100 ἀποθνῄσκοντας
1535 1033 1579 1082 οἱ
1616 1030 1826 1095 νομάδες
1862 1049 1960 1098 190

153 1111 276 1164 κατά
307 1134 400 1179 περ
431 1114 478 1164 οἱ
499 1110 769 1177 “Ελληνες,
804 1111 937 1176 πλὴν
968 1113 1318 1177 Νασαμώνων·
1366 1113 1498 1166 οὗτοι
1529 1117 1581 1167 δὲ
1615 1113 1821 1180 κατημέ-

0 1177 8 1288 g
152 1218 264 1251 νους
285 1195 545 1256 θάπτουσι,
570 1196 987 1263 φυλάσσοντες,
967 1218 1118 1249 επεαν
1139 1197 1260 1269 ἀπίη
1279 1196 1369 1261 τὴν
1387 1197 1628 1267 ψυχήν,“”
1600 1221 1724 1253 οκως
1741 1220 1827 1264 μιν

0 1289 5 1337 f
153 1283 417 1334 κατίσουσι
445 1282 620 1347 μηδὲὝ
590 1303 762 1336 υπτιος
789 1279 1132 1350 ἀποθανέεται.
1208 1280 1449 1347 οἰκήματα
1480 1286 1533 1335 δὲ
1565 1262 2098 1363 σύμπηιςζςιωᾼ1

153 1364 208 1439 ἐξ
257 1367 528 1433 ἀνθερίκων
581 1364 905 1439 ἐνειρμένων
918 1367 1326 1439 ,π-ερὶήχοίνους
1372 1368 1497 1426 ἐστί,
1551 1369 1630 1420 καὶ
1675 1372 1827 1419 ταῦτα
1845 1370 2098 1449 w*

79 1475 127 1517 15
152 1449 479 1519 περιφορητά.
569 1452 768 1517 νόμοισι
799 1472 892 1517 μεν
924 1451 1198 1503 τοιούτοισι
1230 1450 1364 1502 οὑτοι
1395 1449 1656 1520 χρέωνται.

233 1534 307 1587 Τὸ
327 1538 379 1588 δὲ
399 1534 522 1603 πρὸς
542 1534 758 1603 ἑσπέρης
777 1540 865 1587 τοῦ
882 1537 1135 1602 Τρίτωνος
1154 1540 1378 1600 ποταμοῦ
1398 1534 1606 1588 Αὐσέων
1626 1536 1827 1604 ἔχονται
1862 1553 1948 1601 191

151 1620 386 1688 ἀροτῆρες
421 1619 512 1685 ἤδη
545 1621 736 1686 Λίβυες
775 1620 855 1672 καὶ
893 1622 1049 1674 οἰκίας
1087 1620 1371 1685 νομίζοντες
1407 1621 1660 1685 ἐκτῆσθαι,
1693 1625 1827 1672 τοῖσι

91 1697 94 1700 ’
151 1705 338 1770 οὕνομα
389 1709 544 1759 κεῖται
599 1703 818 1770 Μάξυες,
876 1705 923 1757 οἳ
973 1707 1035 1757 τὰ
1087 1705 1168 1757 ἐπὶ
1221 1704 1359 1770 δεξιὰ
1417 1710 1512 1757 τῶν
1562 1702 1825 1772 κεφαλέων

114 1779 356 1854 ’κομῶσμ
403 1791 465 1841 τὰ
509 1789 551 1842 δ’
593 1789 671 1842 ἐπ’
714 1791 952 1857 ἀριστερὰ
999 1791 1231 1857 κείρουσι,
1279 1792 1334 1841 τὸ
1380 1790 1432 1840 δὲ
1478 1794 1623 1855 σῶμα
1666 1791 1824 1859 μίλτῳ

75 1898 126 1928 20
149 1875 392 1943 χρίονται.
462 1873 592 1942 φασὶ
624 1877 677 1927 δὲ
702 1875 838 1927 οὗτοι
869 1875 995 1927 εἶναι
1019 1879 1119 1926 τῶν
1143 1875 1196 1926 ἐκ
1221 1872 1402 1940 Τροίης
1433 1872 1637 1940 ἀνδρῶν.
1715 1874 1744 1939 ἡ
1770 1877 1823 1926 δὲ

149 1958 286 2027 χώρη
314 1959 432 2023 αὕτη
458 1979 514 2011 τε
539 1959 618 2012 καὶ
642 1959 672 2024 ἡ
696 1958 848 2024 λοιπὴ
872 1962 960 2024 τῆς
984 1958 1179 2025 Λιβύης
1202 1957 1231 2024 ἡ
1256 1956 1379 2025 πρὸς
1404 1955 1624 2023 ἑσπέρην
1647 1963 1821 2028 πολλῷ

151 2042 512 2111 θηριωδεστέρη
538 2065 593 2096 τε
625 2045 704 2096 καὶ
735 2042 980 2110 δασυτέρη
1007 2043 1118 2095 ἐστὶ
1149 2046 1236 2108 τῆς
1258 2047 1356 2094 τῶν
1381 2041 1608 2107 νομάδων
1638 2043 1819 2111 χώρης.

147 2126 179 2192 ἡ
224 2130 315 2194 μὲν
359 2129 453 2196 γὰρ
494 2127 552 2193 δη
598 2127 720 2195 πρὸς
765 2149 855 2193 την
893 2128 965 2192 ἠῶ
1011 2150 1098 2192 της
1138 2127 1349 2193 Λιβύης,
1393 2148 1482 2190 την
1522 2129 1567 2179 οἱ
1612 2126 1822 2192 νομάδες
1867 2150 1889 2193 3

149 2210 372 2278 νέμουσι,
408 2213 516 2264 ἐστὶ
546 2211 753 2284 ταπεινή
784 2234 838 2264 τε
872 2214 950 2265 καὶ
973 2212 1255 2280 ψαμμώδης
1284 2210 1433 2279 μέχρι
1462 2215 1549 2262 τοῦ
1571 2212 1820 2277 Τρίτωνος
1842 2207 2095 2295 Qua.

77 2323 125 2365 ²5
151 2302 385 2363 ποταμοῦ,
412 2297 442 2363 ἡ
466 2299 519 2350 δὲ
550 2297 648 2349 ἀπὸ
671 2297 845 2350 τούτου
874 2296 931 2348 τὸ
961 2296 1084 2400 πρὸς
1115 2295 1347 2363 ἑσπέρης,
1371 2295 1401 2360 ἡ
1426 2300 1524 2347 τῶν
1549 2294 1816 2362 ἀροτήρων,

149 2379 314 2448 ὀρεινή
344 2403 400 2434 τε
435 2380 590 2449 κάρτα
627 2382 704 2434 καὶ
741 2381 899 2435 δασέα
936 2382 1014 2434 καὶ
1052 2381 1310 2448 θηριώδης·
1358 2378 1438 2430 καὶ
1468 2381 1563 2446 γὰρ
1594 2381 1639 2431 οἱ
1675 2382 1818 2482 ὄφιες
1861 2401 1889 2443 4

149 2467 196 2518 οι
239 2465 603 2534 ὑπερμεγάθεες
647 2466 727 2518 καὶ
768 2488 815 2519 οι
860 2464 1062 2520 λέοντες
1107 2466 1230 2516 κατὰ
1269 2463 1470 2516 τούτους
1512 2463 1611 2515 εἶσὶ
1652 2463 1731 2514 καὶ
1771 2465 1817 2514 οἱ

1866 1900 1890 1931 Ν

208 2616 226 2643 Ι
259 2606 442 2646 αὐτοῖσιν
464 2604 569 2644 SV:
602 2607 720 2654 αὺτῆι
742 2606 820 2645 εἶσι
839 2603 879 2643 Α
896 2603 930 2642 Β
946 2602 980 2643 C
1095 2603 1205 2643 ἀλλὰ
1227 2631 1237 2641 .
1260 2631 1269 2641 .
1295 2599 1340 2642 δὲ
1361 2613 1440 2640 om.
1469 2598 1506 2638 R
1619 2599 1816 2650 ἱμάντινοι

151 2657 340 2710 (ἱμάτινοι
370 2659 426 2710 C)
458 2688 468 2699 .
505 2690 514 2700 .
548 2660 658 2700 ἄλλα
691 2672 771 2699 om.
805 2659 890 2698 SV
1060 2669 1085 2706 3
1125 2657 1338 2697 Παλαδίων
1368 2654 1518 2703 CRV,
1550 2667 1655 2694 corr.
1691 2653 1747 2692 R¹
1761 2655 1814 2694 V¹

150 2727 176 2763 4
207 2719 322 2755 θυσσ.
341 2714 382 2753 V
546 2726 571 2763 5
600 2714 774 2761 Λίβυσαι
794 2713 829 2752 C
846 2712 898 2762 R,
923 2725 1030 2751 corr.
1058 2709 1116 2751 R1
1228 2710 1497 2763 κεχρισμένας
1516 2709 1554 2747 Α
1723 2711 1750 2748 6
1779 2712 1818 2750 οἵ

151 2780 234 2809 om.
259 2769 341 2808 SV
363 2808 365 2810 ,
451 2769 476 2818 ἡ
497 2769 593 2808 add.
618 2782 674 2807 ex
694 2768 890 2807 Eustath.
918 2767 965 2807 11.
988 2770 1069 2816 643
1264 2777 1285 2814 7
1319 2768 1361 2805 ἐν
1380 2764 1419 2802 Α
1435 2763 1469 2802 Β
1484 2764 1517 2802 C
1535 2763 1568 2803 P
1677 2768 1816 2817 πρῶτα

151 2822 192 2862 R
207 2823 236 2862 S
250 2823 288 2862 V
436 2825 462 2862 8
493 2826 556 2865 αἱ.
578 2823 786 2872 ..καλῶςῙ
814 2827 949 2864 καλῶς
971 2824 1009 2863 αἱ
1027 2829 1072 2862 Λ.
1099 2820 1139 2859 Α
1155 2820 1189 2859 Β
1205 2820 1239 2858 C
1392 2830 1419 2867 9
1448 2817 1653 2872 τέσσαρας
1672 2819 1706 2857 C
1724 2816 1762 2855 R
1777 2819 1815 2856 V

154 2890 203 2928 13
232 2878 447 2920 κατίσουσι
469 2879 527 2919 Ρ;
558 2893 679 2919 -σωσι
705 2877 796 2916 rell.
1015 2889 1064 2925 14
1097 2875 1317 2945 ἐνερμένων
1338 2873 1397 2912 P:
1431 2874 1655 2927 ἆνερμένων
1677 2873 1715 2911 R
1732 2871 1816 2911 SV

153 2945 201 2982 15
231 2937 402 2975 τοιοῖσιν
422 2933 456 2972 C
587 2945 634 2983 17
664 2932 761 2984 ἤδη]
784 2934 820 2973 οἱ
840 2930 885 2973 δὲ
906 2931 947 2970 R
963 2931 1046 2970 SV
1161 2931 1209 2969 18
1241 2929 1375 2970 κέεται
1399 2929 1432 2967 L
1558 2940 1608 2977 19
1637 2927 1814 2978 κομόωσι

148 2986 193 3080 lg
206 2987 241 3026 Β
255 2987 290 3027 C
305 2988 338 3027 P
448 2987 634 3042 χρίονται
653 2987 788 3039 μίλτῳ
808 2985 850 3025 Α
862 2986 898 3025 Β
913 2985 948 3026 C
1073 2996 1125 3035 25
1156 2983 1333 3038 ἑσπέρην
1352 2983 1391 3022 Α
1407 2982 1441 3023 Β
1458 2981 1492 3022 C
1622 2984 1676 3020 26
1704 2982 1814 3035 ὀρινή
