2098 3320
714 115 1093 181 ΙΣΤΟΡΙΩΝ
1155 134 1200 181 Δ
1831 133 2036 196 1V·154

125 259 312 328 ξεινίην
351 261 517 314 ἐποίεε
551 259 733 314 τοιάδε·
781 263 1091 329 παραλαβὼν
1132 262 1223 328 τὴν
1263 266 1415 316 παῖδα
1455 263 1691 325 ἀπέπλεε,
1726 264 1792 319 ὡς
1989 325 2003 337 ‚

125 348 180 399 δὲ
217 346 408 414 ἐγίνετο
446 347 500 398 ἐν
533 350 602 416 τῷ
633 344 862 414 πελάγεϊ,
896 346 1253 420 ἀποσὲύμενος
1285 347 1376 412 τὴν
1406 347 1677 416 ἐξόρκωσιν
1705 330 2098 422 τοῦβζῖιᾚ

123 429 398 500 Ἐτεάρχου
429 431 704 499 σχοινίοισι
733 429 886 495 αὐτὴν
917 430 1155 497 διαδήσας
1188 435 1367 498 κατῆκε
1398 435 1448 487 ἐς
1470 432 1527 484 τὸ
1550 433 1786 501 πέλαγος,
1808 421 1923 474 ‘²⁹⁸²‘
1940 417 2053 454 ’ὦ

0 521 8 597 f-
125 514 425 570 ἀνασπάσας
471 517 525 567 δὲ
576 516 780 569 ἀπίκετο
825 517 876 569 ἐς
919 515 1009 580 τὴν
1054 515 1242 584 Θήρην.
1332 516 1559 570 ἐνθεῦτεν
1603 521 1656 570 δὲ
1698 517 1789 582 τὴν
1828 536 1918 587 155

0 603 3 625 ³
75 621 97 662 5
124 600 380 667 Φρονίμην
437 600 750 668 παραλαβὼν
809 599 1193 666 Πολύμνηστος,
1251 602 1343 654 ἐὼν
1400 607 1498 654 τῶν
1551 604 1788 670 Θηραίων

124 683 246 752 ἀνὴρ
265 685 480 750 δόκιμος,
504 683 891 737 ἐπαλλακεύετο.
958 686 1141 753 χρόνου
1161 688 1214 738 δὲ
1238 687 1513 753 περιιόντος
1533 685 1789 754 ἐξεγένετό

0 798 102 833 m.
124 771 170 821 οἱ
202 773 317 824 παῖς
347 769 669 838 ἰσχνόφωνος
700 769 780 822 καὶ
815 770 1040 837 τραυλός,
1075 775 1142 840 τῷ
1179 771 1367 836 οὔνομα
1398 770 1539 836 ἐτέθη
1579 770 1784 831 Βάττος,

127 853 192 907 ὡς
223 854 441 922 Θηραῖοί
466 875 519 906 τε
551 855 629 907 καὶ
662 858 932 923 Κυρηναῖοι
959 853 1187 922 λέγουσι,
1215 854 1279 909 ὡς
1302 854 1470 921 μέντοι
1493 855 1593 922 ε’γὼ
1617 855 1787 915 δοκέω,

126 938 255 990 ἄλλο
278 959 343 991 τι·
392 937 580 994 Βάττος
604 942 657 992 δὲ
679 939 1058 1005 μετωνομάσθη,
1085 938 1250 992 ἐπείτε
1273 940 1324 994 ἐς
1348 940 1545 1006 Λιβύην
1568 941 1788 1000 ἀπίκετο,
1829 962 1853 993 2

0 1047 9 1061 τ
54 1045 102 1074 10
127 1023 227 1075 ἀπό
265 1045 319 1075 τε
359 1028 446 1075 τοῦ
485 1025 792 1093 χρηστηρίου
830 1029 918 1076 τοῦ
957 1023 1226 1092 γενομένου
1267 1024 1320 1076 ἐν
1364 1030 1620 1092 Δελφοῖσι
1661 1024 1790 1094 αὐτῷ

129 1107 208 1159 καὶ
255 1107 353 1160 ἀπὸ
399 1111 489 1174 τῆς
539 1112 682 1176 τιμῆς
726 1108 817 1174 τὴν
861 1109 987 1178 ἔσχε
1029 1108 1118 1173 τὴν
1163 1110 1443 1175 ἐπωνυμίην
1487 1109 1789 1175 ποιεύμενος·

127 1193 317 1259 Λίβυες
358 1195 454 1261 γὰρ
494 1193 722 1259 βασιλέα
762 1193 953 1260 βάττον
995 1191 1247 1253 καλέουσι,
1292 1193 1372 1246 καὶ
1411 1194 1586 1246 τούτου
1631 1195 1794 1246 εἵνεκα

128 1276 281 1329 δοκέω
308 1278 645 1342 θεσπίζουσαν
667 1278 756 1343 τὴν
781 1279 975 1344 Πυθίην
1001 1277 1213 1331 καλέσαι
1234 1300 1320 1344 μιν
1343 1279 1537 1351 Λιβυκῇ
1557 1278 1788 1351 γλώσσῃ,

127 1363 310 1414 εἰδυῖαν
343 1362 408 1417 ὡς
437 1364 685 1429 βασιλεὺς
717 1363 860 1416 ἔσται
892 1363 947 1416 ἐν
977 1364 1161 1436 Λιβύῃ.
1251 1362 1415 1415 ἐπείτε
1445 1365 1540 1430 γὰρ
1569 1363 1791 1429 ἠνδρώθη
1830 1381 1854 1424 3

51 1466 97 1508 15
125 1446 282 1506 οὗτος,
325 1446 450 1512 ῆλθε
490 1450 541 1502 ἐς
583 1448 821 1517 Δελφοὺς
861 1448 974 1517 περὶ
1014 1451 1102 1514 τῆς
1142 1450 1329 1516 φωνῆς·
1377 1447 1705 1515 ἐπειρωτῶντι
1738 1446 1792 1499 δέ

123 1533 169 1583 οἱ
199 1539 298 1604 χρᾷ
327 1532 357 1598 ἡ
390 1534 552 1598 Πυθίη
583 1532 721 1586 τάδε·

208 1636 373 1699 Βάττ’,
407 1638 489 1691 ἐπὶ
521 1639 696 1707 φωνὴν
726 1638 892 1705 ἦλθες·
938 1637 1068 1705 ἄναξ
1092 1637 1147 1692 δέ
1177 1660 1239 1692 σε
1270 1642 1462 1705 Φοῖβος
1494 1638 1761 1690 Ἀπόλλων

207 1724 259 1778 ἐς
287 1724 486 1790 Λιβύην
515 1723 699 1791 πέμπει
728 1725 1051 1793 μηλοτρόφον
1084 1726 1360 1791 οἰκιστῆρα,

121 1828 291 1896 ὥσπερ
340 1825 386 1882 ἐἶ
430 1831 560 1884 εἴποι
602 1829 817 1883 Ἑλλάδι
860 1830 1078 1903 γλώσσῃ
1121 1829 1396 1899 χρεωμένη·
1435 1828 1509 1880 ςΩ
1553 1832 1788 1895 βασιλεῦ,

48 1932 98 1960 20
122 1912 204 1965 ἐπὶ
235 1913 410 1981 φωνὴν
441 1913 608 1980 ἦλθες.
695 1917 722 1967 ὁ
753 1915 795 1968 δ’
826 1916 1065 1982 ἀμείβετο
1102 1916 1309 1967 τοισίδε·
1348 1913 1531 1979 ςΩναξ,
1566 1915 1665 1981 ἐγὼ
1701 1917 1791 1978 μὲν
1835 1941 1861 1983 4

121 1996 278 2062 ἦλθον
308 2001 440 2066 παρὰ
467 2002 527 2052 σὲ
561 2001 872 2069 χρησόμενος
895 2000 1007 2067 περὶ
1036 2003 1123 2065 τῆς
1153 2003 1340 2066 φωνῆς,
1375 1999 1439 2051 σὺ
1464 1998 1518 2051 δέ
1545 2020 1629 2063 μοι
1659 1998 1792 2049 ἄλλα

122 2081 338 2136 ἀδύνατα
388 2092 529 2156 χρᾷς,
578 2085 794 2138 κελεύων
846 2085 1045 2151 Λιβύην
1097 2085 1385 2149 ἀποικίζειν·
1453 2083 1546 2153 τέῳ
1596 2082 1787 2147 δυνάμι,

122 2168 230 2240 κοίῃ
265 2169 418 2237 χειρί,·
465 2174 621 2242 ταῦτα
653 2169 820 2242 λέχων
856 2170 964 2222 οὐκὶ
1001 2159 1337 2222 ἔπειθεᾶλλα
1367 2171 1413 2222 οἱ
1448 2171 1594 2236 χρᾶν·
1642 2167 1707 2221 ὣς
1738 2169 1791 2219 δὲ

123 2254 244 2304 κατὰ
266 2253 418 2305 ταύτὰ
439 2253 671 2318 ἐθέσπιζέ
690 2257 736 2307 οἱ
759 2255 836 2307 καὶ
857 2255 1115 2323 πρότερον,
1138 2256 1305 2323 οἴχετο
1324 2252 1509 2319 μεταξὺ
1529 2251 1791 2305 ἀπολιπὼν

45 2353 93 2394 25
120 2337 147 2388 ὁ
179 2335 368 2394 Βάττος
400 2341 451 2392 ἐς
481 2338 572 2404 τὴν
604 2339 796 2406 Θήρην.
884 2341 1009 2405 μετὰ
1039 2342 1092 2391 δὲ
1124 2338 1252 2408 αὐτῷ
1283 2360 1336 2390 τε
1360 2337 1515 2406 τούτῳ
1549 2336 1627 2388 καὶ
1656 2340 1790 2387 τοῖσι
1828 2337 1921 2396 156

119 2420 329 2475 ἄλλοισι
360 2425 638 2499 Θηραίοισι
665 2423 1331 2493 συνεφέρετῌαλιγκότως.
1421 2423 1712 2488 ἀγνοεῦντες
1737 2423 1790 2472 δὲ
1813 2421 2098 2512 Qu?

118 2508 207 2560 τὰς
251 2510 513 2575 συμφορὰς
555 2511 601 2561 οἱ
645 2512 861 2575 Θηραῖοι
900 2508 1123 2573 ἔπεμπον
1165 2509 1215 2561 ἐς
1259 2505 1498 2573 Δελφοὺς
1538 2504 1650 2572 περὶ
1688 2509 1788 2556 τῶν
1921 2485 2034 2540 P*

174 2657 192 2684 1
227 2647 391 2696 ἐποίησε
407 2648 458 2697 (2)
481 2647 516 2687 C
628 2646 726 2689 τάδε
751 2647 788 2686 R
807 2647 836 2686 S
851 2647 889 2685 V
1001 2660 1024 2684 2
1057 2644 1343 2697 ἀποσιούμενος
1368 2644 1406 2683 R
1422 2643 1502 2684 SV
1613 2655 1638 2693 3
1670 2644 1724 2685 εἷς
1747 2642 1786 2683 R

119 2713 143 2749 5
173 2703 317 2749 λαβὼν
338 2701 438 2741 SV⁰
645 2705 672 2741 6
701 2702 911 2755 περιόντος
932 2700 990 2740 Al
1205 2713 1226 2749 7
1258 2700 1513 2753 ἰσχνόφωνος
1535 2698 1569 2737 C
1587 2698 1619 2736 P
1634 2697 1673 2736 R
1690 2697 1783 2748 SV,

121 2754 228 2796 Plut.
254 2769 358 2796 mor.
385 2757 622 2808 405,·Suid.
647 2771 655 2796 :
687 2756 831 2809 ι’σχόφ.
855 2756 959 2802 ΑΒ,
985 2754 1116 2794 Bekk.
1142 2755 1224 2795 An.
1256 2767 1334 2794 100
1557 2765 1607 2791 10
1637 2752 1715 2794 ἀπό
1740 2770 1786 2793 τε

117 2813 190 2851 τοῦ
213 2824 294 2853 om.
320 2812 359 2850 R
545 2826 590 2851 11
623 2813 737 2861 τηνδ’
761 2812 862 2864 ἔσχε
883 2811 922 2850 Α
937 2811 971 2848 Β
990 2811 1022 2848 C
1206 2822 1254 2858 14
1285 2811 1455 2857 βασιλῆι
1476 2809 1515 2847 V
1645 2808 1730 2848 ἐπεὶ
1751 2808 1785 2846 C

123 2867 170 2904 18
200 2865 404 2918 οἰκίζονται
426 2868 463 2906 R
481 2867 562 2906 SV
582 2867 702 2920 (ὀρκ.)
933 2879 982 2916 19
1013 2867 1048 2906 ει’
1068 2877 1149 2905 om.
1177 2865 1215 2903 R
1232 2864 1314 2904 SV
1507 2877 1560 2902 20
1590 2865 1729 2903 τοῖσδε
1753 2862 1786 2900 L

117 2933 167 2958 21
199 2923 275 2970 τῆς
295 2934 377 2961 om.
405 2923 491 2961 PR
508 2923 587 2962 SV
737 2933 790 2960 22
821 2920 985 2972 δυνάμει
1009 2920 1041 2958 L
1200 2932 1252 2968 23
1282 2922 1353 2960 οὐκ
1375 2919 1432 2959 C:
1465 2920 1511 2959 οὔ
1531 2934 1580 2967 κη
1604 2917 1636 2955 Ρ
1653 2917 1690 2956 R
1706 2916 1785 2956 SV

118 2974 157 3015 οἷ
192 2988 273 3015 om.
318 2976 456 3016 RSV
677 2990 728 3024 24
778 2979 841 3016 καὶ
881 2979 1011 3016 ταῦτα
1052 2974 1186 3014 RSV
1351 2979 1380 3022 ἦ
1417 2975 1454 3014 οἱ
1492 2971 1573 3012 C¹:
1615 2971 1642 3025 ᾗ
1680 2971 1786 3012 οἱΡ

117 3032 171 3069 26
201 3032 406 3086 Θηραίοισι
425 3057 435 3068 ·
455 3057 466 3069 .
488 3059 497 3070 .
518 3034 554 3073 οἱ
578 3033 666 3084 ,27)
690 3043 771 3069 om.
800 3030 838 3068 R
