2098 3320
768 166 1148 216 ΙΣΤΟΡΙΩΝ
1210 167 1252 215 Α

181 297 415 363 οὐνόματι
449 292 736 365 ἠγάλλοντο
769 297 848 349 καὶ
881 299 984 364 ἱρὸν
1017 297 1281 364 ἱδρύσαντο
1314 295 1393 349 ἐπὶ
1428 296 1604 363 σφέων
1647 296 1846 355 αὐτέων,

181 387 249 452 τῷ
274 382 467 447 ὀὕνομα
491 382 659 434 ἔθεντο
691 382 992 439 Πανιώνιον,
1027 381 1404 446 ἐβουλεύσαντο
1438 383 1490 432 δὲ
1523 381 1670 432 αὐτοῦ
1699 402 1847 446 μετα-

183 470 350 518 δοῦναι
380 469 653 532 μηδαμοῖσι
685 465 894 517 ἄλλοισι
918 465 1100 517 Ἰώνων
1123 463 1242 530 (οὐδ’
1269 463 1547 530 ἐδεήθησαν
1572 467 1623 516 δὲ
1648 464 1850 531 οὐδαμοὶ

181 556 455 618 μετασχεῖν
488 552 562 602 ὅτι
585 550 652 615 μὴ
673 548 973 618 Σμυρναιοι),
1004 548 1124 602 κατά
1145 571 1235 617 περ
1263 551 1307 601 οἱ
1333 551 1386 600 ἐκ
1411 571 1498 614 της
1518 550 1849 602 πενταπόλιος

137 659 159 698 5
184 639 269 687 νῦν
301 635 465 702 χώρης
497 633 730 701 Δωριέες,
764 635 1004 701 πρότερον
1035 637 1088 686 δὲ
1109 630 1377 697 ἑξαπόλιος
1397 655 1484 699 της
1505 633 1652 698 αὐτης
1671 633 1850 698 ταύτης

185 718 504 784 καλεομένης,
517 718 909 786 φυλάσσονται
886 716 954 770 ὧν
972 719 1226 784 μηδαμοὺς
1248 717 1555 783 ἐσδέξασθαι
1574 723 1673 770 τῶν
1692 738 1847 784 προσ-

185 805 334 855 οίκων
358 802 638 871 Δωριέων’
618 825 668 857 ες
691 803 748 854 τὸ
769 802 1080 870 Τριοπικὸν
1068 804 1190 870 ιρόν,
1218 804 1353 854 ἀλλὰ
1381 802 1458 854 καὶ
1485 802 1660 870 σφέων
1691 802 1851 855 αὐτῶν

184 889 298 942 τοὺς
328 888 440 954 περὶ
471 887 526 939 τὸ
558 886 663 955 ἱρὸν
688 886 1037 953 ἀνομήσαντας
1068 885 1370 952 ἐξεκλήισαν
1395 889 1481 951 τῆς
1504 889 1738 955 μετοχῆς.
1796 888 1850 939 ἐν

185 975 279 1040 γὰρ
314 977 382 1042 τῷ
414 973 568 1040 ἀγῶνι
603 977 688 1023 τοῦ
716 973 955 1039 Τριοπίου
986 971 1312 1025 Ἀπόλλωνος
1344 973 1578 1024 ἐτίθεσαν
1608 971 1665 1022 τὸ
1695 969 1851 1023 πάλαι

113 1077 162 1106 10
185 1057 419 1123 τρίποδας
443 1055 688 1125 χαλκέους
708 1061 841 1108 τοῖσι
872 1060 1062 1115 ιικῶσι,
1090 1056 1166 1107 καὶ
1197 1045 1399 1110 τούτους
1431 1077 1558 1124 χρην
1578 1055 1690 1110 τοὺς
1721 1062 1848 1122 λαμ-

185 1140 434 1207 βάνοντας
477 1143 530 1192 ἐκ
570 1146 655 1192 τοῦ
698 1143 804 1220 ἱροῦ
838 1163 902 1206 μη
945 1140 1176 1208 ἐκφερειν
1223 1139 1339 1192 ἀλλ’
1383 1141 1532 1192 αὐτοῦ
1569 1138 1851 1192 ἀνατιθέναι

185 1230 251 1295 τῷ
295 1228 405 1295 θεῷ.
454 1225 578 1292 ἀνηρ
617 1223 685 1277 ὠν
724 1215 1172 1292 Ἁλικαρνησσεύς,
1207 1230 1274 1294 τῷ
1313 1225 1501 1291 οὕνομα
1538 1246 1598 1289 ην
1638 1223 1845 1291 Ἀγασι-

189 1309 350 1375 κλέης,
374 1331 581 1374 νικησας
600 1309 687 1362 τὸν
708 1310 859 1374 νόμον
880 1310 1213 1377 κατηλόγησε,
1238 1308 1406 1376 φέρων
1430 1311 1482 1361 δε
1508 1308 1629 1375 πρὸς
1649 1330 1709 1360 τα
1730 1310 1846 1360 ἑωυ-

186 1400 273 1446 τοῦ
313 1394 442 1446 οἰκία
481 1392 975 1461 προσεπασσάλευσε
1004 1393 1089 1445 τὸν
1129 1395 1354 1461 τρίποδα.
1421 1394 1501 1444 διὰ
1538 1392 1719 1457 ταύτην
1759 1392 1850 1456 τὴν

116 1498 161 1539 15
187 1480 349 1544 αἰτίην
380 1482 429 1531 αἱ
459 1477 607 1531 πέντε
638 1480 825 1538 πόλιες,
854 1478 1032 1531 Λίνδος
1065 1479 1144 1530 καὶ
1174 1476 1406 1542 Ἰήλυσός
1435 1498 1486 1529 τε
1522 1477 1600 1528 καὶ
1633 1476 1851 1543 Κάμιρος

189 1563 268 1616 καὶ
298 1567 410 1617 Κῶς
441 1584 495 1614 τε
527 1563 605 1614 καὶ
645 1564 841 1623 Κνίδος,
878 1560 1177 1628 ἐξεκλήισαν
1219 1564 1552 1629 τῆς-μετοχῆς
1584 1560 1673 1625 τὴν
1705 1561 1849 1624 ἕκτην

186 1648 336 1700 πόλιν
367 1647 788 1715 Ἀλικαρνησσόν.
862 1646 1083 1699 τούτοισι
1124 1645 1217 1712 μέν
1258 1667 1346 1698 νυν
1378 1646 1513 1697 οῦτοι
1550 1645 1731 1709 ταύτην
1761 1644 1851 1708 τὴν

190 1733 364 1798 ζημίην
406 1731 668 1796 ἐπέθηκαν.
743 1732 960 1783 δυώδεκα
996 1730 1051 1784 δέ
1091 1753 1175 1797 μοι
1222 1729 1452 1782 δοκέουσι
1488 1734 1666 1782 πολιας
1706 1727 1847 1793 ποιή-

188 1819 379 1868 σασθαι
410 1819 456 1868 οἱ
482 1814 653 1869 Ἴωνες
674 1817 754 1868 καὶ
774 1817 860 1868 οὐκ
883 1818 1123 1880 ἐθελῆσαι
1143 1819 1359 1868 πλεῦνας
1381 1812 1684 1878 ἐσδέξασθαι
1709 1815 1850 1865 τοῦδε

115 1919 165 1948 20
188 1902 366 1974 εἵνεκα,
389 1901 464 1952 ὅτι
489 1900 567 1951 καὶ
586 1901 668 1952 ὅτε
700 1902 752 1952 ἐν
778 1898 1158 1970 Πελοποννήσῳ
1181 1901 1342 1951 οἴκεον
1364 1899 1582 1950 δυώδεκα
1613 1895 1672 1961 ἧν
1692 1897 1851 1949 αὐτῶν

185 1984 351 2052 μέρεα,
380 1983 501 2036 κατά
532 2006 624 2052 περ
654 1989 742 2036 νῦν
766 1983 986 2053 Ἀχαιῶν
1016 1988 1115 2036 τῶν
1147 1982 1499 2049 ἐξελασάντων
1522 1981 1698 2036 Ἴωνας
1729 1981 1849 2032 δυώ-

187 2068 304 2121 δεκά
342 2070 452 2120 ἐστι
491 2068 659 2135 μέρεα,
694 2067 935 2134 Πελλήνη
983 2067 1076 2134 μέν
1117 2090 1176 2135 γε
1212 2068 1379 2135 πρώτη
1423 2066 1544 2135 πρὸς
1585 2070 1848 2124 Σικυῶνος,

185 2155 310 2220 μετὰ
341 2155 394 2205 δὲ
426 2154 631 2220 Αἴγειρα
663 2153 740 2204 καὶ
775 2153 937 2220 Αἰγαί,
972 2154 1025 2204 ἐν
1063 2153 1121 2223 τῇ
1161 2156 1348 2219 Κρᾶθις
1391 2150 1612 2216 ποταμὸς
1648 2149 1852 2203 ἀένναός

190 2239 316 2297 ἐστι,
357 2237 440 2290 ἀπ’
472 2238 583 2289 ὅτευ
617 2238 643 2287 ὁ
681 2239 735 2289 ἐν
776 2236 966 2309 Ἰταλίῃ
1003 2235 1222 2301 ποταμὸς
1263 2236 1320 2288 τὸ
1362 2236 1548 2302 οὔνομα
1588 2235 1727 2303 ἔσχε,
1773 2235 1852 2286 καὶ

112 2339 160 2380 25
187 2325 351 2389 Βοῦρα
395 2322 472 2373 καὶ
512 2321 704 2387 Ἑλίκη,
738 2323 788 2375 ἐς
828 2320 918 2385 τὴν
961 2320 1243 2388 κατέφυγον
1278 2319 1451 2374 Ἴωνες
1495 2319 1592 2372 ὑπὸ
1632 2318 1851 2387 Ἀχαιῶν

184 2404 321 2478 μάχῃ
364 2405 690 2466 ἑσσωθέντες,
730 2407 809 2458 καὶ
846 2408 1021 2473 Αἴγιον
1065 2406 1144 2457 καὶ
1174 2404 1348 2459 Ῥύπες
1392 2404 1472 2457 καὶ
1504 2402 1732 2471 ΥΠατρέες
1774 2402 1852 2454 καὶ

185 2489 376 2558 Φαρέες
407 2490 486 2542 καὶ
508 2489 744 2550 ”Ωλενος,
769 2492 822 2542 ἐν
852 2495 919 2560 τῷ
955 2494 1136 2556 Πεῖρος
1171 2489 1391 2555 ποταμὸς
1423 2489 1579 2556 μέγας
1611 2489 1738 2547 ἐστί,
1773 2488 1852 2539 καὶ

187 2574 331 2640 Δύμη
366 2575 445 2627 καὶ
485 2574 756 2642 Τριταιέες,
789 2575 835 2627 οἳ
871 2579 1046 2641 μοῦνοι
1076 2574 1263 2625 τούτων
1307 2574 1572 2641 μεσᾴχαιοι
1614 2570 1848 2624 οἰκέουσι.

183 2663 336 2711 ταῦτα
367 2659 584 2712 δυώδεκα
612 2658 765 2727 μέρεα
796 2663 884 2712 νῦν
914 2658 1136 2727 Ἀχαιῶν
1168 2660 1280 2710 ἐστι
1314 2659 1392 2710 καὶ
1424 2658 1537 2710 τότε
1579 2677 1638 2725 γε
1667 2655 1850 2708 Ἰώνων

241 2797 257 2823 1
291 2783 457 2836 ὀνόματι
477 2783 516 2823 Α
532 2784 567 2823 Β
679 2785 784 2836 ἱερὸν
805 2783 842 2822 Α
858 2783 893 2822 Β
1009 2783 1077 2824 ἐπί
1094 2799 1142 2824 τε
1163 2781 1195 2820 C
1211 2781 1261 2820 Pe
1374 2783 1506 2822 αὐτῶν
1526 2779 1560 2819 C
1747 2791 1772 2817 2
1801 2781 1850 2821 τὸ

183 2842 332 2889 οὔνομα
361 2839 394 2878 C
410 2839 444 2878 P
690 2841 717 2877 6
746 2837 821 2890 ὧν]
855 2839 971 2879 αι’νῶς
1001 2837 1123 2877 Stein
1313 2836 1544 2887 ἐσδέξεσθαι
1566 2833 1604 2872 Α
1620 2833 1653 2872 Β
1669 2834 1702 2873 C
1727 2835 1827 2880 (εῙσ·
1830 2835 1846 2886 )

184 2906 206 2943 7
238 2892 391 2935 αὐτέων
410 2893 448 2932 Α
465 2894 499 2932 Β
517 2894 550 2932 Ρ
730 2906 778 2943 13
809 2897 891 2934 τῶν
911 2892 1042 2943 νόμων
1064 2891 1097 2930 Ρ
1285 2902 1332 2940 15
1365 2889 1535 2943 Κάμιρος
1555 2888 1624 2928 A:
1655 2895 1848 2941 Καμειρος

183 2948 219 2987 Β
234 2948 268 2988 C
282 2948 316 2988 P
426 2962 480 2988 20
510 2947 594 3000 ὅτι]
617 2949 682 2990 καὶ
704 2949 768 2990 ὅτι
786 2947 819 2986 Ρ
931 2960 982 2986 22
1011 2963 1061 2999 γε
1084 2945 1282 2985 Dobree:
1311 2961 1358 2985 τε
1376 2944 1410 2982 L
1521 2956 1573 2994 23
1603 2943 1769 2985 ἀένναός
1784 2942 1848 2982 B:

182 3001 324 3046 ἀέναός
345 3003 382 3042 Α
396 3003 430 3043 C
447 3004 479 3043 P
644 3015 696 3054 24
727 3001 880 3043 ἆπότου
903 3001 935 3040 L
1102 3002 1156 3039 26
1185 2998 1341 3041 Ῥύπαις
1362 2998 1395 3037 C
1562 2999 1616 3038 28
1647 2996 1762 3049 Δύμη
1784 2998 1846 3037 C:

181 3057 320 3111 Δρύμη
342 3058 380 3097 Α
396 3057 431 3097 Β
450 3058 484 3097 Ρ

238 3123 340 3152 nor.
367 3125 397 3154 1.
1188 3125 1201 3131 ”
1658 3108 1683 3149 6

1889 169 1925 216 1.
1946 179 2036 230 143

1886 564 1976 613 144

1890 1744 1980 1796 145

1887 2566 2094 2618 Mm-

1887 2657 1982 2719 146
