2098 3320
99 106 259 154 11.101

167 509 271 559 ma

922 107 1352 155 ΗΡΟΔΟΤΟΎ

300 237 484 304 ὀρύξαι,
520 239 605 302 τῆς
635 237 664 302 ἡ
699 237 926 304 περίοδος
949 239 1086 290 ὅσων
1110 238 1220 290 ἐστὶ
1251 239 1467 292 σταδίων
1495 239 1707 305 ὕστερον
1730 239 1961 304 δηλώσω,

299 323 573 388 πυραμίδας
609 344 663 373 τε
699 323 752 373 ἐν
790 322 911 395 αὐτῇ
946 324 1285 388 οἰκοδομῆσαι,
1317 327 1416 375 τῶν
1453 328 1539 374 τοῦ
1572 323 1815 390 μεγάθεος
1850 321 1963 390 πέρι

300 408 422 472 ὁμοῦ
469 406 590 478 αὐτῇ
636 407 695 478 τῇ
746 407 898 478 λίμνῃ
951 405 1304 472 ἐπιμνήσομαι.
1366 411 1550 459 ’τοῦτον
1599 409 1692 472 μὲν
1744 412 1963 459 τοσαῦτα

299 487 657 554 ἀποδέξασθαι,
684 496 783 542 τῶν
806 494 860 543 δὲ
890 490 1063 542 ἄλλων
1088 488 1265 543 οὐδένα
1289 488 1447 543 οὐδέν.
1519 490 1962 558 παραμειψάμενος

298 573 365 627 ὧν
396 575 600 628 τούτους
629 579 716 626 τοῦ
740 576 820 627 ἐπὶ
850 575 1074 627 τούτοισι
1103 573 1374 642 γενομένου
1396 573 1657 640 βασιλέος,
1685 579 1750 644 τῷ
1776 575 1962 641 οὔνομα

298 658 357 723 ἦν
397 657 702 726 Σέσωστρις,
742 659 916 710 τούτου
959 658 1157 725 μνήμην
1197 659 1488 725 ποιήσομαι.
1567 659 1653 711 τὸν
1698 659 1876 726 ἔλεγον
1915 662 1962 711 οἱ

298 741 424 811 ἱρέες
482 748 678 810 πρῶτον
727 746 820 809 μὲν
878 744 1101 795 πλοίοισι
1157 748 1391 810 μακροῖσι
1444 741 1720 810 ὁρμηθέντα
1770 745 1825 795 ἐκ
1874 748 1963 795 τοῦ

297 828 541 894 Ἀραβίου
573 828 762 880 κόλπου
793 828 907 881 τοὺς
938 829 1070 894 παρὰ
1100 827 1192 892 τὴν
1223 827 1464 894 Ἐρυθρὴν
1497 827 1765 880 θάλασσαν
1796 849 1958 879 κατοι-

299 910 535 977 κημένους
559 909 1016 979 καταστρέφεσθαι,
1037 914 1089 966 ἐς
1109 911 1135 963 ὃ
1154 909 1373 964 πλέοντά
1395 933 1479 977 μιν
1499 912 1672 979 πρόσω
1693 908 1961 964 ἀπικέσθαι

238 1016 264 1059 3
295 998 348 1050 ἐς
392 995 661 1048 θάλασσαν
707 993 867 1047 οὐκέτι
912 996 1117 1060 πλωτὴν
1160 995 1259 1048 ὑπὸ
1299 993 1554 1064 βραχέων.
1637 997 1864 1048 ἐνθεῦτεν
1906 998 1961 1049 δὲ

295 1081 359 1134 ὡς
391 1082 555 1133 ὀπίσω
586 1081 789 1132 ἀπίκετο
821 1082 872 1134 ἐς
908 1082 1179 1148 Αἴγυπτον,
1214 1082 1336 1132 κατὰ
1371 1085 1471 1132 τῶν
1509 1079 1652 1146 ἱρέων
1682 1079 1771 1144 τὴν
1809 1078 1960 1145 φάτιν

296 1165 537 1232 στρατιὴν
568 1164 768 1229 πολλὴν
798 1161 930 1231 [τῶν]
960 1165 1139 1231 λαβὼν
1169 1163 1354 1230 ἤλαυνε
1383 1167 1463 1216 διὰ
1493 1167 1579 1232 τῆς
1609 1164 1829 1231 ἠπείρου,
1860 1167 1960 1216 πᾶν

238 1271 265 1314 4
294 1250 436 1303 ἔθνος
465 1249 523 1302 τὸ
553 1250 782 1315 ἐμποδὼν
807 1250 1292 1317 καταστρεφόμενος.
1365 1247 1552 1301 ὁτέοισι
1574 1247 1666 1314 μέν
1689 1269 1774 1300 νυν
1798 1247 1959 1300 αὐτῶν

0 1342 205 1411 ⁵⁹³4*

294 1335 551 1399 ἀλκίμοισι
595 1334 895 1401 ἐνετύγχανε
940 1334 1018 1385 καὶ
1063 1336 1233 1387 δεινῶς
1282 1331 1634 1401 γλιχομένοισι
1681 1328 1829 1399 [περὶ]
1871 1334 1959 1396 τῆς

295 1419 594 1484 ἐλευθερίης,
629 1418 851 1469 τούτοισι
890 1420 983 1483 μὲν
1020 1416 1212 1482 στήλας
1249 1416 1420 1482 ἐνίστη
1464 1418 1514 1471 ἐς
1553 1419 1641 1470 τὰς
1677 1417 1844 1484 χώρας
1879 1417 1959 1482 δια

243 1551 246 1555 ,
294 1501 595 1570 γραμμάτων
624 1502 875 1569 λεγούσας
910 1503 969 1552 τό
1002 1523 1057 1554 τε
1092 1505 1274 1553 ἑωυτοῦ
1308 1502 1494 1567 οὔνομα
1531 1501 1609 1552 καὶ
1644 1503 1730 1565 τῆς
1771 1498 1959 1566 πάτρης

244 1607 265 1653 5
297 1588 375 1638 καὶ
421 1587 486 1639 ὡς
530 1585 705 1651 δυνάμι
728 1593 804 1659 ’τῇ
846 1588 1027 1638 ἑωυτοῦ
1067 1585 1445 1653 κατεστρέψατό
1484 1592 1664 1652 σφεας·
1712 1585 1866 1636 ὅτεων
1905 1586 1959 1636 δὲ

293 1672 512 1738 ἀμαχητὶ
559 1671 638 1722 καὶ
684 1669 926 1723 εὐπετέως
965 1669 1226 1736 παρέλαβε
1271 1672 1357 1723 τὰς
1401 1671 1595 1727 πόλιας,
1639 1669 1860 1720 τούτοισι
1905 1670 1958 1720 δὲ

295 1754 544 1822 ἐνέγραφε
576 1757 629 1806 ἐν
659 1762 776 1827 τῇσι
809 1753 1031 1826 στ’ήλῃσι
1064 1757 1187 1805 κατὰ
1216 1754 1370 1806 ταύτὰ
1404 1755 1482 1805 καὶ
1512 1758 1646 1805 τοῖσι
1679 1752 1959 1819 ἀνδρηίοισι

294 1844 393 1891 τῶν
417 1838 602 1891 ἐθνέων
625 1838 944 1906 γενομένοισι
977 1839 1054 1890 καὶ
1087 1838 1144 1902 δὴ
1178 1839 1257 1890 καὶ
1290 1840 1452 1890 αἰδοῖα
1483 1836 1715 1905 γυναικὸς
1744 1857 1954 1902 προσεν-

295 1923 504 1990 έγραφε,
555 1927 683 1987 δῆλα
734 1923 1045 1988 βουλόμενος
1096 1922 1284 1975 ποιέειν
1339 1923 1403 1976 ὡς
1455 1923 1629 1986 εἴησαν
1681 1920 1959 1991 ἀνάλκιδες.

165 2028 260 2076 103
295 2013 449 2059 ταῦτα
478 2010 532 2059 δὲ
561 2006 744 2060 ποιέων
775 2005 958 2071 διεξήιε
988 2006 1078 2070 τὴν
1110 2006 1328 2074 ἤπειρον,
1363 2009 1413 2060 ἐς
1443 2006 1469 2057 ὃ
1499 2008 1553 2057 ἐκ
1583 2008 1671 2070 τῆς
1699 2004 1876 2069 Ἀσίης
1909 2006 1959 2057 ἐς

295 2091 385 2155 τὴν
439 2091 683 2158 Εὐρώπην
710 2093 914 2156 ’διαβὰς
957 2091 1070 2144 τούς
1121 2112 1176 2142 τε
1219 2092 1411 2144 Σκύθας
1458 2087 1959 2162 κατεστρέψατο-,καὶ

295 2176 408 2229 τοὺς
454 2174 692 2242 Θρήικας.
766 2177 817 2228 ἐς
861 2175 1061 2228 τούτους
1104 2174 1159 2225 δέ
1208 2195 1292 2239 μοι
1335 2173 1494 2226 δοκέει
1539 2173 1618 2224 καὶ
1661 2172 1960 2239 προσώτατα

296 2258 562 2311 ἀπικέσθαι
608 2260 634 2309 ὁ
679 2259 949 2325 Αἰγύπτιος
996 2259 1222 2326 στρατός.
1299 2261 1352 2310 ἐν
1394 2261 1485 2323 μὲν
1529 2259 1625 2324 γὰρ
1668 2258 1727 2328 τῇ
1771 2256 1958 2308 τούτων

295 2343 435 2414 χώρῃ
481 2345 745 2409 φαίνονται
792 2345 1055 2393 σταθεῖσαι
1091 2339 1177 2408 [αἱ]
1222 2345 1424 2407 στῆλαι,
1462 2341 1518 2393 τὸ
1562 2343 1615 2392 δὲ
1658 2338 1958 2406 προσωτέρω

296 2427 482 2478 τούτων
527 2426 702 2478 οὐκέτι.
796 2428 1021 2478 ἐνθεῦτεν
1066 2429 1120 2478 δὲ
1165 2425 1478 2492 ἐπιστρέψας
1527 2425 1689 2477 ὀπίσω
1736 2423 1830 2489 ἤιε,
1879 2424 1958 2486 καὶ

356 2577 372 2603 1
406 2566 504 2605 ὅσον
526 2564 565 2601 R
724 2566 751 2603 6
781 2566 929 2616 ἔλεγον
949 2576 1028 2603 οηι.
1055 2562 1093 2600 R
1111 2562 1192 2601 SV
1348 2573 1391 2600 11
1424 2562 1498 2603 τὸν
1518 2561 1558 2599 R
1720 2572 1767 2598 12
1796 2560 1960 2609 πολλὴν

298 2620 494 2672 στρατιὴν
527 2618 567 2657 Α
583 2618 617 2656 Β
635 2618 668 2656 C
847 2622 929 2659 τῶν
963 2631 1046 2659 om.
1080 2619 1118 2656 R
1135 2617 1166 2656 S
1184 2617 1218 2655 V
1232 2617 1285 2655 C0
1523 2628 1571 2664 13
1613 2616 1787 2665 ἐμποδὸν
1821 2613 1861 2652 R
1875 2613 1907 2653 S
1919 2614 1960 2654 V

248 2719 249 2723 Ἰ
299 2677 430 2715 αὐτῶν
451 2673 508 2713 P:
539 2675 662 2714 αὗτῶι
685 2673 718 2711 C
738 2687 747 2712 ε
777 2672 931 2713 αὐτέων
951 2672 1045 2712 rell.
1242 2685 1288 2721 14
1318 2673 1381 2712 καὶ
1402 2683 1485 2710 om.
1509 2669 1544 2708 P
1559 2669 1598 2708 R
1614 2669 1695 2708 SV
1822 2671 1958 2710 δεινῶς

295 2729 376 2781 ’γὰρ
399 2728 438 2766 R
567 2730 654 2781 περὶ
677 2727 759 2767 del.
783 2727 1052 2766 Valckenaer
1246 2737 1295 2774 15
1325 2726 1471 2774 ἀνίστη
1493 2725 1523 2764 S
1719 2736 1766 2772 17
1797 2722 1957 2773 δυνάμει

299 2783 333 2821 C
356 2783 390 2821 P
412 2783 452 2821 R
475 2782 505 2821 S
525 2783 563 2821 V
751 2783 799 2821 18
841 2781 981 2823 πόλεις
1022 2782 1058 2819 R
1079 2780 1187 2819 SV:
1234 2779 1352 2822 πόλις
1393 2780 1427 2818 Ρ
1612 2791 1660 2827 19
1690 2780 1794 2818 κατὰ
1830 2778 1958 2818 ταύτὰ

298 2839 447 2887 (ταῦτα
477 2837 518 2875 Α
540 2834 617 2889 3)]
651 2836 704 2878 τά
737 2854 786 2878 τε
819 2838 920 2877 αὐτὰ
955 2835 1128 2874 Bekker
1376 2847 1430 2873 20
1468 2832 1768 2886 προσενέγραφε
1804 2830 1844 2868 R
1866 2830 1897 2869 S
1916 2830 1957 2870 V

298 2904 346 2930 21
388 2891 496 2940 ἦσαν
526 2891 560 2930 Ρ
580 2892 617 2929 R
640 2892 670 2931 S
692 2891 728 2930 V
758 2891 950 2930 Eustath.
985 2890 1030 2930 Il.
1061 2890 1143 2929 668
1373 2901 1425 2938 24
1464 2889 1549 2938 καὶ]
1585 2889 1649 2928 καὶ
1685 2889 1729 2926 οὐ
1764 2885 1853 2924 PR
1872 2884 1956 2925 SV

298 2948 352 2990 26
381 2949 419 2987 αἱ
439 2945 577 2985 delevi
689 2950 747 2987 τῶ
770 2945 807 2983 R
825 2945 854 2983 S
868 2945 907 2984 V

1988 1017 2036 1047 10

1986 1855 2037 1884 20
