2098 3320
769 122 1149 199 ΙΣΤΟΡΙΩΝ
1211 151 1251 199 Γ

159 279 273 336 *τῶν
302 283 492 350 ἀνδρῶν
526 281 640 336 τοὺς
680 283 977 350 κορυφαίους
1015 281 1240 348 μάλιστα
1283 285 1334 338 ἐς
1376 286 1691 353 τρισχιλίους
1728 286 1839 338 ἀνε-

175 367 471 426 σκολόπισε,
513 372 647 419 τοῖσι
689 369 743 419 δὲ
782 372 1013 419 λοιποῖσι
1060 370 1439 433 Βαβυλωνίοισι
1480 368 1706 422 ἀπέδωκε
1751 369 1842 434 τὴν

173 452 324 504 πόλιν
353 450 547 504 οἰκέειν.
639 451 703 505 ὡς
734 450 776 502 δ’
817 449 990 516 ἕξουσι
1031 457 1266 519 γυναῖκας
1306 456 1352 505 οἱ
1391 454 1728 519 Βαβυλώνιοι,
1762 456 1840 507 ἵνα

175 542 273 604 σφι
301 535 447 604 γενεὴ
487 536 800 603 ὑπογίνηται,
831 534 949 588 τάδε
988 541 1199 603 Δαρεῖος
1237 539 1453 604 προιδὼν
1493 540 1700 603 ἐποίησε
1735 537 1841 604 (τὰς

127 647 150 689 5
173 623 268 688 γὰρ
312 623 522 679 ἑωυτῶν,
568 620 633 674 ὡς
676 622 754 672 καὶ
797 620 899 672 κατ’
931 622 1090 689 ἀρχὰς
1136 620 1425 686 δεδήλωται,
1470 621 1748 688 ἀπέπνιξαν
1793 626 1840 676 οἱ

175 705 492 772 Βαβυλώνιοι
531 710 618 758 τοῦ
658 707 801 758 σίτου
843 704 1186 773 προορῶντες)·
1237 706 1444 772 ἐπέταξε
1484 711 1617 759 τοῖσι
1653 710 1838 775 περιοί-

175 811 305 842 κοισι
345 789 514 842 ἔθνεσι
555 794 789 858 γυναῖκας
835 793 886 844 ἐς
929 795 1214 856 Βαβυλῶνα
1262 792 1572 856 κατιστάναι,
1614 793 1739 847 ὅσας
1783 793 1840 857 δὴ

173 873 432 928 ἑκάστοισι
464 873 771 934 ἐπιτάσσων,
799 875 932 928 ὥστε
964 874 1113 928 πέντε
1143 875 1392 942 μυριάδων
1422 876 1480 927 τὸ
1513 879 1841 944 κεφαλαίωμα

171 964 270 1012 τῶν
299 964 544 1027 γυναικῶν
568 963 804 1025 συνῆλθε.
877 962 931 1011 ἐκ
957 959 1169 1012 τουτέων
1194 964 1246 1012 δὲ
1279 966 1376 1013 τῶν
1408 966 1652 1028 γυναικῶν
1682 964 1728 1014 οἱ
1754 966 1840 1014 νῦν

42 1075 45 1078 <
101 1068 150 1098 ιο
174 1044 489 1111 Βαβυλώνιοι
541 1045 799 1112 γεγόνασι.
891 1045 1130 1112 Ζωπύρου
1190 1048 1242 1097 δὲ
1296 1047 1456 1099 οὐδεὶς
1508 1047 1841 1114 ἀγαθοεργίην

173 1125 416 1196 Περσέων
438 1127 778 1196 ὑπερεβάλετο
804 1131 935 1196 παρὰ
963 1132 1157 1200 Δαρείῳ
1187 1131 1337 1202 κριτῇ,
1367 1131 1478 1183 οὕτε
1502 1135 1600 1183 τῶν
1630 1131 1841 1198 ὕστερον

172 1212 453 1281 γενομένων
483 1214 595 1266 οὔτε
626 1219 724 1266 τῶν
756 1216 1012 1282 πρότερον,
1049 1215 1124 1266 ὅτι
1156 1214 1222 1280 μὴ
1255 1219 1415 1282 Κῦρος
1443 1220 1638 1280 μοῦνος·
1684 1215 1839 1286 τούτῳ

171 1299 268 1366 γὰρ
298 1298 458 1352 οὐδεὶς
491 1296 733 1366 Περσέων
770 1297 956 1363 ἠξίωσέ
993 1320 1058 1350 κω
1101 1299 1283 1352 ἑωυτὸν
1324 1304 1625 1365 συμβαλεῖν.
1713 1307 1835 1353 πολ-

171 1381 316 1436 λάκις
355 1385 409 1435 δὲ
452 1387 669 1451 Δαρεῖον
706 1380 911 1451 λέγεται
951 1385 1153 1452 γνώμην
1194 1382 1340 1448 τήνδε
1376 1383 1733 1449 ἀποδέξασθαι,
1775 1385 1840 1438 ὣς

100 1492 148 1534 ι5
171 1467 412 1534 βούλοιτο
452 1465 514 1520 ἂν
555 1468 795 1535 Ζώπυρον
846 1467 972 1520 εἶναι
1016 1466 1211 1521 ἀπαθέα
1255 1471 1343 1533 τῆς
1390 1470 1601 1534 ἀεικείης
1644 1473 1841 1534 μᾶλλον

171 1547 202 1616 ἢ
257 1551 566 1618 Βαβυλῶνάς
625 1556 671 1605 οἱ
731 1556 890 1606 εἴκοσι
952 1553 1074 1620 πρὸς
1125 1554 1184 1624 τῇ
1246 1554 1398 1625 ἐούσῃ
1450 1553 1837 1621 προσγενέσθαι.

173 1637 379 1703 ἐτίμησε
419 1635 474 1689 δέ
516 1659 602 1703 μιν
641 1637 890 1705 μεγάλως·
941 1638 1020 1689 καὶ
1060 1639 1156 1706 γὰρ
1197 1637 1328 1704 δῶρά
1369 1641 1414 1690 οἱ
1456 1639 1551 1690 ἀνὰ
1591 1642 1691 1691 πᾶν
1731 1639 1840 1700 ἔτος

173 1722 333 1774 ε’δίδου
364 1726 520 1774 ταῦτα
544 1724 605 1774 τὰ
631 1722 871 1795 Πέρσῃσί
901 1724 1011 1774 ε’στι
1035 1723 1303 1788 τιμιώτατα
1330 1723 1407 1774 καὶ
1437 1722 1526 1787 τὴν
1558 1722 1841 1789 Βαβυλῶνά

173 1808 220 1858 οἱ
250 1805 401 1859 ἔδωκε
432 1807 614 1860 ἀτελέα
645 1807 887 1873 νέμεσθαι
924 1805 1074 1875 μέχρι
1102 1810 1190 1872 τῆς
1233 1808 1423 1860 ἐκείνου
1456 1807 1566 1872 ζόης
1599 1807 1677 1859 καὶ
1707 1807 1841 1859 ἄλλα

99 1915 150 1945 20
171 1893 339 1944 πολλὰ
369 1890 602 1945 ἐπέδωκε.
695 1893 936 1960 Ζωπύρου
977 1895 1030 1944 δὲ
1072 1892 1247 1943 τούτου
1288 1894 1477 1960 γίνεται
1516 1891 1836 1959 Μεγάβυζος,

171 1974 226 2030 ὃς
256 1977 310 2028 ε’ν
341 1976 575 2047 Αἰγύπτῳ
609 1978 754 2029 ἀντία
787 1975 1065 2042 Ἀθηναίων
1098 1977 1177 2029 καὶ
1218 1981 1316 2029 τῶν
1348 1975 1626 2045 συμμάχων
1658 1979 1834 2043 ἐστρα·

172 2058 380 2128 τήγησε·
445 2062 751 2129 Μεγαβύζου
805 2065 857 2114 δὲ
909 2062 1083 2114 τούτου
1134 2063 1326 2129 γίνεται
1380 2062 1631 2128 Ζώπυρος,
1685 2060 1739 2114 ὃς
1789 2063 1840 2115 ἐς

171 2143 384 2210 Ἀθήνας
428 2145 747 2212 ηὐτομόλησε
791 2148 845 2198 ἐκ
892 2145 1151 2213 Περσέων.

229 2297 246 2323 1
296 2283 482 2336 μάλιστα
518 2299 601 2325 om.
645 2285 679 2324 C
906 2299 945 2324 2·
979 2290 1066 2327 τοῖς
1105 2285 1149 2327 δὲ
1188 2290 1346 2327 λοιποῖς
1386 2287 1658 2332 Βαβυλωνίοις
1698 2286 1842 2326 RSV

170 2353 195 2389 4
223 2341 347 2392 ’γενεὴ
369 2339 568 2380 Bekker:
597 2340 722 2394 γένεα
742 2340 798 2381 S:
829 2340 932 2394 γένη
955 2341 1044 2381 rell.
1183 2340 1345 2393 ὑπογέν.
1373 2341 1430 2379 S:
1464 2341 1611 2393 ἐπιγίν.
1639 2340 1840 2392 Krueger

169 2394 262 2447 τὰς]
283 2395 338 2436 τὰ
367 2393 458 2434 RV
615 2406 640 2445 5
669 2397 735 2438 καὶ
765 2408 851 2437 om.
878 2396 962 2435 SV
1125 2398 1152 2434 6
1181 2396 1361 2449 -ρέοντες
1390 2395 1552 2435 ΑΒΡ;
1590 2394 1775 2448 -ρέωντες
1806 2396 1839 2435 C

172 2461 194 2499 7
220 2452 391 2502 γυναῖκα
404 2449 444 2489 Α
459 2450 494 2489 Β
509 2450 542 2489 C
654 2455 812 2492 καθιστ.
830 2450 869 2489 Α
884 2451 918 2489 Β
935 2451 967 2489 C
1080 2452 1178 2493 ὅσας
1194 2452 1243 2501 δὴ
1261 2464 1327 2490 om
1357 2450 1397 2489 A
1412 2450 1447 2489 Β
1464 2450 1497 2489 C
1608 2452 1635 2490 8
1653 2451 1839 2504 μυριάδες

173 2504 204 2544 S
219 2503 296 2557 [V]
431 2518 480 2544 10
508 2506 688 2558 -εργείην
708 2504 748 2544 Α
761 2506 795 2544 Β
812 2506 844 2544 C
981 2519 996 2545 1
1009 2519 1024 2545 1
1059 2506 1367 2559 ὑπερεβάλλετο
1386 2506 1425 2545 V
1537 2505 1627 2547 οὐδὲ
1648 2505 1688 2544 Α
1704 2505 1739 2544 Β
1756 2505 1789 2544 C
1804 2505 1839 2545 E

174 2570 222 2599 12
251 2562 342 2601 οὐδὲ
357 2558 397 2598 Α
412 2559 446 2598 Β
463 2560 496 2599 C
512 2560 546 2599 E
658 2559 778 2612 μόνος
794 2560 834 2599 Α
851 2560 884 2598 Β
900 2560 933 2599 C
949 2561 982 2600 E
1097 2573 1148 2611 13
1177 2563 1428 2612 συμβαλέειν
1444 2561 1477 2599 L
1592 2573 1640 2610 14
1669 2564 1838 2614 Δαρεῖον

170 2626 251 2653 om.
277 2613 366 2653 AB
382 2614 416 2654 C
598 2628 644 2665 15
676 2616 806 2665 ἀῖκίης
829 2615 867 2653 R
884 2615 913 2654 S
928 2615 988 2657 V:
1022 2616 1172 2664 ἀεικίης
1194 2616 1228 2655 Ε
1413 2629 1459 2666 17
1492 2614 1553 2657 ἀν’
1574 2615 1679 2656 ἅπαν
1702 2615 1741 2653 R
1757 2615 1787 2654 S
1801 2616 1838 2655 V

175 2668 224 2708 18
252 2672 384 2711 ταῦτα
411 2682 494 2710 om.
531 2669 570 2708 R
587 2670 668 2710 SV
890 2683 939 2721 19
971 2670 1072 2722 ζώης
1101 2670 1137 2709 Β
1152 2670 1236 2709 CV
1457 2683 1513 2709 20
1543 2675 1679 2722 -βυξος
1699 2669 1738 2708 Α
1752 2669 1838 2709 EV

171 2736 223 2763 22
251 2723 392 2777 -βύξου
413 2723 453 2763 Α
469 2724 503 2764 E
625 2726 805 2778 ’γείνεται
830 2724 868 2763 R
882 2725 920 2764 V
1042 2729 1085 2766 ἐν
1112 2725 1146 2763 C
1313 2738 1364 2774 23
1396 2725 1679 2776 αὐτομόλησεν
1703 2725 1741 2765 R
1757 2723 1838 2764 SV

172 2777 360 2831 Περσέων
378 2781 482 2831 μετὰ
503 2779 547 2820 δὲ
567 2781 645 2830 τὴν
665 2783 906 2829 Βαβυλῶνος
928 2782 1080 2834 αἵρεσιν
1103 2779 1141 2817 R
1157 2779 1186 2817 S
1201 2780 1237 2818 V

1882 156 1972 206 III.
2001 169 2094 218 159

1879 473 1905 505 2

1878 1053 1978 1101 160
