2098 3320
57 96 123 147 11.
145 100 216 159 64
888 102 1316 151 HPOAOTOT

229 265 231 267 ·
259 228 545 295 Ἑλλήνων,
578 234 848 299 μίσγονται
883 235 938 285 ἐν
976 235 1129 300 ἱροῖσι
1168 235 1246 286 καὶ
1282 234 1380 286 ἀπὸ
1415 238 1659 300 γυναικῶν
1697 231 1919 300 [ἀνιστά-

260 311 419 381 μενοι]
458 314 662 368 ἄλουτοι
707 315 1007 386 ἐσέρχονται
1050 319 1102 372 ἐς
1148 318 1270 386 ἱρόν,
1312 318 1594 383 νομίζοντες
1638 318 1925 385 ἀνθρώπους

196 420 222 475 32
261 398 388 450 εἶναι
418 399 540 451 κατά
571 422 663 467 περ
693 402 756 452 τὰ
787 396 922 453 ἄλλα
953 400 1168 466 κτήνεα.
1236 402 1315 454 καὶ
1347 404 1442 469 γὰρ
1471 404 1532 453 τὰ
1555 400 1715 454 πάντα
1747 401 1925 467 κτήνεα

0 471 381 593 ᾘὸρᾶν
414 484 493 535 καὶ
529 485 740 550 ὀρνίθων
778 485 927 552 γένεα
962 487 1240 555 ὀχευρμενα
1276 486 1330 538 ἔν
1365 507 1419 538 τε
1455 491 1589 538 τοῖσι
1623 491 1790 551 νηοῖσι
1825 492 1924 540 τῶν

0 557 3 565 ’
261 571 386 620 θεῶν
417 568 497 620 καὶ
529 570 582 620 ἐν
613 574 748 621 τοῖσι
777 569 1024 635 τεμένεσι.
1113 572 1155 622 εἰ
1191 567 1261 622 ὧν
1292 571 1419 622 εἶναι
1449 575 1515 640 τῷ
1553 573 1648 640 θεῷ
1683 575 1826 623 τοῦτο
1853 570 1921 637 μὴ
1947 593 1970 634 5

259 652 432 718 φίλον,
484 652 570 705 οὐκ
622 652 684 706 ἂν
733 653 845 706 οὐδὲ
885 656 946 706 τὰ
999 652 1177 719 κτήνεα
1228 654 1429 707 ποιέειν.
1517 654 1654 706 οὗτοι
1697 654 1790 720 μέν
1836 676 1923 708 νυν

155 738 223 799 65
259 741 460 788 τοιαῦτα
495 737 816 806 ἐπιλέγοντες
855 743 1053 791 ποιεῦσι
1088 738 1257 806 ἔμοιγε
1288 739 1374 790 οὐκ
1411 737 1614 805 ἀρεστά·
1661 739 1924 806 Αἰγύπτιοι

259 823 314 873 δὲ
356 822 688 892 θρῃσκεύουσι
724 827 978 890 περισσῶς
1017 822 1079 875 τά
1117 844 1170 876 τε
1211 822 1345 875 ἄλλα
1385 823 1497 893 περὶ
1533 824 1593 875 τὰ
1630 824 1709 890 ἱρὰ
1750 823 1828 876 καὶ
1865 823 1921 889 δὴ

261 905 340 956 καὶ
370 905 502 957 τάδε.
1287 967 1289 969 ,

201 1007 226 1038 2
342 988 534 1041 Ἐοῦσα
563 993 616 1043 δὲ
643 993 891 1058 Αἴγυπτος
921 992 1130 1058 ὅμουρος
1152 999 1213 1064 τῇ
1234 991 1402 1063 Λιβύῃ
1437 991 1493 1043 οὐ
1521 990 1658 1057 μάλα
1682 991 1922 1058 θηριώδης
1947 1013 1997 1042 ιο

262 1075 414 1126 ἐστί.’
477 1077 537 1125 τὰ
569 1077 621 1127 δὲ
653 1076 800 1127 ε’όντα
831 1083 930 1143 σφι
959 1074 1154 1128 ἅπαντα
1186 1077 1263 1142 ἱρὰ
1294 1076 1598 1141 νενόμισται,
1633 1075 1711 1128 καὶ
1741 1076 1801 1126 τὰ
1830 1078 1922 1141 μὲν

262 1158 523 1226 σύντροφα
560 1155 966 1225 [αὐτοῖσι]’τοῖσι
1006 1160 1328 1226 ἀνθρώποισι,
1371 1162 1432 1211 τὰ
1472 1162 1526 1212 δὲ
1569 1160 1640 1212 οὔ.
1728 1165 1828 1212 τῶν
1867 1162 1927 1212 δὲ’

0 1242 126 1306 Ψῇο
262 1244 448 1295 εἵνεκεν
479 1244 668 1312 ἀνεῖται
703 1240 799 1311 [τὰ]
829 1246 910 1310 ἱρὰ
947 1245 990 1295 εἰ
1027 1243 1239 1310 λέγοιμι,
1273 1245 1551 1309 καταβαίην
1589 1244 1650 1296 ἂν
1685 1249 1752 1314 τῷ
1782 1244 1920 1314 λόγῳ

263 1329 313 1380 ἐς
344 1329 405 1377 τὰ
442 1330 550 1379 θεῖα
586 1326 865 1394 πρήγματα,
900 1330 961 1379 τὰ
996 1328 1095 1395 ἐγὼ
1126 1329 1297 1395 φεύγω
1333 1327 1558 1393 μάλιστα
1591 1327 1917 1395 ἀπηγέεσθαι.

261 1412 322 1462 τὰ
353 1413 406 1462 δὲ
439 1412 517 1463 καὶ
549 1412 718 1477 εἴρηκα
748 1410 907 1463 αὐτῶν
931 1412 1234 1479 ἐπιψαύσας,
1261 1412 1504 1484 ἀναγκαίῃ
1535 1413 1918 1495 καταλαμβανό-
1947 1433 1962 1486 ι
1972 1434 1994 1474 5

198 1517 247 1560 3λ
261 1517 411 1560 μενος
453 1497 607 1548 εἶπον.
696 1497 845 1560 νόμος
885 1493 939 1547 δέ
977 1498 1087 1548 ἐστι
1130 1497 1242 1563 περὶ
1280 1501 1378 1548 τῶν
1419 1497 1600 1563 θηρίων
1639 1499 1734 1549 ὧδε
1761 1496 1918 1565 ἔχων.

0 1588 182 1631 owe-⁴⁴⁴
263 1580 533 1648 μελεδωνοὶ
581 1578 945 1655 ἀποδεδέχαται
992 1583 1078 1644 τῆς
1130 1584 1319 1648 τροφῆς
1365 1582 1518 1648 χωρὶς
1565 1579 1790 1633 ἑκάστων
1833 1581 2098 1646 Kalon-H

263 1664 464 1730 ἔρσενες
495 1665 574 1716 καὶ
611 1662 789 1729 θήλεαι
823 1670 923 1725 τῶν
954 1666 1256 1731 Αἰγυπτίων,
1289 1670 1388 1717 τῶν
1420 1669 1534 1719 παῖς
1572 1667 1704 1732 παρὰ
1739 1669 1920 1731 πατρὸς
2055 1650 2098 1694 Ε

198 1770 224 1811 4
262 1747 512 1801 ἐκδέκεται
539 1747 629 1813 τὴν
659 1748 820 1814 τιμήν.
910 1751 957 1801 οἱ
987 1751 1040 1801 δὲ
1075 1751 1129 1801 ἐν
1163 1757 1282 1822 τῇσι
1317 1749 1496 1802 πόλισι
1531 1750 1735 1803 ἕκαστοι
1771 1749 1920 1817 εὐχὰς

261 1831 415 1884 τάσδε
461 1839 558 1900 σφι
602 1831 948 1885 ἀποτελέουσι·
1003 1832 1263 1903 εὐχόμενοι
1307 1838 1373 1903 τῷ
1421 1837 1513 1904 θεῷ
1558 1838 1643 1885 τοῦ
1686 1832 1748 1886 ἂν
1790 1833 1820 1905 ᾗ
1864 1833 1920 1885 τὸ
1946 1856 1997 1886 20

263 1918 448 1983 θηρίον,
486 1916 727 1984 ξυρῶντες
763 1923 862 1977 τῶν
897 1919 1109 1970 παιδίων
1143 1913 1174 1982 ἢ
1212 1921 1380 1970 πᾶσαν
1415 1917 1508 1982 τὴν
1547 1917 1774 1985 κεφαλὴν
1803 1914 1832 1982 ἢ
1863 1917 1920 1969 τὸ

262 2001 415 2065 ἥμισυ
445 1997 475 2066 ἢ
506 2001 562 2052 τὸ
592 2003 758 2069 τρίτον
775 2001 934 2069 μέρος
964 2005 1051 2067 τῆς
1083 2005 1323 2070 κεφαλῆς,
1358 2005 1531 2055 ἱστᾶσι
1561 2006 1764 2072 σταθμῷ
1797 2001 1919 2068 πρὸς

262 2085 496 2152 ἀργύριον
531 2087 619 2139 τὰς
654 2087 844 2156 τρίχας·
883 2086 940 2138 τὸ
977 2085 1019 2138 δ’
1048 2085 1110 2139 ἂν
1147 2086 1352 2158 ἑλκύσῃ,
1383 2091 1527 2138 τοῦτο
1562 2094 1623 2159 τῇ
1657 2090 1919 2156 μελεδωνῷ

260 2174 359 2221 τῶν
395 2171 577 2236 θηρίων
606 2174 747 2222 διδοῖ·
792 2171 822 2235 ἡ
854 2170 895 2222 δ’
925 2169 1030 2223 ἀντ’
1061 2170 1210 2223 αὐτοῦ
1243 2170 1501 2236 τάμνουσα
1537 2172 1676 2239 ἰχθῦς
1713 2170 1921 2239 παρέχει

200 2274 221 2320 5
259 2253 419 2319 βορὴν
480 2259 615 2306 τοῖσι
674 2255 904 2321 θηρίοισι.
992 2254 1154 2322 τροφὴ
1211 2257 1300 2321 μὲν
1352 2254 1409 2319 δὴ
1468 2254 1664 2307 αὐτοῖσι
1720 2255 1918 2320 τοιαύτη
1945 2276 1994 2317 25

261 2336 599 2390 ἀποδέδεκται·
645 2337 701 2389 τὸ
740 2337 782 2389 δ’
823 2338 885 2391 ἄν
925 2359 998 2392 τις
1042 2344 1140 2391 τῶν
1184 2340 1365 2406 θηρίων
1408 2339 1592 2390 τούτων
1637 2338 1918 2410 ἀποκτείνῃ,

260 2418 319 2483 ἢν
349 2423 439 2486 μὲν
470 2422 612 2481 ἑκών,
646 2420 855 2476 θάνατος
880 2422 909 2487 ἡ
937 2423 1095 2488 ζημίη,
1121 2418 1181 2486 ἢν
1213 2424 1266 2474 δὲ
1297 2421 1471 2481 ἀέκων,
1499 2424 1720 2474 ἀποτίνει
1746 2423 1920 2487 ζημίην

261 2504 349 2568 τὴν
380 2504 442 2557 ἂν
473 2509 518 2557 οἱ
551 2504 676 2572 ἱρέες
707 2505 965 2571 τάξωνται.
1035 2505 1089 2560 ὃς
1119 2506 1162 2558 δ’
1187 2505 1248 2558 ἂν
1278 2506 1386 2572 ἶβιν
1410 2502 1439 2570 ἢ
1465 2508 1607 2573 ἴρηκα
1637 2508 1916 2578 ἀποκτείνῃ,

319 2655 335 2682 1
379 2643 636 2694 ἀνιστάμενοι
677 2643 779 2691 (del.
825 2643 987 2695 Naber)
1030 2649 1125 2694 post
1164 2644 1327 2684 ἄλουτοι
1369 2644 1528 2693 (ἅλυτοι
1567 2643 1606 2682 Α
1630 2643 1683 2694 B)
1727 2642 1920 2683 PRSV

259 2711 286 2748 3
315 2697 467 2750 πάντα]
491 2700 600 2740 ἄλλα
619 2697 658 2736 A
673 2698 706 2737 B
722 2699 755 2736 C
967 2713 991 2747 4
1020 2697 1162 2751 γένεα]
1186 2696 1311 2739 τέλεα
1333 2698 1370 2736 R
1387 2697 1467 2737 SV
1662 2710 1683 2747 7
1715 2701 1920 2741 ποιεῦντες

261 2751 520 2804 ἐπιλέγουσιν
542 2753 575 2791 Ρ
592 2752 626 2790 R
644 2752 724 2791 SV
858 2766 906 2791 10
934 2751 998 2804 δὲ]
1019 2753 1097 2805 γὰρ
1118 2751 1306 2791 Reiske:
1336 2753 1360 2801 ἣ
1382 2752 1554 2791 Bekker
1646 2761 1651 2764 ’
1713 2764 1755 2791 11
1789 2752 1920 2793 πάντα

260 2807 322 2859 ἱρὰ
343 2806 430 2846 ΑΒ
445 2807 502 2847 C:
535 2809 597 2860 ἱρὰ
615 2806 775 2849 ἅπαντα
797 2807 834 2844 R
851 2808 880 2846 S
894 2807 932 2845 V
1100 2819 1148 2845 12
1178 2809 1333 2848 αὐτοῖσι
1355 2806 1436 2846 del.
1463 2807 1598 2846 Cobet
1707 2809 1816 2847 τοῖσι
1835 2819 1918 2847 om.

260 2860 342 2900 SV
520 2873 568 2911 13
597 2863 648 2902 τὰ
668 2861 748 2901 del.
773 2861 1039 2901 Valckenaer
1223 2873 1271 2911 15
1301 2861 1457 2914 ἀνάγκῃ
1478 2860 1592 2900 AB:
1624 2859 1778 2913 ἀνάγκῃ
1798 2862 1861 2902 καὶ
1883 2860 1919 2900 C

264 2927 309 2963 17
342 2914 592 2966 ἀποδέχονται
616 2914 751 2955 R‘SV
774 2917 788 2925 ”
956 2929 1007 2968 19
1035 2922 1131 2966 post
1152 2917 1274 2969 εὐχὰς
1296 2915 1487 2955 lacunam
1509 2914 1655 2953 statuit
1676 2913 1797 2954 stein
1819 2915 1912 2955 coll.

214 3027 217 3029 Δ
261 2968 387 3010 Diod.
408 2969 434 3008 i.
459 2971 511 3018 83
630 2976 633 2977 ’
671 2982 723 3008 21
757 2972 963 3023 ξυροῦντες
985 2970 1067 3009 CP
1097 2999 1099 3001 -
1231 2984 1283 3021 23
1312 2970 1382 3024 τῇ]
1406 2974 1463 3011 τῶ
1486 2969 1621 3009 Κδν
