2098 3320
99 78 184 128 IV.
215 41 308 139 163

283 230 307 273 3

84 442 115 453 Q

0 450 218 511 ufmu-
240 456 300 480 Α*

0 508 223 553 'vu-”⁶⁴1

0 548 152 596 ‚emb
171 579 180 588 .

212 636 307 696 164

0 1402 319 1538 mm

211 2324 304 2388 165

965 69 1396 128 HPOAOTOT

351 208 590 277 Κυρήνης·
630 209 785 263 πλέον
809 209 978 275 μέντοι
997 211 1169 262 τούτου
1194 210 1307 263 οὐδὲ
1327 213 1592 277 πειρᾶσθαι
1615 211 1884 278 παραινέει.
1945 213 2010 266 σὺ

346 294 515 359 μέντοι
551 295 741 364 ἥσυχος
778 295 904 346 εἶναι
942 286 1194 346 κατελθὼν
1225 283 1275 348 ἐς
1304 294 1395 359 τὴν
1426 299 1659 348 σεωυτοῦ.
1746 292 1808 360 ἢν
1838 299 1890 349 δὲ
1920 297 2009 362 τὴν

348 378 553 448 κάμ-αὊν
574 380 715 451 εὕρῃς
737 379 897 444 πλέην
921 378 1203 446 ἀμφορέων,
1229 379 1294 444 μὴ
1315 378 1595 451 ἐξοπτήσῃς
1616 379 1731 434 τοὺς
1755 381 2010 449 ἀμφορέας
2040 390 2098 434 υτ

347 463 462 514 ἀλλ’
500 465 764 530 ἀπόπεμπε
802 463 905 515 κατ’
943 464 1102 529 οῦρον·
1150 466 1192 515 εἰ
1232 467 1286 516 δὲ
1326 462 1619 529 ἐξοπτήσεις
1659 464 1750 528 τὴν
1785 465 2006 530 κάμινον,

344 548 411 613 μὴ
454 548 668 620 ἐσέλθῃς
713 551 763 603 ἐς
803 548 1259 621 τὴν-Φιφίρρυτον·
1304 550 1348 600 εἶ
1393 551 1447 600 δὲ
1489 548 1574 614 μή,
1617 548 1886 602 ἀποθανέαι
1931 551 2008 602 καὶ
2033 562 2087 614 5'

346 632 491 686 αὐτὸς
532 634 611 685 καὶ
651 637 824 699 ταῦρος
865 634 891 684 6
932 632 1290 684 καλλιστεύων.
1378 637 1530 684 ταῦτα
1567 633 1597 697 ἡ
1640 635 1799 699 Πυθίη
1837 633 2007 701 Ἀρκε-

346 719 502 787 σίλεῳ
533 725 647 788 χρᾷ.
723 720 749 769 ὁ
773 721 825 770 δὲ
850 718 1162 784 παραλαβὼν
1184 717 1298 771 τοὺς
1328 718 1381 768 ἐκ
1404 720 1490 782 τῆς
1514 716 1683 783 Σάμου
1714 721 1927 783 κατῆλθε
1959 721 2009 773 ἐς

344 801 434 865 τὴν
467 802 697 868 Κυρήνην
728 803 808 853 καὶ
839 800 1173 868 ἐπικρατήσας
1202 805 1300 853 τῶν
1329 800 1630 868 πρηγμάτων
1660 806 1746 854 τοῦ
1773 803 2010 868 μαντηίου

345 887 434 938 οὐκ
479 886 737 951 ἐμέμνητο,
787 888 921 938 ἀλλὰ
966 887 1102 940 δίκας
1146 885 1258 938 τοὺς
1302 886 1701 940 ἀντιστασιώτας
1748 887 1879 939 αἴτεε
1922 890 2009 952 τῆς

347 973 531 1021 ἑωυτοῦ
566 975 745 1038 φυγῆς.
834 976 932 1022 τῶν
968 973 1021 1022 δὲ
1058 973 1103 1022 οἱ
1139 972 1230 1035 μὲν
1266 974 1321 1021 τὸ
1357 969 1590 1036 παράπαν
1626 972 1681 1022 ἐκ
1720 974 1806 1036 τῆς
1843 971 2009 1039 χώρης
2035 994 2085 1025 10

347 1055 761 1113 ἀπαλλάσσοντο,
794 1056 908 1109 τοὺς
945 1054 999 1106 δέ
1033 1075 1170 1108 τινας
1205 1053 1576 1123 χειρωσάμενος
1617 1056 1643 1105 ὁ
1673 1054 2009 1122 Ἀρκεσίλεως

347 1141 398 1192 ἐς
422 1139 622 1206 Κύπρον
646 1139 914 1191 ἀπέστειλε
938 1140 1018 1191 ἐπὶ
1043 1142 1304 1212 διαφθορῇ.
1371 1139 1573 1192 τούτους
1594 1138 1684 1204 μέν
1707 1161 1793 1192 νυν
1819 1139 2010 1192 Κνίδιοι

345 1223 729 1292 ἀπενειχθέντας
765 1224 886 1291 πρὸς
921 1223 1011 1287 τὴν
1047 1222 1297 1291 σφετέρην
1329 1223 1598 1290 ἐρρύσαντο
1637 1223 1715 1275 καὶ
1754 1225 1804 1277 ἐς
1835 1222 2009 1291 Θήρην

345 1307 669 1371 ἀπέστειλαν·
730 1307 925 1376 ἑτέρους
973 1307 1028 1366 δέ
1070 1329 1206 1361 τινας
1251 1312 1349 1359 τῶν
1395 1309 1682 1374 Κυρηναίων
1725 1310 1778 1362 ἐς
1771 1308 2009 1393 κῑύργον

343 1391 502 1460 μέγαν
532 1391 866 1461 Ἀγλωμάχου
899 1394 1274 1461 καταφυγόντας
1311 1393 1736 1472 mamm
1738 1391 2010 1459 περινήσας
2036 1413 2084 1456 15

345 1478 371 1528 6
401 1475 734 1544 Ἀρκεσίλεως
769 1477 1029 1545 ἐνέπρησε.
1116 1477 1287 1542 μαθὼν
1318 1479 1372 1529 δὲ
1402 1476 1479 1529 ἐπ’
1510 1474 1924 1544 ἐξεργασμένοισι
1953 1481 2008 1529 τὸ

343 1560 581 1628 μαντήιον
620 1562 702 1614 ἐὸν
731 1566 893 1621 τοῦτο,
926 1563 1003 1613 ὅτι
1038 1582 1123 1626 μιν
1150 1562 1180 1626 ἡ
1214 1562 1376 1627 Πυθίη
1407 1560 1494 1613 οὐκ
1531 1561 1589 1613 ἔα
1626 1561 1830 1627 εὑρόντα
1865 1563 1920 1614 ἐν
1949 1568 2009 1634 τῇ

346 1647 531 1716 καμίνῳ
577 1646 690 1700 τοὺς
744 1645 999 1714 ἀμφορέας
1047 1644 1336 1711 ἐξοπτῆσαι,
1388 1645 1559 1714 ἔργετο
1607 1646 1733 1698 ἑκὼν
1775 1648 1863 1710 τῆς
1910 1649 2009 1697 τῶν

345 1731 634 1797 Κυρηναίων
673 1731 865 1790 πόλιος,
899 1731 1161 1796 δειμαίνων
1197 1752 1252 1782 τε
1278 1730 1373 1782 τὸν
1413 1729 1753 1796 κεχρησμένον
1795 1728 2009 1782 θάνατον

345 1814 425 1866 καὶ
456 1814 639 1867 δοκέων
670 1816 978 1883 ἀμφίρρυτον
1008 1814 1098 1878 τὴν
1122 1812 1350 1881 Κυρήνην
1373 1814 1512 1866 εἶναι.
1589 1814 1695 1882 εἶχε
1725 1815 1779 1866 δὲ
1801 1819 2009 1881 γυναῖκα
2035 1833 2086 1862 20

344 1899 594 1966 συγγενέα
624 1902 819 1958 ἑωυτοῦ,
854 1898 1099 1966 θυγατέρα
1136 1901 1188 1950 δὲ
1217 1903 1314 1951 τῶν
1347 1899 1604 1965 Βαρκαίων
1634 1903 1720 1950 τοῦ
1741 1896 2005 1963 βασιλέος,

342 1988 409 2054 τῷ
441 1984 625 2049 οὕνομα
664 1983 724 2048 ἧν
764 1982 1011 2050 Ἀλάζειρ·
1058 1985 1191 2050 παρὰ
1235 1988 1409 2035 τοῦτον
1455 1981 1755 2041 ἀπικνέεται,
1801 1983 1884 2034 καί
1921 2003 2007 2048 μιν

343 2069 583 2135 Βαρκαῖοί
601 2089 655 2121 τε
678 2067 851 2135 ἄνδρες
883 2068 961 2119 καὶ
991 2072 1090 2119 τῶν
1114 2069 1167 2119 ἐκ
1194 2066 1418 2134 Κυρήνης
1445 2066 1682 2134 φυγάδων
1703 2068 1835 2120 τινὲς
1859 2086 2004 2118 κατα-

341 2153 583 2219 μαθόντες
623 2152 930 2220 ἀγοράζοντα
969 2152 1228 2211 κτείνουσι,
1269 2157 1392 2218 πρὸς
1433 2153 1487 2203 δὲ
1529 2151 1607 2202 καὶ
1646 2150 1734 2203 τὸν
1769 2149 2008 2218 πενθερὸν

342 2237 491 2289 αὐτοῦ
514 2235 792 2304 Ἀλάζειρα.
862 2236 1196 2303 Ἀρκεσίλεως
1224 2235 1317 2301 μέν
1340 2256 1427 2288 νυν
1451 2236 1548 2287 εἴτε
1572 2235 1696 2287 ἑκὼν
1721 2236 1819 2286 εἴτε
1848 2233 2006 2287 ἀέκων
2032 2250 2080 2292 25

342 2322 571 2387 ἁμαρτὼν
607 2326 692 2373 τοῦ
729 2325 958 2390 χρησμοῦ
992 2318 1243 2385 ἐξέπλησε
1277 2325 1454 2385 μοῖραν
1483 2318 1574 2383 τὴν
1609 2321 1805 2371 ἑωυτοῦ.
1890 2318 1921 2383 ἡ
1952 2321 2006 2371 δὲ

290 2438 293 2442 -
339 2403 497 2472 μήτηρ
518 2406 779 2472 Φερετίμη,
803 2404 924 2458 τέως
941 2408 1033 2471 μὲν
1053 2406 1078 2455 6
1098 2404 1430 2474 Ἀρκεσίλεως
1449 2405 1502 2455 ἐν
1521 2410 1580 2476 τῇ
1601 2402 1766 2475 Βάρκῃ
1784 2405 2005 2454 διαιτᾶτο

395 2554 421 2581 2
451 2544 507 2583 εἷς
527 2542 560 2581 C
579 2541 670 2582 RV
818 2555 844 2592 3
875 2540 1010 2594 εὑρέης
1033 2540 1072 2579 R
1089 2540 1119 2580 S
1132 2540 1170 2579 V
1337 2552 1361 2591 5
1393 2540 1615 2593 ἆμφίρυτον
1633 2539 1673 2578 Α
1688 2539 1722 2578 Β
1737 2539 1771 2579 C
1796 2539 1857 2589 (it.
1872 2539 2003 2593 infra)

341 2595 574 2638 ἀποθανέεαι
597 2596 631 2635 Ρ
745 2608 789 2635 11
823 2595 1145 2650 χειρωσαμένους
1167 2596 1207 2634 R
1324 2607 1372 2646 13
1401 2597 1477 2644 τὴν
1498 2607 1580 2635 om.
1603 2594 1633 2633 S
1648 2594 1686 2633 V
1799 2595 1849 2633 16
1878 2598 1900 2635 ὁ
1918 2607 2002 2636 om.

342 2651 529 2690 PRSV
715 2653 765 2690 18
796 2650 940 2705 ἔργετο
963 2650 1004 2689 R
1130 2649 1252 2702 ἑκὼν]
1278 2649 1481 2691 εκΑΒΟ
1608 2653 1691 2690 τῶν
1710 2662 1790 2689 om.
1817 2647 2005 2688 PRSV

344 2719 395 2756 19
414 2705 663 2760 κεχρημένον
676 2705 710 2745 C
725 2705 763 2744 R
780 2706 811 2746 S
822 2706 862 2745 V
973 2718 1027 2745 20
1045 2706 1121 2754 τὴν
1138 2705 1299 2758 ἀμφίρρ.
1317 2703 1702 2754 Schweighaeuser
1811 2716 1863 2741 22
1883 2702 2002 2744 Ἀλά-

341 2760 423 2816 ζειρ
444 2760 616 2800 Lobeck
643 2774 667 2800 e
693 2760 957 2812 Theognosti
988 2773 1082 2800 can.
1108 2772 1156 2810 41
1178 2773 1188 2798 ε
1227 2758 1413 2813 Ἀλαζείρ
1435 2759 1474 2797 R
1489 2758 1570 2797 SV
1588 2772 1598 2798 ε
1637 2756 1800 2811 Ἀλαζίρ
1819 2758 1858 2795 Α
1872 2758 1907 2796 Β
1921 2756 1974 2796 Cc
1993 2772 2003 2797 :

339 2814 685 2920 xffifffsseffi-
879 2814 1158 2909 vessessffw
1223 2816 1286 2883 καὶ
1307 2812 1588 2910 <zm-³¹³2,
1626 2866 1707 2907 SV
1730 2825 1781 2862 2⁵
1811 2810 2003 2910 ’πῶς
2053 2881 2066 2887 -

339 2937 390 2973 27
423 2902 500 2966 ἕως.
518 2879 736 2965 Βίἒὲοἳιῖίρα
834 2887 1065 2974 &curav-auvil
1081 2923 1111 2964 S
1124 2924 1164 2964 V
1298 2886 1317 2910 ε
1332 2885 1379 2909 ⁷¹⁶
1400 2884 1502 2910 fflwv
1593 2898 1602 2907 ο
1660 2924 1671 2928 ⁸
1891 2883 1945 2908 ων
