2098 3320
148 113 326 176 nL5-
952 107 1383 163 ΗΡοΔοΤοῪ

332 240 481 311 μέχρι
534 242 847 308 Σερβωνίδος
898 243 1093 307 λίμνης,
1149 241 1264 309 παρ’
1314 239 1376 307 ἢν
1406 239 1485 306 ’δὴ
1532 245 1589 293 τὸ
1640 240 1835 295 Κάσιον
1877 245 1994 311 ὄρος

270 348 295 391 3
333 327 484 379 τείνει
522 327 573 380 ἐς
609 324 895 378 θάλασσαν·
941 325 1040 378 ἀπὸ
1078 329 1132 379 δὲ
1167 327 1482 393 Σερβωνίδος
1510 327 1706 392 λίμνης,
1739 328 1794 379 ἐν
1831 334 1893 400 τῇ
1933 327 1991 393 δὴ

334 411 487 478 λόγος
532 409 619 462 τὸν
666 414 824 478 Τυφῶ
875 410 1160 478 κεκρύφθαι,
1210 410 1309 463 ἀπὸ
1352 411 1532 476 ταύτης
1582 410 1675 476 ἤδη
1724 412 1990 480 Αἴγυπτος.

333 495 389 547 τὸ
420 494 478 559 δὴ
508 491 694 560 μεταξὺ
724 490 952 559 Ἰηνύσου
989 495 1167 549 πόλιος
1203 495 1282 546 καὶ
1321 496 1514 547 Κασίου
1543 515 1598 548 τε
1628 496 1767 563 ὄρεος
1797 495 1876 548 καὶ
1905 498 1994 561 τῆς

336 579 651 646 Σερβωνίδος
697 579 891 644 λίμνης,
941 578 1023 631 ἐὸν
1070 583 1216 631 τοῦτο
1269 578 1355 630 οὐκ
1403 580 1579 646 ὀλίγον
1625 580 1810 648 χωρίον
1857 581 1993 633 ἀλλὰ
2017 631 2031 644 ι

262 673 298 720 6
336 664 461 715 ὅσον
491 685 545 715 τε
585 663 666 715 ἐπὶ
701 668 832 730 τρεῖς
871 662 1056 733 ἡμέρας
1091 665 1221 722 ὁδοῦ,
1263 662 1472 730 ἄνυδρόν
1514 664 1623 716 ἐστι
1662 666 1849 718 δεινῶς.
1934 663 1993 716 τὸ

337 750 387 799 δὲ
439 749 606 814 ὀλίγοι
656 753 753 799 τῶν
806 750 857 801 ἐς
907 749 1160 814 Αἴγυπτον
1218 746 1620 814 ναυτιλλομένων
1671 749 1988 808 ἐννενώκασι,

335 837 480 883 τοῦτο
528 831 736 900 ἔρχομαι
785 831 1014 899 φράσων.
1104 834 1155 886 ἐς
1207 834 1460 900 Αἴγυπτον
1507 833 1562 883 ἐκ
1608 835 1697 898 τῆς
1736 831 1993 886 ’Ἑλλάδος

336 916 501 980 πάσης
532 916 611 967 καὶ
634 915 756 983 πρὸς
787 917 842 968 ἐκ
872 916 1107 982 Φοινίκης
1139 915 1346 984 κέραμος
1370 916 1605 983 ἐσάγεται
1635 914 1827 982 πλήρης
1857 918 1995 969 οἴνου

335 1000 398 1052 δι’
434 1001 570 1053 ἔτεος
611 999 841 1059 ἑκάστου,
876 1001 955 1052 καὶ
997 1000 1050 1052 ἓν
1093 1000 1325 1068 κεράμιον
1365 1003 1561 1067 οἰνηρὸν
1603 1001 1791 1071 ἀριθμῷ
1833 998 1994 1053 ’κεινὸν

274 1107 298 1139 2
335 1084 422 1136 οὐκ
470 1085 579 1136 ἔστι
626 1085 691 1137 ὡς
738 1085 876 1155 λόγῳ
924 1087 1082 1138 εἰπεῖν
1130 1084 1339 1156 ἰδέσθαι.
1429 1088 1514 1135 κοῦ
1559 1086 1696 1149 δῆτα,
1745 1085 1874 1138 εἵποι
1919 1106 1994 1138 τις

335 1168 411 1228 ἄν,
451 1173 603 1220 ταῦτα
644 1170 1022 1235 ἆναισιμοῦται,·
1071 1170 1171 1237 ἐγὼ
1212 1169 1291 1221 καὶ
1331 1173 1478 1221 τοῦτο
1516 1167 1715 1237 φράσω.
1803 1172 1880 1222 δεῖ
1905 1168 1994 1222 τὸν

333 1255 425 1318 μὲν
465 1251 719 1322 δήμαρχον
757 1253 971 1306 ἕκαστον
1011 1255 1066 1305 ἐκ
1108 1256 1197 1318 τῆς
1241 1256 1422 1320 ἑωυτοῦ
1465 1253 1642 1307 πόλιος
1678 1251 1995 1319 συλλέξαντα

336 1336 498 1390 πάντα
527 1336 613 1389 τὸν
645 1336 857 1405 κέραμον
894 1337 1032 1405 ἄγειν
1074 1339 1126 1392 ἐς
1157 1337 1383 1405 Μέμφιν,
1417 1336 1531 1391 τοὺς
1571 1339 1625 1389 δὲ
1665 1339 1718 1389 ἐκ
1755 1335 1994 1406 Μέμφιος

333 1423 386 1476 ἐς
431 1425 585 1474 ταῦτα
630 1421 690 1486 δὴ
736 1424 798 1474 τὰ
847 1421 1029 1489 ἄνυδρα
1074 1425 1161 1487 τῆς
1208 1422 1387 1490 Συρίης
1442 1422 1654 1486 κομίζειν
1701 1420 1995 1488 πλήσαντας

0 1513 312 1578 iuga-pm
332 1507 526 1560 ὕδατος.
615 1507 769 1560 οὕτως
809 1507 835 1557 ὁ
877 1508 1151 1574 ἐπιφοιτῶν
1194 1505 1402 1573 κέραμος
1441 1505 1519 1558 καὶ
1560 1504 1994 1581 ἐξαιρεόμενος-ἐν
2034 1500 2036 1502 ’

0 1602 298 1664 nasone-w]
335 1590 569 1661 Αἰγύπτῳ
595 1591 675 1643 ἐπὶ
705 1590 792 1642 τὸν
829 1590 1044 1657 παλαιρν
1085 1591 1330 1656 κομίζεται
1370 1593 1420 1644 ἐς
1459 1592 1657 1657 Συρίην.
1746 1591 1872 1642 οὕτω
1902 1589 1994 1658 μέν

0 1651 313 1738 am
336 1696 422 1727 νυν
454 1673 652 1742 Πέρσαι
683 1674 783 1727 εἰσὶ
824 1677 871 1727 οἱ
905 1674 996 1740 τὴν
1038 1674 1266 1741 ἐσβολὴν
1306 1674 1489 1740 ταύτην
1523 1674 1994 1741 παρασκευάσαντες

337 1762 387 1813 ἐς
420 1761 688 1826 Αἴγυπτον,
724 1761 845 1812 κατὰ
885 1758 942 1824 δὴ
984 1761 1046 1811 τὰ
1087 1757 1319 1826 εἰρημένα
1360 1757 1602 1824 σάξαντες
1641 1760 1798 1823 ὕδατι,
1832 1759 1996 1812 ἐπείτε

276 1867 300 1898 2
337 1843 554 1911 τάχιστα
605 1843 899 1911 παρέλαβον
944 1845 1220 1912 Αἴγυπτον.
1308 1844 1421 1896 τότε
1472 1846 1526 1896 δὲ
1577 1842 1664 1895 οὐκ
1710 1834 1880 1897 ἐόντος
1927 1864 1995 1894 κω

336 1922 512 1982 ὕδατος
554 1929 767 1993 ἑτοίμου,
808 1927 1089 1994 Καμβύσης
1130 1928 1405 1993 πυθόμενος
1439 1931 1527 1979 τοῦ
1566 1926 1996 1995 Ἁλικαρνησσέος

337 2011 517 2076 ξείνου,
551 2011 758 2080 πέμψας
800 2015 934 2079 παρὰ
977 2011 1065 2064 τὸν
1108 2010 1352 2079 Ἀράβιον
1398 2010 1642 2079 ἀγγέλους
1683 2013 1762 2063 καὶ
1806 2011 1997 2077 δεηθεὶς

337 2099 424 2160 τῆς
469 2097 753 2164 ἀσφαλείης
785 2095 944 2164 ἔτυχε,
988 2098 1158 2150 πίστις
1201 2095 1314 2150 δούς
1354 2117 1409 2148 τε
1451 2095 1528 2147 καὶ
1572 2092 1837 2161 δεξάμενος
1881 2094 1996 2162 παρ’
2030 2096 2060 2141 -‘

268 2186 300 2235 8
339 2180 502 2232 αὐτοῦ.
609 2179 850 2246 σέβονται
909 2182 962 2232 δὲ
1021 2179 1253 2247 Ἀράβιοι
1304 2181 1473 2233 πίστις
1530 2180 1804 2247 ἀνθρώπων
1853 2181 1998 2245 ὅμοια

339 2269 474 2316 τοῖσι
521 2263 759 2330 μάλιστα.
848 2269 1100 2317 ποιεῦνται
1136 2267 1201 2316 δὲ
1253 2264 1403 2318 αὐτᾶς
1447 2265 1611 2334 τρόπῳ
1661 2267 1852 2334 τοιῷδε·
1900 2268 1997 2316 τῶν

340 2347 666 2414 βουλομένων
711 2351 772 2400 τᾶ
821 2351 977 2402 πιστὰ
1025 2347 1283 2402 ποιέεσθαι
1332 2347 1489 2402 ἄλλος
1535 2348 1656 2415 ἀνὴρ
1705 2347 1998 2416 ἀμφοτέρων

396 2497 420 2523 2
451 2486 499 2534 δὴ
520 2484 759 2525 om.RSV
869 2497 894 2533 3
922 2483 1018 2536 ἥδη]
1038 2484 1243 2535 δὺΑΒΟ
1355 2498 1381 2533 4
1411 2483 1481 2535 δὴ]
1500 2483 1644 2526 &SV
1733 2484 1804 2525 alt.
1830 2485 1894 2527 καὶ
1913 2496 1996 2526 om.

343 2541 376 2579 C
509 2553 533 2589 5
563 2539 850 2593 Σερβωνίτιδος
873 2539 911 2577 R
926 2539 964 2579 V
1090 2541 1117 2579 6
1147 2541 1240 2581 ὁδοῦ
1260 2539 1413 2578 stein.-
1443 2538 1536 2580 ὁδ’όν
1556 2539 1590 2577 L
1701 2539 1815 2580 ἔστιν
1835 2540 2000 2592 ἄνυδρον

345 2595 383 2632 R
400 2594 429 2634 S
444 2594 481 2633 V
591 2595 664 2636 τὸν
683 2593 717 2633 C
866 2607 894 2644 9
923 2597 993 2635 νῦν
1012 2595 1075 2635 καὶ
1097 2595 1192 2648 πρὸς
1214 2593 1297 2634 SV
1444 2598 1496 2632 '10
1525 2594 1574 2634 δι’
1597 2593 1708 2635 ἔτεος
1729 2592 1785 2635 S:
1814 2593 1865 2634 δι’
1885 2593 2000 2635 ἔτους

344 2650 456 2690 ἔτεος
481 2648 564 2687 RV
580 2663 588 2687 ε
619 2650 677 2690 δὶς
691 2652 764 2690 τοῦ
781 2648 892 2690 ἔτεος
908 2648 947 2687 Α
960 2647 995 2686 Β
1010 2649 1043 2687 C
1058 2648 1092 2687 P
1212 2647 1384 2690 ἑκάστου
1400 2648 1480 2688 del.
1498 2648 1708 2698 Gomperz
1818 2647 2001 2698 κείμενον

343 2705 382 2742 Α
398 2705 432 2742 Β
446 2704 479 2743 C
631 2716 648 2741 1
660 2716 676 2741 1
710 2703 834 2755 λόγος
863 2703 901 2741 R
919 2703 948 2742 S
961 2704 999 2742 V
1146 2715 1193 2742 12
1222 2704 1522 2752 ἀναισιμοῦνται
1542 2701 1596 2741 V¹
1611 2702 1644 2741 C
1660 2702 1695 2741 P
1837 2704 1888 2742 16
1917 2705 2000 2744 {aaz

344 2758 517 2810 φοιτέων
538 2758 571 2796 C
588 2757 621 2796 P
634 2758 673 2796 R
688 2758 718 2797 S
732 2758 769 2795 V
964 2770 1014 2808 19
1045 2758 1105 2804 ἐς]
1130 2760 1189 2798 ἐπ’
1210 2757 1251 2797 Α
1266 2756 1301 2796 Β
1318 2757 1358 2795 R
1372 2757 1403 2797 S
1425 2757 1463 2795 V
1607 2756 1798 2810 ἕλξαντες
1817 2755 1853 2796 A
1868 2755 1904 2795 B
1917 2755 1951 2795 C
1966 2755 2002 2795 P

347 2814 481 2854 ἐπείτε
510 2812 711 2865 τάχιστα]
745 2813 809 2852 ἐπὶ
838 2813 887 2852 τὸ
916 2814 1056 2863 χαστὰ
1087 2811 1224 2851 RSV
1414 2824 1468 2851 20
1508 2811 1646 2853 ἐόντες
1673 2811 1729 2851 C.
1850 2827 1929 2852 κως
1958 2811 1998 2850 R

347 2880 394 2905 21
423 2868 582 2917 ἑτοίμου
603 2868 747 2909 ὕδατος
770 2866 809 2905 R
827 2866 907 2907 SV
1019 2869 1185 2916 -νησῆος
1207 2866 1269 2907 R:
1300 2859 1469 2915 wagfios
1485 2866 1567 2906 SV
1714 2877 1766 2904 22
1790 2864 1997 2919 Ἀράβιον]
2056 2870 2066 2874 “

346 2922 408 2961 Ἀ.
429 2920 605 2969 βασιλέα
626 2922 665 2960 R
685 2920 714 2959 S
730 2921 769 2958 V
917 2933 968 2970 23
999 2922 1156 2962 πίστεις
1177 2921 1212 2959 Α
1230 2921 1264 2958 Β
1280 2920 1314 2960 C
1339 2922 1466 2971 (corr.
1494 2920 1534 2972 1)
1554 2934 1564 2959 :
1593 2919 1707 2961 πίστι
1731 2920 1769 2958 R
1789 2935 1797 2958 :
1828 2919 2013 2961 πιστίεις.

349 2976 383 3013 V
550 2989 600 3025 24
630 2977 786 3018 πίστεις
808 2976 848 3015 Α
863 2976 897 3015 Β
913 2976 947 3015 C
970 2981 1099 3029 (corr.
1126 2978 1166 3026 1)
1334 2988 1384 3025 25
1414 2975 1498 3016 τίσι
1522 2974 1560 3013 R
1575 2973 1654 3015 SV
1756 2975 1813 3023 ,δὴ
1834 2972 1869 3014 Β
1884 2973 1918 3012 C
1934 2973 1968 3015 P
2010 3007 2014 3010 .

2021 1023 2070 1052 10

2021 1862 2072 1892 20

2023 2281 2071 2322 25
