2098 3320
64 120 129 171 Η.
157 134 234 169 112
892 119 1326 168 ΗΡΟΔΟΤΟΤ

270 254 403 319 παρὰ
440 251 655 319 Πρωτέϊ,
696 252 775 304 καὶ
812 252 871 318 δὴ
908 254 989 306 καὶ
1026 254 1102 305 ὅτι
1140 253 1305 319 ξείνης
1341 252 1643 322 Ἀφροδίτης
1679 253 1937 331 ἐπῷνυμόν

270 339 397 388 ἐστι·
443 338 542 387 ὅσα
582 340 679 404 γὰρ
721 337 855 389 ἄλλα
894 337 1196 405 Ἀφροδίτης
1234 337 1312 405 ἱρά
1350 340 1475 398 ἐστι,
1519 339 1742 404 οὐδαμῶς
1772 337 1936 404 ξείνης

147 437 227 485 113
269 420 602 473 ἐπικαλέεται.
693 423 873 489 ἔλεγον
903 422 972 477 δέ
1015 444 1099 488 μοι
1146 425 1192 474 οἱ
1239 422 1364 489 ἱρέες
1409 422 1683 489 ἱστορέοντι
1728 424 1789 474 τὰ
1824 425 1935 490 περὶ

267 505 482 571 Ἑλένην
513 505 751 573 γενέσθαι
781 508 893 558 ὧδε·
940 504 1277 573 Ἀλέξανδρον
1307 505 1602 573 ἁρπάσαντα
1631 505 1845 571 Ἑλένην
1880 509 1935 559 ἐκ

266 589 497 657 Σπάρτης
533 590 806 643 ἀποπλέειν
843 592 893 645 ἐς
922 590 1013 655 τὴν
1051 594 1248 643 ἑωυτοῦ·
1297 592 1380 642 καί
1412 612 1513 657 μιν,
1547 591 1613 645 ὡς
1649 590 1848 658 ἐγένετο
1880 594 1934 644 ἐν
1958 615 1981 666 5

0 689 97 768 ‘⁴⁶⁶3
115 676 331 744 (πῖαρ-ᾧ
373 675 578 744 Αἰγαίῳ,
625 674 840 740 ἐξῶσται
885 674 1058 741 ἄνεμοι
1104 675 1419 741 ἐκβάλλουσι
1464 677 1515 729 ἐς
1558 674 1615 727 τὸ
1659 675 1934 742 Αἰγύπτιον

265 758 503 826 πέλαγος,
540 761 768 811 ἐνθεῦτεν
799 758 950 825 δέ(οὖ
980 762 1076 827 γὰρ
1109 761 1234 811 ἀνίει
1264 762 1324 811 τὰ
1354 755 1674 825 πνεύματα)’
1650 758 1933 813 απικνέεται

267 844 317 897 ἐς
346 845 603 910 Αἴγυπτον
635 844 713 894 καὶ
745 844 998 911 Αἰγύπτου
1030 847 1080 898 ἐς
1109 843 1167 896 τὸ
1192 848 1279 896 νῦν
1307 843 1604 909 Κανωβικὸν
1629 843 1934 910 καλεύμενον

202 949 227 980 2
266 929 428 993 στόμα
457 932 543 979 τοῦ
574 929 764 980 Νείλου
799 930 876 980 καὶ
909 930 959 982 ἐς
989 930 1275 997 Ταριχείας.
1364 927 1423 992 ἧν
1447 930 1499 980 δὲ
1523 928 1603 981 ἐπὶ
1633 930 1720 993 τῆς
1748 928 1929 992 ἠιόνος,

264 1015 321 1064 τὸ
346 1014 425 1064 καὶ
450 1017 537 1064 νῦν
563 1014 688 1071 ἐστι,
715 1011 997 1079 Ἡρακλέος
1023 1014 1144 1079 ἱρόν,
1176 1014 1226 1066 ἐς
1250 1012 1307 1064 τὸ
1330 1008 1390 1076 ἢν
1415 1013 1715 1080 καταφυγὼν
1739 1011 1932 1078 οἰκέτης
1950 1034 2008 1068 ,ιο

263 1096 377 1149 ὅτευ
406 1093 475 1148 ὧν
504 1097 778 1164 ἀνθρώπων
810 1096 1115 1162 ἐπιβάληται
1150 1098 1399 1165 στίγματα
1431 1095 1524 1163 ἱρά,
1559 1096 1741 1149 ἑωυτὸν
1770 1097 1932 1154 διδοὺς

263 1181 330 1250 τῷ
344 1181 450 1251 θεῷ,
473 1181 560 1232 οὐκ
585 1179 752 1246 ἔξεστι
770 1181 945 1233 τούτου
968 1180 1217 1249 ἅψασθαι.
1309 1182 1336 1232 6
1355 1182 1504 1247 νόμος
1524 1181 1665 1234 οὗτος
1689 1179 1932 1233 διατελέει

202 1284 227 1327 3
263 1265 358 1316 ἐὼν
378 1266 544 1330 ὅμοιος
564 1265 622 1317 τὸ
639 1265 787 1333 μέχρι
809 1267 923 1331 ἐμεῦ
947 1265 1030 1318 ἀπ’
1050 1267 1221 1334 ἀρχῆς.
1312 1271 1400 1318 τοῦ
1423 1262 1492 1318 ὧν
1515 1265 1573 1330 δὴ
1597 1263 1931 1333 Ἀλεξάνδρου

264 1345 561 1402 ἀπιστέαται
598 1349 894 1416 θεράποντες
934 1351 1204 1415 πυθόμενοι
1240 1349 1327 1402 τὸν
1365 1351 1476 1417 περὶ
1506 1349 1563 1402 τὸ
1601 1349 1704 1417 ἱρὸν
1746 1349 1930 1418 ἔχοντα

263 1435 433 1499 νόμον,
462 1433 617 1487 ἱκέται
647 1436 701 1486 δὲ
733 1435 948 1500 ἱζόμενοι
978 1439 1064 1487 τοῦ
1094 1438 1207 1487 θεοῦ
1242 1435 1543 1502 κατηγόρεον
1573 1439 1659 1487 τοῦ
1687 1433 1926 1499 Ἀλεξάν-
1956 1456 2001 1499 15

263 1522 394 1585 δρου,
427 1519 733 1584 βουλόμενοι
763 1518 1013 1584 βλάπτειν
1045 1518 1209 1578 αὐτόν,
1244 1519 1404 1572 πάντα
1433 1520 1588 1586 λόγον
1611 1517 1929 1586 ἐξηγεύμενοι
1986 1559 1992 1562 -

263 1603 335 1663 ὡς,
359 1603 465 1671 εἶχε
495 1603 606 1670 περὶ
636 1603 727 1668 τὴν
757 1602 970 1669 Ἑλένην
1006 1625 1060 1656 τε
1100 1605 1178 1656 καὶ
1209 1603 1299 1668 τὴν
1330 1606 1381 1657 ἐς
1415 1602 1686 1656 Μενέλεων
1717 1604 1926 1668 ἀδικίην·

264 1689 566 1755 κατηγόρεον
618 1690 670 1740 δὲ
721 1693 872 1740 ταῦτα
931 1689 1054 1755 πρός
1112 1710 1167 1741 τε
1219 1688 1332 1742 τοὺς
1391 1688 1524 1755 ἱρέας
1576 1689 1654 1740 καὶ
1705 1687 1791 1740 τὸν
1842 1692 1929 1739 τοῦ

143 1793 223 1841 114
263 1773 513 1838 στόματος
548 1773 724 1825 τούτου
762 1773 1005 1839 φύλακον,
1039 1777 1106 1842 τῷ
1141 1773 1324 1839 οὕνομα
1354 1771 1415 1838 ἣν
1439 1776 1621 1826 Θῶνις.
1710 1772 1927 1826 ἀκούσας

261 1860 314 1909 δὲ
344 1857 530 1909 τούτων
561 1858 587 1907 6
623 1860 790 1910 Θῶνις
827 1856 1011 1923 πέμπει
1047 1856 1137 1922 τὴν
1174 1858 1420 1925 ταχίστην
1457 1860 1509 1911 ἐς
1548 1856 1757 1924 Μέμφιν
1794 1858 1926 1924 παρὰ
1950 1879 2001 1907 20

199 1961 225 1993 2
262 1941 472 2009 Πρωτέα
508 1942 751 2009 ἀγγελίην
785 1941 1041 2009 λέγουσαν
1078 1941 1212 1994 τάδε·
1250 1940 1402 1993 ‘'Hx31.
1443 1941 1620 2006 ξεῖνος,
1653 1940 1798 2009 γένος
1833 1943 1924 2006 μὲν

258 2026 491 2093 Τευκρός,
538 2026 685 2093 ἔργον
730 2028 783 2077 δὲ
829 2027 1035 2078 ἀνόσιον
1082 2029 1135 2078 ἐν
1179 2034 1240 2099 τῇ
1282 2025 1495 2078 Ἑλλάδι
1547 2024 1923 2093 ἐξεργασμένος·

259 2109 423 2174 ξείνου
458 2112 555 2177 γὰρ
590 2115 677 2162 τοῦ
718 2113 901 2162 ἑωυτοῦ
942 2108 1262 2175 ἐξαπατήσας
1301 2110 1390 2175 τὴν
1432 2115 1639 2178 γυναῖκα
1677 2107 1830 2174 αὐτήν
1870 2130 1924 2162 τε

259 2195 442 2259 ταύτην
470 2194 607 2261 ἄγων
636 2194 744 2259 ἥκει
778 2196 857 2247 καὶ
886 2197 1056 2247 πολλὰ
1088 2195 1238 2262 κάρτα
1268 2194 1512 2263 χρήματα,
1535 2194 1630 2247 ὑπὸ
1653 2192 1848 2259 ἀνέμων
1872 2194 1924 2254 ἐς

260 2282 355 2344 γῆν
378 2278 467 2342 τὴν
499 2278 596 2342 σὴν
627 2280 955 2347 ἀπενειχθείς·
1004 2280 1177 2346 κότερα
1209 2282 1330 2343 δῆτα
1360 2283 1535 2331 τοῦτον
1559 2281 1715 2344 ἐῶμεν
1746 2276 1922 2329 ἀσινέα
1949 2297 1995 2339 25

201 2383 226 2427 3
262 2362 491 2414 ἐκπλέειν
534 2359 564 2427 ἢ
611 2364 910 2428 ἀπελώμεθα
952 2365 1013 2414 τὰ
1058 2363 1189 2432 ἔχων
1240 2362 1387 2427 ἧλθε;
1455 2362 1751 2428 ἀντιπέμπει
1800 2361 1922 2429 πρὸς

258 2451 411 2498 ταῦτα
442 2448 467 2497 6
498 2447 733 2513 Πρωτεὺς
772 2447 937 2514 λέγων
979 2446 1112 2499 τάδε·
1152 2446 1341 2514 ’Ἄνδρα
1385 2451 1574 2506 τοῦτον,
1620 2448 1763 2500 ὅστις
1809 2444 1922 2497 κοτέ

318 2599 335 2624 1
370 2584 590 2636 ἐπωνύμιόν
609 2584 647 2623 Α
664 2586 697 2624 Β
861 2599 885 2624 2
915 2586 1047 2634 ἄλλης
1070 2584 1103 2624 Ρ
1119 2584 1158 2622 R
1174 2584 1204 2624 S
1217 2584 1255 2623 V
1365 2585 1472 2638 ξείνη
1495 2584 1533 2622 R
1551 2584 1581 2623 S
1594 2583 1633 2623 V
1797 2583 1823 2621 8
1851 2585 1922 2624 νῦν

259 2653 341 2679 om.
362 2640 396 2678 P
411 2639 449 2678 R
469 2640 498 2678 S
514 2639 549 2678 V
566 2637 569 2639 ’
676 2654 703 2690 9
733 2639 863 2681 κιόνος
881 2640 910 2679 S
923 2640 962 2678 V
1094 2653 1144 2678 10
1172 2641 1194 2680 ὃ
1210 2641 1274 2680 καὶ
1291 2639 1325 2678 L
1464 2652 1509 2677 11
1542 2640 1636 2679 ὅτευ
1651 2637 1705 2678 ὣν
1722 2637 1917 2677 Bekker:

259 2695 417 2746 373w(a)
464 2695 495 2732 L
649 2695 922 2743 ἐπιβέβληται
961 2695 995 2734 C
1013 2708 1021 2734 τ
1072 2694 1319 2743 ἐπιλάβηται
1360 2693 1399 2731 R
1412 2693 1442 2732 S
1456 2693 1495 2733 V
1645 2693 1789 2733 {am-bv
1828 2691 1867 2729 R
1882 2691 1919 2730 V

263 2762 311 2788 12
341 2751 465 2791 οὕτως
488 2749 527 2787 R
663 2762 710 2798 13
739 2748 859 2803 μέχρι
882 2752 975 2800 ἐμεῦ
994 2751 1042 2790 τὸ
1062 2750 1102 2788 Α
1119 2749 1154 2787 Β
1170 2749 1203 2787 C
1219 2749 1253 2787 P
1274 2748 1367 2801 (τῷ)
1510 2760 1558 2798 14
1589 2746 1854 2788 ἀπιστέαται.

258 2806 390 2856 Ἀλεξ.
424 2803 514 2855 (15)
547 2816 628 2844 om.
664 2805 701 2843 R
914 2816 960 2852 17
993 2803 1204 2845 Μενέλαον
1232 2802 1272 2841 R
1480 2815 1530 2853 19
1557 2801 1706 2843 τούτου
1730 2813 1812 2841 om.
1838 2799 1920 2852 SV

258 2871 312 2897 22
343 2862 511 2913 ἐργασμ.
532 2857 593 2898 P:
625 2858 896 2912 ἐργασάμενος
919 2857 958 2896 R
975 2858 1005 2897 S
1019 2857 1057 2897 V
1220 2869 1274 2907 23
1302 2856 1422 2910 τε]’γ
1425 2874 1444 2898 ε
1466 2856 1505 2895 R
1522 2856 1603 2896 SV
1760 2866 1812 2904 25
1841 2856 1919 2903 τὴν

260 2913 356 2966 σὴν]
379 2913 534 2962 ταύτην
554 2913 594 2952 Α
610 2912 645 2952 Β
661 2913 695 2952 C
820 2914 974 2965 ἀπενεχ
976 2913 1055 2955 θείς
1077 2911 1116 2951 R
1132 2912 1214 2952 SV
1391 2913 1445 2950 26
1473 2912 1594 2963 ἆφελ
1619 2911 1653 2950 L
1677 2910 1709 2963 (-
1714 2909 1835 2962 όμεθα
1857 2908 1948 2962 R)

261 2981 311 3019 27
342 2968 478 3023 λέγων
500 2966 798 3009 Herwerden:
830 2967 1012 3022 λέγοντα
1031 2967 1068 3006 Α
1086 2967 1120 3007 Β
1135 2967 1168 3011 C
1183 2967 1243 3007 Ρ.
1274 2967 1473 3024 λέγοντας
1496 2966 1535 3005 R
1552 2964 1633 3006 SV
1705 3012 1712 3016 ι
1777 3014 1781 3015 ⁷
1804 3015 1809 3016 ⁷
1894 3015 1899 3018 .
