2098 3320
749 129 1128 220 ΙΣΤΟΡΙΩΝ
1206 172 1243 219 Γ
1870 172 1963 222 111.
1990 171 2052 222 82

159 303 320 358 αὖτ’ὣν
341 303 615 371 θωμάζεται
637 304 779 359 οὗτος
803 305 862 370 δὴ
883 304 980 358 ὑπὸ
1003 309 1089 357 τοῦ
1112 304 1282 371 δήμου,
1307 305 1653 371 θωμαζόμενος
1678 306 1730 357 δὲ
1756 303 1831 357 ἀν’

159 386 228 442 ὧν
258 387 419 456 ἐφάνη
449 387 730 457 μούναρχος
762 389 872 441 ἐών·
921 389 1000 442 καὶ
1036 391 1092 442 ἐν
1120 388 1275 459 τούτῳ
1308 389 1563 454 δηλοῖκαὶ
1594 389 1735 442 οὗτος
1767 389 1832 442 ὡς

157 474 189 538 ἡ
231 473 505 542 μουναρχίη
553 470 832 540 κράτιστον.
923 474 997 526 ἐνὶ
1041 476 1094 526 δὲ
1139 474 1248 526 ἔπεϊ
1292 473 1455 526 πάντα
1500 473 1832 539 συλλαβόντα
1870 492 1891 537 5

159 559 332 616 εἰπεῖν,
355 558 501 610 κόθεν
519 557 638 622 ἡμῖν
658 558 688 623 ἡ
710 559 964 625 ἐλευθερίη
985 558 1183 626 ἐγένετο
1208 559 1288 610 καὶ
1312 563 1396 611 τεῦ
1419 559 1592 611 δόντος
1600 579 1616 619 ,·
1658 559 1832 624 κότερα

111 668 135 710 5
158 643 291 709 παρὰ
329 637 454 709 [τοῦ]
494 640 649 708 δήμου
691 638 721 707 ἢ
759 644 1053 711 ὀλιγαρχίης
1093 639 1123 708 ἢ
1163 642 1470 711 μουνάρχου,·
1520 643 1621 710 ἔχω
1666 644 1831 694 τοίνυν

0 742 113 802 „m
158 726 361 793 γνώμην
403 724 559 792 ἡμέας
605 726 1032 794 ἐλευθερωθέντας
1076 728 1156 779 διὰ
1204 726 1493 797 ἕνα-,ῥἰνδρα
1537 727 1595 779 τὸ
1639 731 1831 779 τοιοῦτο
1848 730 2098 820 ’ἀνω-ξ

159 808 526 883 περιστέλλειν,
564 811 717 879 χωρίς
760 833 815 864 τε
858 812 1034 865 τούτου
1078 814 1310 879 πατρίους
1355 813 1534 878 νόμους
1578 810 1645 877 μὴ
1691 811 1832 864 λύειν
1868 781 2021 843 me}

159 894 368 963 ἔχοντας
399 895 468 947 εὖ·
514 895 571 946 οὐ
601 897 695 962 γὰρ
726 894 945 960 ἄμεινον,

241 983 438 1047 Γνῷμαι
468 982 560 1044 μὲν
585 978 642 1044 δὴ
667 966 796 1046 τρεῖς
828 980 971 1032 αὗται
1001 979 1286 1047 προεκέατο,
1315 983 1360 1032 οἱ
1391 983 1445 1033 δὲ
1467 980 1708 1047 τέσσερες
1732 984 1830 1031 τῶν
1871 980 1936 1040 83

85 1088 135 1116 ιο
159 1065 284 1116 ἑπτὰ
320 1064 511 1131 ἀνδρῶν
541 1063 848 1130 προσέθεντο
879 1065 1047 1136 ταύτῃ.
1138 1064 1202 1119 ὡς
1242 1068 1294 1117 δὲ
1333 1066 1535 1130 ἑσσώθη
1568 1072 1628 1138 τῇ
1658 1064 1830 1135 γνώμῃ

158 1148 185 1199 ὁ
221 1145 438 1212 Ὀτάνης
474 1147 709 1221 Πέρσῃσι
751 1150 1013 1214 ἰσονομίην
1056 1146 1287 1202 σπεύδων
1328 1152 1552 1214 ποιῆσαι,
1596 1147 1740 1214 ἔλεξε
1781 1150 1831 1202 ἐς

156 1231 315 1297 μέσον
355 1231 553 1284 αὐτοῖσι
593 1231 725 1285 τάδε·
765 1231 976 1300 ’Ἄνδρες
1018 1239 1312 1294 στασιῶται,
1353 1237 1481 1299 δῆλα
1522 1235 1616 1301 γὰρ
1658 1232 1717 1297 δὴ
1754 1233 1831 1285 ὅτι
1870 1257 1892 1287 2

158 1319 236 1369 δεῖ
271 1316 359 1368 ἕνα
403 1314 463 1383 γέ
503 1338 614 1368 τινα
653 1315 818 1381 ἡμέων
857 1316 1083 1383 βασιλέα
1124 1316 1376 1385 γενέσθαι,
1415 1317 1525 1382 ἤτοι
1566 1315 1730 1388 κλήρῳ
1772 1338 1831 1385 γε

156 1401 399 1468 λαχόντα,
424 1396 455 1465 ἢ
482 1400 858 1468 ἐπιτρεψάντων
881 1407 948 1473 τῷ
975 1401 1218 1468 Περσέων
1248 1403 1431 1468 πλήθεϊ
1462 1402 1548 1454 τὸν
1578 1401 1640 1454 ἂν
1670 1403 1830 1455 ἐκεῖνο

85 1508 132 1550 15
159 1484 348 1550 ἕληται,
381 1480 411 1549 ἢ
441 1484 575 1559 ἄλλῃ
604 1485 700 1538 τινὶ
735 1494 952 1560 μηχανῇ·
1002 1487 1099 1553 ἐγὼ
1135 1487 1227 1552 μέν
1256 1508 1343 1540 νυν
1373 1490 1488 1553 ὑμῖν
1517 1487 1604 1539 οὐκ
1641 1489 1828 1554 ἐναγω-

158 1573 363 1634 νιεῦμαι·
411 1569 524 1622 οὔτε
559 1572 655 1637 γὰρ
686 1569 859 1638 ἄρχειν
897 1571 1010 1624 οὔτε
1048 1569 1292 1640 ἄρχεσθαι
1332 1571 1508 1624 ἐθέλω·
1556 1572 1638 1624 ἐπὶ
1674 1571 1829 1641 τούτῳ

158 1655 212 1705 δὲ
262 1652 595 1719 ὑπεξίσταμαι
638 1657 725 1718 τῆς
770 1655 943 1723 ἀρχῆς,
993 1654 1069 1708 ἐπ’
1114 1653 1150 1726 ᾧ
1197 1677 1251 1708 τε
1297 1656 1380 1708 ὑπ’
1424 1656 1622 1709 οὐδενὸς
1668 1654 1830 1720 ὑμέων

157 1736 380 1804 ἄρξομαι,
425 1739 537 1791 οὔτε
577 1738 722 1791 αὐτὸς
765 1740 862 1807 ἐγὼ
902 1740 1015 1793 οὔτε
1055 1742 1101 1791 οἱ
1142 1740 1227 1792 ἀπ’
1265 1742 1382 1806 ἐμεῦ
1421 1741 1517 1792 αἰεὶ
1557 1741 1827 1808 γινόμενοι.

157 1822 330 1875 τούτου
370 1824 599 1877 εἴπαντος
634 1827 788 1875 ταῦτα
829 1824 894 1878 ὡς
935 1825 1249 1893 συνεχώρεον
1287 1828 1333 1877 οἱ
1375 1824 1435 1890 ἓξ
1471 1826 1551 1878 ἐπὶ
1588 1824 1826 1884 τούτοισι,
1865 1845 1890 1888 3

83 1928 134 1957 20
157 1906 299 1960 οὗτος
335 1910 426 1972 μὲν
456 1906 514 1972 δή
546 1914 642 1975 σφι
678 1908 764 1959 οὐκ
803 1909 1126 1976 ἐνηγωνίζετο
1164 1910 1283 1962 ἀλλ’
1315 1911 1370 1961 ἐκ
1404 1909 1564 1975 μέσου
1596 1911 1828 1972 κατῆστο.

159 1990 238 2042 καὶ
260 1995 347 2044 νῦν
366 1992 484 2056 αὕτη
504 1992 533 2057 ἡ
554 1993 682 2058 οἰκίη
705 1993 949 2046 διατελέει
973 1994 1127 2059 μούνη
1155 1994 1386 2061 ἐλευθέρη
1412 1996 1565 2047 ἐοῦσα
1585 1992 1831 2059 Περσέων

159 2075 238 2127 καὶ
266 2074 482 2144 -ἅρχεται
510 2081 732 2129 τοσαῦτα
767 2078 866 2129 ὅσα
904 2077 1024 2142 αὐτὴ
1065 2077 1216 2138 θέλει,
1250 2080 1428 2144 νόμους
1464 2077 1550 2129 οὐκ
1586 2073 1828 2145 ὗπερβαί-

158 2180 314 2212 νουσα
344 2159 456 2214 τοὺς
488 2160 747 2228 Περσέων.
837 2164 882 2214 οἱ
919 2165 972 2214 δὲ
1008 2162 1176 2215 λοιποὶ
1208 2168 1305 2215 τῶν
1337 2165 1461 2215 ἑπτὰ
1497 2161 1830 2228 ἐβουλεύοντο
1869 2163 1936 2222 84

0 2250 83 2308 μὴ
158 2243 223 2298 ὡς
252 2243 478 2309 βασιλέα
513 2247 801 2313 δικαιότατα
838 2245 1129 2311 στήσονται.
1222 2247 1305 2299 καί
1340 2254 1437 2314 σφι
1472 2245 1610 2311 ἔδοξε
1641 2245 1830 2317 Ὀτάνῃ

82 2354 132 2397 25
155 2330 249 2393 μὲν
286 2329 365 2381 καὶ
398 2333 533 2382 τοῖσι
572 2329 670 2382 ἀπὸ
707 2329 930 2383 Ὀτάνεω
973 2332 1069 2384 αἰεὶ
1111 2331 1437 2398 γινομένοισι,
1476 2327 1537 2395 ἢν
1577 2333 1628 2385 ἐς
1668 2329 1830 2382 ἄλλον

155 2414 265 2465 τινὰ
301 2418 398 2465 τῶν
434 2416 560 2467 ἑπτὰ
599 2414 722 2487 ἔλθῃ
752 2415 782 2480 ἡ
813 2418 1077 2481 βασιληίη,
1112 2415 1339 2483 ἐξαίρετα
1377 2417 1604 2468 δίδοσθαι
1640 2412 1831 2479 ἐσθῆτά

156 2517 210 2550 τε
242 2496 470 2564 Μηδικὴν
501 2499 637 2553 ἔτεος
674 2498 889 2552 ἑκάστου
927 2500 1005 2552 καὶ
1036 2499 1126 2565 τὴν
1158 2503 1329 2553 πᾶσαν
1361 2499 1547 2565 δωρεὴν
1575 2498 1606 2564 ἢ
1639 2499 1830 2566 γίνεται

213 2649 231 2675 1
264 2639 383 2688 θωυμ.
408 2636 443 2676 L
466 2636 567 2688 (bis)
681 2638 729 2678 ἂν
751 2637 784 2676 C
799 2636 832 2676 P
848 2637 887 2675 R
902 2638 939 2676 V
1107 2650 1132 2676 2
1160 2636 1389 2690 μούναρχος
1410 2637 1486 2679 {ihu
1507 2637 1540 2676 Ρ
1557 2637 1596 2675 R
1613 2636 1643 2676 S
1658 2637 1695 2675 V
1714 2651 1722 2676 :
1754 2638 1830 2679 ἐὼν

154 2689 264 2741 μούν.
290 2691 409 2731 Stob.
431 2705 440 2730 ε
471 2695 492 2732 ὁ
508 2690 619 2742 μούν.
638 2690 679 2729 Α
694 2691 728 2730 Β
743 2691 776 2730 C
938 2703 962 2741 5
983 2695 1055 2734 τοῦ
1071 2705 1155 2733 om.
1176 2692 1215 2730 R
1232 2692 1261 2731 S
1276 2693 1315 2732 V
1332 2693 1448 2732 Stob.
1609 2694 1636 2730 6
1657 2691 1775 2742 ὑμέας
1793 2692 1827 2730 C

155 2748 341 2787 τοιοῦτον
363 2745 402 2784 R
417 2746 446 2786 S
459 2746 497 2785 V
620 2760 648 2797 9
677 2762 840 2799 προσεκ.
870 2747 908 2784 R
926 2748 954 2785 S
971 2747 1008 2785 V
1130 2746 1329 2800 τέσσαρες
1349 2747 1389 2786 Α
1403 2748 1437 2786 Β
1455 2746 1493 2786 R
1506 2747 1544 2785 V
1673 2758 1723 2786 10
1752 2746 1825 2797 ὡς]

156 2803 177 2841 ὁ
199 2800 234 2839 C
346 2801 476 2850 ἐσώθη
500 2801 539 2840 R
707 2814 755 2852 14
785 2800 1003 2853 λαχόντων
1023 2800 1063 2840 Α
1077 2801 1112 2840 Β
1130 2802 1164 2840 C
1275 2802 1354 2854 τῷ]
1375 2807 1457 2843 τῶν
1479 2802 1512 2840 C
1535 2801 1666 2852 (corr.
1692 2804 1729 2854 1)
1746 2801 1776 2841 S
1790 2801 1828 2839 V

157 2855 227 2895 ἐὰν
257 2856 287 2894 S
302 2854 340 2894 V
486 2859 638 2897 ἐκεῖνος
670 2855 707 2893 R
726 2857 755 2895 S
770 2856 808 2894 V
978 2858 1028 2896 16
1057 2856 1161 2897 θέλω
1194 2856 1227 2895 Ρ
1242 2857 1280 2896 R
1297 2858 1327 2896 S
1342 2857 1379 2895 V
1550 2858 1601 2896 18
1631 2858 1827 2910 ἄρχεσθαι

157 2909 196 2948 R
212 2909 295 2950 SV
496 2924 544 2960 19
572 2913 703 2951 ταῦτα
724 2924 804 2949 om.
830 2910 869 2949 R
886 2911 915 2950 S
931 2910 968 2949 V
1080 2913 1132 2953 ὡς
1154 2924 1236 2952 om.
1265 2911 1298 2950 P
1493 2924 1547 2951 20
1577 2914 1623 2952 ἐκ
1642 2910 1770 2962 μέσου
1795 2911 1828 2949 L

156 2977 305 3004 omnes
444 2967 623 3013 καθῆστο
646 2965 680 3004 L
874 2978 927 3004 22
958 2966 1022 3006 καὶ
1045 2969 1137 3006 οὔτε
1160 2967 1332 3019 ἄρχεται
1353 2966 1463 3016 πλὴν
1482 2970 1666 3008 τοσαῦτα
1688 2966 1726 3005 R
1742 2966 1773 3006 S
1787 2966 1827 3004 V

155 3018 253 3067 θέλη
276 3019 310 3058 C
439 3022 518 3072 οὐχ
540 3019 579 3059 R
593 3018 632 3058 V
826 3033 878 3070 23
908 3020 1025 3070 τοὺς]
1045 3024 1127 3062 τῶν
1151 3020 1189 3059 R
1206 3022 1236 3061 S
1250 3020 1287 3060 V
1480 3032 1533 3071 25
1565 3019 1741 3062 Ὀτάνεω
1766 3020 1800 3061 Ρ
1818 3035 1827 3060 :

154 3073 345 3116 Ὀτοίνεος
365 3073 455 3115 rell.
599 3116 602 3119 ,
625 3075 680 3114 26
711 3073 820 3117 ἔλθοι
841 3076 878 3114 Λ
894 3075 928 3114 Β
