2098 3320
750 163 1129 213 ΙΣΤΟΡΙΩΝ
1188 165 1229 213 Γ
1820 139 1825 146 ’
1871 167 2068 234 1111.49

163 300 210 351 οἱ
243 296 509 363 Κορίνθιοι.
599 294 862 361 ἀπέπεμπε
899 297 954 347 δὲ
993 296 1045 348 ἐς
1076 293 1255 360 Σάρδις
1287 295 1365 348 ἐπ’
1397 295 1580 368 ἐκτομῇ
1611 297 1825 364 Περίαν-

161 387 275 450 δρος
304 386 402 433 τῶν
425 381 631 448 πρώτων
656 380 970 448 Κερκυραίων
994 378 1228 444 ἐπιλέξας
1251 380 1365 434 τοὺς
1387 383 1566 435 παῖδας
1591 372 1826 448 τιμωρεύ-

158 487 324 534 μενος·
371 466 601 533 πρότεροι
632 467 727 533 γὰρ
764 466 810 517 οἱ
847 468 1140 532 Κερκυραῖοι
1177 463 1331 531 ἧρξαν
1362 467 1413 519 ἐς
1449 464 1598 517 αὐτὸν
1629 468 1830 532 πρῆγμα

160 549 451 603 ἀτάσθαλον
498 548 814 615 ποιήσαντες.
904 549 1068 602 ἐπείτε
1114 551 1209 616 γὰρ
1256 549 1346 614 τὴν
1390 552 1574 602 ἑωυτοῦ
1620 554 1828 617 γυναῖκα
1865 566 1932 617 50

111 659 133 700 5
160 635 437 688 Μέλισσαν
497 636 805 702 Περίανδρος
865 633 1140 693 ἀπέκτεινε,
1203 634 1468 702 συμφορὴν
1527 633 1747 699 τοιήνδε,
1782 638 1827 687 οἱ

158 719 322 785 ἄλλην
374 718 566 786 συνέβη
622 719 743 786 πρὸς
791 719 850 790 τῇ
900 720 1134 790 γεγονυίῃ
1182 718 1435 786 γενέσθαι·
1500 718 1630 783 ἦσάν
1679 722 1724 772 οἱ
1773 721 1828 771 ἐκ

158 805 430 869 Μελίσσης
477 804 563 857 δύο
619 807 805 862 παῖδες,
854 803 1053 868 ἡλικίην
1101 804 1128 853 6
1173 806 1265 869 μὲν
1311 804 1655 863 ἑπτακαίδεκα,
1703 805 1730 854 6
1773 807 1827 856 δὲ

155 889 486 942 ὀκτωκαίδεκα
532 889 645 942 ἔτεα
686 889 920 956 γεγονώς.
1010 888 1212 942 τούτους
1252 889 1278 938 ὁ
1318 879 1645 956 μητροπάτωρ
1688 893 1823 957 Προ-
1861 910 1885 941 2

156 973 320 1039 κλέης,
378 974 473 1027 ἐὼν
526 973 825 1040 Ἐπιδαύρου
884 973 1140 1040 τύραννος,
1194 972 1651 1041 μεταπεμψάμενος
1709 973 1826 1041 παρ’

82 1082 130 1112 10
155 1058 337 1112 ἑωυτὸν
382 1057 797 1126 ἐφιλοφρονέετο,
843 1058 908 1112 ὡς
952 1060 1085 1112 οἰκὸς
1129 1057 1190 1123 ἦν
1234 1057 1475 1125 θυγατρὸς
1522 1059 1693 1113 ἐόντας
1735 1062 1825 1125 τῆς

154 1146 336 1196 ἑωυτοῦ
377 1147 570 1198 παῖδας.
660 1144 823 1195 ἐπείτε
870 1142 925 1195 δέ
964 1150 1129 1210 σφεας
1170 1142 1508 1208 ἀπεπέμπετο,
1553 1143 1660 1196 εἶπε
1699 1165 1822 1211 προ-

152 1227 361 1294 πέμπων
392 1228 585 1282 αὐτούς·
624 1227 756 1295 ’Ἄρα
790 1229 920 1286 ἴστε,
954 1225 991 1279 ὦ
1022 1230 1210 1291 παῖδες,
1244 1227 1298 1281 ὃς
1326 1226 1488 1293 ὑμέων
1518 1227 1608 1292 τὴν
1637 1228 1824 1296 μητέρα
1859 1251 1884 1293 3

81 1300 89 1308 ⁴
151 1312 434 1373 ἀπέκτεινε,·
501 1317 647 1365 τοῦτο
693 1317 748 1363 τό
796 1312 915 1366 ἔπος
961 1314 987 1363 ὁ
1030 1314 1122 1378 10¹2
1171 1312 1515 1379 πρεσβύτερος
1559 1312 1720 1365 αὐτῶν
1769 1315 1823 1366 ἐν

152 1397 314 1451 οὐδενὶ
367 1398 505 1469 λόγῳ
560 1376 890 1462 ἐποιήσατό.
918 1398 944 1447 6
992 1399 1045 1449 δὲ
1096 1397 1349 1464 νεώτερος,
1403 1402 1472 1467 τῷ
1526 1398 1710 1463 οὔνομα
1761 1397 1822 1462 ἣν

79 1502 124 1543 15
151 1484 447 1550 Λυκόφρων,
481 1481 677 1551 ἤλγησε
711 1482 929 1536 ἀκούσας
960 1483 1114 1535 οὕτως
1149 1482 1281 1533 ὥστε
1322 1482 1617 1548 ἀπικόμενος
1649 1484 1700 1536 ἐς
1730 1483 1821 1548 τὴν

151 1568 396 1635 Κόρινθον
427 1566 514 1620 ἅτε
545 1566 705 1635 φονέα
735 1569 822 1632 τῆς
858 1565 1042 1634 μητρὸς
1071 1571 1156 1618 τὸν
1197 1565 1385 1635 πατέρα
1415 1568 1526 1619 οὔτε
1557 1572 1818 1633 προσεῖπε,

149 1651 488 1723 διαλεγομένῳ
529 1674 583 1705 τε
627 1653 683 1704 οὔ
724 1673 771 1703 τι
812 1650 1204 1719 προσδιελέγετο
1247 1650 1529 1718 ἱστορέοντί
1568 1674 1621 1705 τε
1661 1654 1819 1721 λόγον

148 1736 325 1790 οὐδένα
356 1738 532 1790 ἐδίδου.
623 1736 770 1791 τέλος
804 1735 857 1789 δέ
878 1758 964 1803 μιν
986 1737 1266 1804 περιθύμως
1289 1736 1422 1804 ἔχων
1453 1738 1479 1787 6
1511 1739 1818 1805 Περίανδρος

148 1819 405 1888 ἐξελαύνει
435 1825 490 1875 ἐκ
520 1826 619 1875 τῶν
653 1823 838 1874 οἰκίων.
928 1819 1175 1887 ἐξελάσας
1207 1824 1261 1874 δὲ
1295 1825 1471 1873 τοῦτον
1503 1823 1699 1888 ἱστόρεε
1729 1823 1816 1876 τὸν
1854 1841 1909 1889 51

72 1924 124 1953 20
147 1907 494 1976 πρεσβύτερον
538 1906 600 1959 τά
649 1913 746 1973 σφι
795 1908 821 1957 6
871 1904 1201 1974 μητροπάτωρ
1249 1904 1500 1974 διελέχθη.
1589 1908 1615 1957 ὁ
1668 1906 1722 1959 δέ
1769 1911 1815 1960 οἱ

145 1991 392 2059 ἀπηγέετο
439 1993 505 2046 ὥς
550 1999 715 2060 σφεας
761 1992 1086 2059 φιλοφρόνως
1133 1989 1350 2057 ἐδέξατο,
1394 1993 1584 2044 ἐκείνου
1629 1995 1683 2045 δὲ
1726 1997 1815 2044 τοῦ

145 2075 288 2130 ἔπεος
328 2077 387 2128 τό
431 2083 529 2145 σφι
569 2078 596 2128 6
640 2074 903 2143 Προκλέης
945 2075 1280 2128 ἀποστέλλων
1321 2075 1443 2135 εἶπε,
1483 2076 1568 2128 ἅτε
1613 2077 1670 2128 οὐ
1714 2079 1811 2147 νόῳ

143 2161 348 2227 λαβών,
383 2161 471 2214 οὐκ
512 2160 772 2228 ἐμέμνητο.
864 2162 1180 2227 Περίανδρος
1211 2163 1265 2212 δὲ
1306 2159 1536 2226 οὐδεμίαν
1578 2162 1811 2230 μηχανὴν

143 2245 244 2314 ἔφη
290 2245 416 2299 εἶναι
459 2246 524 2313 μὴ
571 2246 628 2298 οὔ
672 2252 771 2314 σφι
814 2247 1007 2297 ἐκεῖνον
1050 2243 1328 2297 ὑποθέσθαι
1373 2267 1434 2304 τι,
1480 2245 1713 2314 ἐλιπάρεέ
1756 2269 1812 2300 τε

70 2346 117 2388 25
144 2330 402 2398 ἱστορέων.
490 2333 517 2382 6
547 2333 600 2383 δὲ
631 2331 968 2397 ἀναμνησθεὶς
1007 2329 1115 2382 ε’ἷπε
1146 2330 1225 2382 καὶ
1255 2334 1414 2382 τοῦτο.
1504 2333 1873 2399 Περίανδρος2

142 2416 195 2466 δὲ
242 2416 337 2486 νόῳ
381 2417 560 2482 λαβὼν
604 2411 702 2482 [καὶ
746 2412 909 2482 τοῦτο]
942 2415 1022 2468 καὶ
1062 2413 1289 2481 μαλακὸν
1334 2416 1580 2481 ἐνδιδόναι
1575 2412 1980 2494 βουλόίξῖὓζκ
1962 2430 2098 2508 ’ΞΖ-ι]

140 2520 305 2568 μενος,
346 2499 505 2568 οὐδέν,
557 2523 615 2572 τη
676 2502 702 2551 ὁ
763 2499 1055 2565 ἐξελασθεὶς
1111 2499 1194 2552 ὑπ’
1247 2499 1398 2552 αὐτοῦ
1448 2505 1564 2554 παῖς
1617 2502 1808 2553 δίαιταν

199 2652 216 2678 1
264 2638 417 2690 ἔπεμπε
458 2638 644 2678 PRSV
810 2637 855 2679 δὲ
894 2650 978 2678 om.
1009 2636 1050 2677 V
1270 2651 1295 2677 2
1334 2637 1624 2691 τιμωρεύμενος
1665 2638 1703 2677 R
1722 2639 1808 2678 SV

140 2706 166 2743 3
195 2693 389 2748 πρότερον
415 2693 454 2732 R
469 2693 550 2733 SV
688 2695 748 2734 οἷ.
767 2724 776 2734 .
794 2695 893 2746 ,γὰρ
916 2694 977 2742 (4)
1001 2705 1081 2733 om.
1108 2692 1189 2732 SV
1385 2706 1406 2743 7
1440 2693 1650 2742 Μελίττης
1674 2693 1710 2731 R
1726 2693 1808 2734 SV

140 2750 167 2787 8
197 2749 293 2791 ἔτεσι
312 2761 394 2789 om.
418 2749 458 2788 R
473 2748 554 2788 SV
692 2750 879 2802 Προκλῆς
902 2748 934 2787 L
956 2748 1077 2799 (item
1098 2748 1168 2797 22)
1396 2761 1445 2786 10
1476 2749 1742 2801 ἐφιλοφρόνεέ
1760 2767 1806 2790 τε

142 2803 181 2843 R
197 2803 279 2844 SV
389 2805 491 2846 εἰκὸς
514 2804 547 2842 L
700 2815 744 2842 11
780 2804 866 2844 ἐπεὶ
888 2802 927 2841 R
943 2803 973 2842 S
987 2803 1026 2842 V
1177 2814 1225 2852 15
1256 2804 1311 2844 εἷς
1333 2802 1373 2842 R
1387 2802 1424 2842 V
1566 2805 1615 2842 16
1642 2807 1806 2857 προεῖπε

141 2858 181 2898 R
197 2858 226 2898 S
240 2859 278 2898 V
406 2871 452 2909 17
484 2857 777 2912 διαλεγομένου
799 2857 838 2895 R
857 2858 887 2896 S
901 2858 939 2897 V
1049 2859 1096 2898 οὔ
1114 2875 1153 2898 τι
1179 2857 1313 2897 Reiz:
1342 2861 1435 2898 οὔτε
1460 2858 1492 2896 L
1620 2860 1669 2898 18
1698 2876 1804 2913 περι-

139 2919 261 2964 θυμῶι
282 2913 321 2952 Α
335 2913 370 2953 Β
390 2928 399 2954 :
429 2917 625 2967 περιθυμῶ
646 2913 680 2952 C
701 2926 709 2951 ε
740 2914 828 2966 περὶ
851 2917 970 2964 θυμῶι
993 2913 1026 2951 Ρ
1193 2912 1302 2965 ἔχων
1328 2912 1514 2952 Abicht:
1545 2912 1739 2966 ἐχόμενος
1771 2914 1803 2953 L

139 2970 176 3009 οἱ
198 2968 237 3007 R
252 2968 288 3007 V
403 2982 452 3019 19
482 2967 545 3021 ἐκ]
569 2971 606 3010 οἱ
626 2971 670 3010 ἐκ
693 2967 732 3006 R
748 2967 830 3007 SV
940 2981 994 3006 20
1016 2967 1301 3021 πρεσβύτατον
1321 2969 1359 3007 Α
1375 2968 1409 3007 Β
1424 2968 1458 3007 C
1572 2981 1621 3008 21
1648 2970 1803 3022 ἀπηγή-

140 3039 241 3064 σατο
266 3023 300 3061 C
466 3037 516 3074 24
546 3023 607 3075 τι]
629 3041 676 3064 τε
699 3024 737 3062 R
752 3023 790 3062 V
907 3023 1084 3076 ἐλιπάρει
1108 3022 1145 3060 R
1161 3022 1243 3062 SV
1408 3024 1460 3062 26
1490 3025 1553 3066 καὶ
1575 3027 1698 3066 τοῦτο
1718 3025 1798 3067 del.

142 3077 342 3128 Krueger
506 3091 555 3128 27
585 3077 664 3130 ἦζι)
691 3078 724 3116 L
835 3079 908 3118 ὑπὸ
934 3079 1082 3119 ἑωυτοῦ
1105 3077 1143 3115 R
1159 3077 1240 3116 SV
