2098 3320
847 118 1228 168 ΙΣΤΟΡΙΩΝ
1293 118 1331 166 Β
1960 119 2024 171 11.
2051 123 2098 181 4²

251 247 607 316 περιφορέουσι
655 251 776 301 κατὰ
823 248 986 315 κώμας
1031 253 1275 316 γυναῖκες,
1320 251 1464 301 νεῦον
1507 251 1564 299 τὸ
1612 249 1815 307 αἰδοῖον,
1863 249 1922 301 οὐ

253 338 426 403 πολλῷ
467 354 559 404 τεῳ
607 331 835 386 ἔλασσον
875 332 959 386 ἐὸν
997 338 1084 385 τοῦ
1121 332 1282 385 ἄλλου
1324 332 1574 398 σώματος·
1623 330 1921 399 προηγέεται

251 420 305 471 δὲ
336 416 503 478 αὐλός,
530 419 582 470 αἱ
612 419 667 471 δὲ
697 418 903 471 ἕπονται
925 418 1180 471 ἀείδουσαι
1202 416 1289 470 τὸν
1316 417 1608 470 Διόνυσον.“
1655 415 1717 467 δι’
1741 417 1770 467 ὅ
1791 431 1841 467 τι
1867 418 1920 468 δὲ
1958 435 1985 481 3

251 500 399 567 μέζον
438 523 493 555 τε
535 501 642 570 ἔχει
682 500 738 553 τὸ
779 503 968 555 αἰδοῖον
1010 503 1088 556 καὶ
1129 501 1279 555 κινέει
1317 506 1502 567 μοῦνον
1546 505 1633 552 τοῦ
1673 500 1917 565 σώματος,

205 610 227 650 5
253 586 364 639 ἔστι
396 587 551 654 λόγος
581 586 693 654 περὶ
728 586 876 639 αὐτοῦ
912 586 1014 654 ἱρὸς
1049 587 1337 655 λεγόμενος.
1426 585 1517 651 ἤδη
1551 582 1618 638 ὧν
1650 583 1808 636 δοκέει
1836 606 1922 650 μοι
1959 595 2030 644 49

255 669 563 733 Μελάμπους
593 672 619 722 6
643 670 952 737 Ἀμυθέωνος
975 674 1062 737 τῆς
1092 673 1266 737 θυσίης
1290 670 1470 735 ταύτης
1494 669 1580 721 οὐκ
1612 669 1738 721 εἶναι
1769 669 1922 733 ἀδαὴς

253 755 368 808 ἀλλ’
401 756 644 823 ἔμπειρος.
723 754 951 821 “Ελλησι
982 758 1078 823 γὰρ
1109 755 1165 820 δὴ
1199 754 1509 821 Μελάμπους
1540 754 1650 806 ἐστὶ
1681 755 1707 805 6
1738 752 1916 822 ἐξηγη-

254 839 470 906 σάμενος
498 845 586 892 τοῦ
618 840 871 893 Διονύσου
901 841 959 892 τό
987 862 1043 893 τε
1073 840 1258 905 οὔνομα
1288 841 1367 892 καὶ
1398 838 1487 904 τὴν
1513 839 1691 903 θυσίην
1721 838 1801 890 καὶ
1830 837 1920 902 τὴν

253 923 454 990 πομπὴν
484 929 570 976 τοῦ
600 929 818 992 φαλλοῦ·
863 923 1102 991 ἀτρεκέως
1131 927 1223 990 μὲν
1254 923 1310 976 οὗ
1340 922 1502 977 πάντα
1534 923 1810 988 συλλαβὼν
1832 921 1920 973 τὸν

181 1029 228 1058 ιο
251 1009 408 1076 λόγον
438 1000 610 1076 ἔφηνε,
644 1008 760 1061 ἀλλ’
791 1011 838 1061 οἱ
869 1010 1209 1076 ἐπιγενόμενοι
1239 1008 1394 1079 τούτῳ
1429 1007 1674 1074 σοφισταὶ
1703 1007 1919 1073 μεζόνως

254 1092 520 1162 ἐξέφηναν·
566 1092 653 1145 τὸν
689 1092 731 1144 δ’
763 1091 831 1145 ὧν
868 1092 1072 1160 φαλλὸν
1107 1091 1194 1145 τὸν
1229 1097 1296 1163 τῷ
1337 1092 1567 1162 Διονύσῳ
1603 1092 1919 1157 πεμπόμενον

255 1178 564 1244 Μελάμπους
587 1177 700 1230 ἐστὶ
729 1179 756 1228 6
787 1177 1212 1251 κατηγησάμενος,
1241 1177 1319 1229 καὶ
1351 1175 1449 1229 ἀπὸ
1473 1176 1646 1228 τούτου
1676 1175 1920 1241 μαθόντες

253 1267 453 1315 ποιεῦσι
474 1263 535 1314 τὰ
559 1260 1036 1327 ποιεῦσιἝλληνες.
1103 1261 1202 1329 ἐγὼ
1224 1260 1317 1327 μέν
1340 1262 1428 1314 νύν
1451 1267 1579 1328 φημι
1603 1259 1921 1325 Μελάμποδα
1962 1281 1985 1311 2

254 1346 522 1413 γενόμενον
561 1345 716 1413 ἄνδρα
759 1345 924 1414 σοφὸν
961 1344 1203 1412 μαντικήν
1242 1367 1295 1398 τε
1337 1347 1500 1415 ἑωυτῷ
1538 1338 1797 1409 συστῆσαι
1843 1344 1921 1396 καὶ
1937 1359 2098 1430 aaut:

182 1449 227 1492 15
254 1431 530 1497 πυθόμενον
560 1429 644 1483 ἀπ’
677 1431 930 1498 Αἰγύπτου
964 1430 1099 1483 ἄλλα
1128 1451 1182 1483 τε
1213 1431 1382 1482 πολλὰ
1411 1427 1769 1496 ἐσηγήσασθαι
1790 1427 1916 1480 ὟἘλ-
2028 1400 2070 1445 Ὗ

197 1574 207 1585 ·
252 1522 377 1580 λησι
409 1517 487 1569 καὶ
516 1517 578 1567 τὰ
601 1515 711 1582 περὶ
741 1515 827 1568 τὸν
852 1516 1118 1575 Διόνυσον,
1145 1516 1294 1582 ὀλίγα
1324 1513 1485 1566 αὐτῶν
1510 1512 1917 1580 παραλλάξαντα·

0 1572 310 1661 m'ot’)
342 1601 436 1668 γὰρ
468 1599 525 1665 δὴ
559 1604 835 1669 συμπεσεῖν
866 1621 923 1667 γε
955 1598 1106 1666 φήσω
1137 1597 1199 1651 τά
1229 1620 1282 1651 τε
1314 1600 1368 1651 ἐν
1394 1598 1625 1668 Αἰγύπτῳ
1654 1598 1920 1663 ποιεύμενα

253 1689 320 1755 τῷ
352 1687 447 1754 θεῷ
481 1683 559 1736 καὶ
589 1686 650 1736 τὰ
680 1685 735 1737 ἐν
758 1689 892 1736 τοῖσι
906 1682 1150 1749 “Ελλησι·
1197 1684 1448 1752 ὁμότροπα
1479 1684 1573 1750 γὰρ
1604 1681 1666 1734 ἂν
1696 1681 1755 1746 ἧν
1786 1687 1922 1734 τοῖσι
1944 1697 2098 1725 rums

244 1766 472 1834 ’Έλλησι
504 1768 583 1821 καὶ
612 1768 710 1836 ⁰2⁹¹„
699 1769 880 1821 νεωστὶ
910 1767 1182 1836 ε’σηγμένα.
1263 1768 1320 1821 οὐ
1349 1770 1441 1833 μὲν
1471 1766 1581 1820 οὐδὲ
1613 1765 1765 1833 φήσω
1796 1767 1920 1820 ὅκως
1960 1778 2087 1830 34η

183 1870 230 1898 20
257 1853 519 1921 Αἰγύπτιοι
562 1852 675 1920 παρ’
711 1851 974 1918 Ἑλλήνων
1014 1852 1206 1918 ἔλαβον
1244 1847 1275 1917 ἢ
1315 1856 1459 1903 τοῦτο
1500 1847 1529 1915 ἢ
1571 1850 1702 1903 ἄλλο
1748 1850 1836 1925 κού
1874 1871 1922 1902 τι

255 1938 476 2004 νόμαιον.
564 1936 812 1990 πυθέσθαι
848 1936 902 1990 δέ
936 1958 1021 2003 μοι
1057 1935 1218 1990 δοκέει
1251 1935 1477 2002 μάλιστα
1516 1934 1823 2001 Μελάμπους
1859 1937 1921 1987 τὰ

255 2023 365 2089 περὶ
394 2022 482 2075 τὸν
507 2022 759 2075 Διόνυσον
789 2023 922 2089 παρὰ
953 2020 1154 2088 Κάδμου
1182 2042 1238 2073 τε
1268 2025 1354 2072 τοῦ
1374 2020 1554 2087 Τυρίου
1588 2021 1666 2072 καὶ
1696 2025 1795 2072 τῶν
1826 2019 1920 2072 σὺν

255 2107 383 2176 αὐτῷ
406 2109 459 2159 ἐκ
479 2107 715 2172 Φοινίκης
733 2103 1046 2171 ἀπικομένων
1066 2108 1116 2160 ἐς
1134 2104 1225 2170 τὴν
1244 2110 1331 2158 νῦν
1354 2105 1594 2169 Βοιωτίην
1614 2102 1920 2169 καλεομένην

255 2191 438 2261 χώρην.
526 2190 714 2260 σχεδὸν
743 2193 797 2244 δὲ
835 2191 914 2243 καὶ
949 2189 1148 2243 πάντων
1184 2192 1245 2241 τὰ
1282 2189 1531 2255 οὐνόματα
1565 2193 1664 2241 τῶν
1702 2191 1828 2240 θεῶν
1864 2187 1923 2252 ἐξ
1956 2198 2023 2246 50

182 2293 230 2335 25
257 2276 509 2342 Αἰγύπτου
545 2273 759 2340 ἐλήλυθε
793 2276 844 2329 ἐς
878 2273 968 2339 τὴν
997 2273 1243 2326 Ἑλλάδα.
1330 2274 1455 2326 διότι
1487 2275 1578 2339 μὲν
1609 2274 1703 2340 γὰρ
1736 2274 1789 2324 ἐκ
1820 2277 1919 2324 τῶν

254 2358 531 2426 βαρβάρων
563 2360 689 2425 ἥκει,
723 2359 1093 2425 πυνθανόμενος
1128 2359 1254 2411 οὕτω
1292 2358 1502 2425 εὑρίσκω
1542 2357 1642 2409 ἐόν·
1688 2354 1840 2410 δοκέω
1877 2355 1919 2407 δ’

255 2442 324 2496 ὧν
352 2442 576 2509 μάλιστα
605 2443 690 2496 ἀπ’
721 2444 975 2511 Αἰγύπτου
1006 2444 1232 2512 ἀπῖχθαι.
1308 2443 1385 2494 ὅτι
1414 2443 1507 2512 γὰρ
1538 2440 1597 2511 δὴ
1630 2440 1695 2507 μὴ
1727 2445 1915 2493 Ποσει-
1962 2463 1985 2494 2

256 2527 438 2583 δέωνος
476 2528 553 2580 καὶ
586 2529 895 2595 Διοσκόρων,
930 2527 993 2582 ὡς
1031 2528 1110 2579 καὶ
1146 2527 1383 2593 πρότερόν
1412 2547 1497 2592 μοι
1525 2529 1678 2578 ταῦτα
1714 2527 1916 2592 εἴρηται,

2005 2425 2098 2456 ‘tr-<²

310 2679 335 2717 5
365 2667 445 2721 ἱρὸς
466 2665 579 2719 Rem]
601 2675 800 2719 προσλεγ.
825 2665 863 2704 R
879 2666 909 2706 S
925 2665 960 2703 V
1101 2678 1121 2714 7
1153 2666 1201 2714 δὴ
1223 2677 1305 2705 om.
1331 2663 1370 2702 R
1501 2665 1528 2702 8
1557 2680 1603 2704 τε
1626 2676 1707 2703 om.
1735 2663 1767 2702 P
1782 2662 1819 2700 R
1836 2662 1867 2702 S
1882 2662 1917 2700 V

261 2734 310 2762 10
341 2724 485 2774 ἐπιγιν.
512 2720 602 2760 AB
619 2722 653 2760 C
876 2733 923 2759 12
955 2722 1134 2772 ἀπηγησ.
1171 2721 1203 2759 Ρ
1219 2720 1257 2758 R
1274 2720 1355 2760 SV
1581 2731 1628 2768 13
1657 2716 1837 2759 ποιέουσι
1865 2718 1919 2758 τὰ

255 2775 461 2817 ποιέουσιν
480 2775 520 2814 A
535 2775 569 2814 B
587 2776 620 2814 C
764 2775 826 2815 '18
855 2779 939 2817 τοῖς
964 2775 1002 2813 R
1019 2777 1047 2814 S
1063 2775 1099 2813 V
1211 2776 1419 2828 ὁμήτροπα
1440 2774 1470 2813 S
1486 2773 1522 2811 V
1542 2789 1550 2812 ε
1580 2772 1785 2827 ὃμότροφα
1806 2772 1860 2811 dc
1881 2772 1917 2810 la

258 2831 388 2870 Barre
553 2831 601 2871 ἂν
628 2843 709 2870 om.
744 2829 881 2870 RSV
1104 2842 1153 2880 19
1183 2827 1389 2882 ἐσηγμένα
1420 2828 1481 2867 P:
1516 2826 1721 2880 ἐσαγμένα
1751 2826 1789 2866 Α
1806 2827 1839 2865 Β
1856 2827 1888 2864 C
1910 2840 1918 2863 :

257 2884 491 2938 ε’σηγημένα
522 2885 561 2923 R
575 2885 607 2926 S
620 2885 656 2923 V
820 2885 900 2935 μὴν
930 2883 969 2923 Α
982 2884 1017 2924 Β
1035 2885 1068 2923 C
1083 2885 1116 2923 P
1338 2896 1385 2922 21
1418 2883 1601 2934 μάλιστα
1627 2896 1707 2921 om.
1734 2882 1767 2920 P
1782 2882 1819 2920 R
1837 2881 1867 2919 S
1883 2881 1916 2917 V

257 2953 309 2978 22
338 2943 410 2981 τοῦ
429 2957 476 2981 τε
497 2940 532 2979 C
655 2939 804 2993 Τυρίων
828 2938 865 2978 R
886 2954 894 2978 :
924 2938 1078 2992 Τυρέων
1099 2938 1137 2978 V
1157 2952 1165 2977 τ
1195 2937 1326 2990 Τύρεω
1348 2939 1379 2977 S
1564 2951 1615 2987 24
1645 2942 1727 2978 τῶν
1749 2939 1847 2978 θεῶν
1867 2936 1917 2976 τὰ

258 2994 460 3046 οὐνόματα
480 2996 511 3035 S
536 2994 610 3047 (ὃν.
633 2994 690 3047 V)
856 2996 908 3033 28
939 2993 1193 3047 Διοσκούρων
1218 2994 1248 3032 L
