<?xml version="1.0" encoding="UTF-8"?>
<!DOCTYPE html PUBLIC "-//W3C//DTD XHTML 1.0 Transitional//EN"
    "http://www.w3.org/TR/xhtml1/DTD/xhtml1-transitional.dtd">
<html xmlns="http://www.w3.org/1999/xhtml" xml:lang="en" lang="en">
 <head>
  <title>
</title>
<meta http-equiv="Content-Type" content="text/html;charset=utf-8" />
  <meta name='ocr-system' content='tesseract 3.04.00' />
  <meta name='ocr-capabilities' content='ocr_page ocr_carea ocr_par ocr_line ocrx_word'/>
</head>
<body>
  <div class='ocr_page' id='page_1' title='image "./herodotihistoria01herouoft_0258.png"; bbox 0 0 2098 3320; ppageno 0'>
   <div class='ocr_carea' id='block_1_1' title="bbox 87 73 1355 140">
    <p class='ocr_par' dir='ltr' id='par_1_1' title="bbox 87 73 1355 140">
     <span class='ocr_line' id='line_1_1' title="bbox 87 73 1355 140; baseline -0.006 -11"><span class='ocrx_word' id='word_1_1' title='bbox 87 79 182 130; x_wconf 87' lang='lat'>111.</span> <span class='ocrx_word' id='word_1_2' title='bbox 209 90 271 140; x_wconf 81' lang='lat'>27</span> <span class='ocrx_word' id='word_1_3' title='bbox 640 84 642 86; x_wconf 91' lang='lat'>·</span> <span class='ocrx_word' id='word_1_4' title='bbox 928 73 1355 123; x_wconf 73' lang='lat' dir='ltr'>HPOAOTOT</span> 
     </span>
    </p>
   </div>
   <div class='ocr_carea' id='block_1_2' title="bbox 0 202 1976 2387">
    <p class='ocr_par' dir='ltr' id='par_1_2' title="bbox 0 202 1976 2387">
     <span class='ocr_line' id='line_1_2' title="bbox 308 202 1974 276; baseline -0.002 -17"><span class='ocrx_word' id='word_1_5' title='bbox 308 206 475 272; x_wconf 89' lang='grc' dir='ltr'>βύσης</span> <span class='ocrx_word' id='word_1_6' title='bbox 513 204 611 274; x_wconf 78' lang='grc' dir='ltr'>ἔφη</span> <span class='ocrx_word' id='word_1_7' title='bbox 653 205 935 272; x_wconf 81' lang='grc' dir='ltr'>ψεύδεσθαί</span> <span class='ocrx_word' id='word_1_8' title='bbox 972 211 1135 272; x_wconf 82' lang='grc' dir='ltr'>σφεας</span> <span class='ocrx_word' id='word_1_9' title='bbox 1179 203 1257 255; x_wconf 86' lang='grc' dir='ltr'>καὶ</span> <span class='ocrx_word' id='word_1_10' title='bbox 1299 203 1364 258; x_wconf 85' lang='grc' dir='ltr'>ὡς</span> <span class='ocrx_word' id='word_1_11' title='bbox 1403 202 1742 271; x_wconf 78' lang='grc' dir='ltr'>ψευδομένους</span> <span class='ocrx_word' id='word_1_12' title='bbox 1782 203 1974 276; x_wconf 81' lang='grc' dir='ltr'>θανάτῳ</span> 
     </span>
     <span class='ocr_line' id='line_1_3' title="bbox 206 287 1976 357; baseline 0 -15"><span class='ocrx_word' id='word_1_13' title='bbox 206 294 271 344; x_wconf 86' lang='lat'>28</span> <span class='ocrx_word' id='word_1_14' title='bbox 311 291 523 357; x_wconf 78' lang='grc' dir='ltr'>ἐζημίου.</span> <span class='ocrx_word' id='word_1_15' title='bbox 608 290 900 343; x_wconf 81' lang='grc' dir='ltr'>ἀποκτείνας</span> <span class='ocrx_word' id='word_1_16' title='bbox 931 291 984 341; x_wconf 79' lang='grc' dir='ltr'>δὲ</span> <span class='ocrx_word' id='word_1_17' title='bbox 1013 289 1215 342; x_wconf 81' lang='grc' dir='ltr'>τούτους</span> <span class='ocrx_word' id='word_1_18' title='bbox 1245 289 1448 356; x_wconf 90' lang='grc' dir='ltr'>δεύτερα</span> <span class='ocrx_word' id='word_1_19' title='bbox 1483 287 1595 342; x_wconf 87' lang='grc' dir='ltr'>τοὺς</span> <span class='ocrx_word' id='word_1_20' title='bbox 1632 287 1764 354; x_wconf 82' lang='grc' dir='ltr'>ἱρέας</span> <span class='ocrx_word' id='word_1_21' title='bbox 1799 287 1976 342; x_wconf 80' lang='grc' dir='ltr'>ἐκάλεε</span> 
     </span>
     <span class='ocr_line' id='line_1_4' title="bbox 311 370 1974 442; baseline -0.002 -15"><span class='ocrx_word' id='word_1_22' title='bbox 311 378 361 429; x_wconf 94' lang='grc' dir='ltr'>ἐς</span> <span class='ocrx_word' id='word_1_23' title='bbox 384 377 523 442; x_wconf 80' lang='grc' dir='ltr'>ὄψιν.</span> <span class='ocrx_word' id='word_1_24' title='bbox 598 375 852 441; x_wconf 89' lang='grc' dir='ltr'>λεγόντων</span> <span class='ocrx_word' id='word_1_25' title='bbox 876 376 929 426; x_wconf 81' lang='grc' dir='ltr'>δὲ</span> <span class='ocrx_word' id='word_1_26' title='bbox 960 375 1082 425; x_wconf 82' lang='grc' dir='ltr'>κατὰ</span> <span class='ocrx_word' id='word_1_27' title='bbox 1106 373 1261 425; x_wconf 82' lang='grc' dir='ltr'>ταύτὰ</span> <span class='ocrx_word' id='word_1_28' title='bbox 1283 377 1382 425; x_wconf 83' lang='grc' dir='ltr'>τῶν</span> <span class='ocrx_word' id='word_1_29' title='bbox 1413 371 1557 438; x_wconf 81' lang='grc' dir='ltr'>ἱρέων</span> <span class='ocrx_word' id='word_1_30' title='bbox 1580 371 1636 423; x_wconf 83' lang='grc' dir='ltr'>οὐ</span> <span class='ocrx_word' id='word_1_31' title='bbox 1665 370 1845 437; x_wconf 86' lang='grc' dir='ltr'>λήσειν</span> <span class='ocrx_word' id='word_1_32' title='bbox 1874 372 1974 440; x_wconf 83' lang='grc' dir='ltr'>ἔφη</span> 
     </span>
     <span class='ocr_line' id='line_1_5' title="bbox 310 456 1973 526; baseline -0.002 -14"><span class='ocrx_word' id='word_1_33' title='bbox 310 459 458 512; x_wconf 84' lang='grc' dir='ltr'>αὐτὸν</span> <span class='ocrx_word' id='word_1_34' title='bbox 506 460 549 511; x_wconf 92' lang='grc' dir='ltr'>εἰ</span> <span class='ocrx_word' id='word_1_35' title='bbox 598 459 711 512; x_wconf 90' lang='grc' dir='ltr'>θεός</span> <span class='ocrx_word' id='word_1_36' title='bbox 757 479 830 512; x_wconf 90' lang='grc' dir='ltr'>τις</span> <span class='ocrx_word' id='word_1_37' title='bbox 881 456 1144 526; x_wconf 83' lang='grc' dir='ltr'>χειροήθης</span> <span class='ocrx_word' id='word_1_38' title='bbox 1196 456 1467 525; x_wconf 84' lang='grc' dir='ltr'>ἀπιγμένος</span> <span class='ocrx_word' id='word_1_39' title='bbox 1515 458 1587 521; x_wconf 90' lang='grc' dir='ltr'>ε’ίη</span> <span class='ocrx_word' id='word_1_40' title='bbox 1636 458 1973 523; x_wconf 88' lang='grc' dir='ltr'>Αἰγυπτίοισι.</span> 
     </span>
     <span class='ocr_line' id='line_1_6' title="bbox 308 539 1970 610; baseline -0.001 -14"><span class='ocrx_word' id='word_1_41' title='bbox 308 548 530 596; x_wconf 83' lang='grc' dir='ltr'>τοσαῦτα</span> <span class='ocrx_word' id='word_1_42' title='bbox 573 546 626 595; x_wconf 83' lang='grc' dir='ltr'>δὲ</span> <span class='ocrx_word' id='word_1_43' title='bbox 671 544 813 597; x_wconf 87' lang='grc' dir='ltr'>ε’ίπας</span> <span class='ocrx_word' id='word_1_44' title='bbox 853 541 1065 610; x_wconf 87' lang='grc' dir='ltr'>ἀπάγειν</span> <span class='ocrx_word' id='word_1_45' title='bbox 1104 540 1303 594; x_wconf 89' lang='grc' dir='ltr'>ἐκέλευε</span> <span class='ocrx_word' id='word_1_46' title='bbox 1342 541 1430 593; x_wconf 86' lang='grc' dir='ltr'>τὸν</span> <span class='ocrx_word' id='word_1_47' title='bbox 1465 539 1620 593; x_wconf 78' lang='grc' dir='ltr'>’Ἂπιν</span> <span class='ocrx_word' id='word_1_48' title='bbox 1662 539 1777 595; x_wconf 80' lang='grc' dir='ltr'>τοὺς</span> <span class='ocrx_word' id='word_1_49' title='bbox 1822 539 1970 608; x_wconf 82' lang='grc' dir='ltr'>ἱρέας.</span> 
     </span>
     <span class='ocr_line' id='line_1_7' title="bbox 247 623 1974 694; baseline -0.002 -13"><span class='ocrx_word' id='word_1_50' title='bbox 247 652 271 683; x_wconf 90' lang='lat'><strong>2</strong></span> <span class='ocrx_word' id='word_1_51' title='bbox 309 631 354 681; x_wconf 90' lang='grc' dir='ltr'>οἱ</span> <span class='ocrx_word' id='word_1_52' title='bbox 384 631 476 694; x_wconf 77' lang='grc' dir='ltr'>μὲν</span> <span class='ocrx_word' id='word_1_53' title='bbox 507 627 564 692; x_wconf 77' lang='grc' dir='ltr'>δὴ</span> <span class='ocrx_word' id='word_1_54' title='bbox 602 625 846 693; x_wconf 88' lang='grc' dir='ltr'>μετήισαν</span> <span class='ocrx_word' id='word_1_55' title='bbox 875 625 1094 692; x_wconf 82' lang='grc' dir='ltr'>ἄξοντες.</span> <span class='ocrx_word' id='word_1_56' title='bbox 1184 627 1210 677; x_wconf 99' lang='lat'><em>6</em></span> <span class='ocrx_word' id='word_1_57' title='bbox 1240 628 1294 678; x_wconf 81' lang='grc' dir='ltr'>δὲ</span> <span class='ocrx_word' id='word_1_58' title='bbox 1325 624 1478 679; x_wconf 57' lang='grc' dir='ltr'>φΑπις</span> <span class='ocrx_word' id='word_1_59' title='bbox 1507 625 1648 678; x_wconf 77' lang='grc' dir='ltr'>οὗτος</span> <span class='ocrx_word' id='word_1_60' title='bbox 1678 625 1705 675; x_wconf 91' lang='lat'><em>6</em></span> <span class='ocrx_word' id='word_1_61' title='bbox 1735 623 1974 692; x_wconf 89' lang='grc' dir='ltr'>Ἔπαφος</span> 
     </span>
     <span class='ocr_line' id='line_1_8' title="bbox 0 708 1974 780; baseline -0.003 -14"><span class='ocrx_word' id='word_1_62' title='bbox 0 719 213 776; x_wconf 50' lang='lat' dir='ltr'>„vm-md</span> <span class='ocrx_word' id='word_1_63' title='bbox 308 715 500 780; x_wconf 87' lang='grc' dir='ltr'>γίνεται</span> <span class='ocrx_word' id='word_1_64' title='bbox 521 712 718 780; x_wconf 83' lang='grc' dir='ltr'>μόσχος</span> <span class='ocrx_word' id='word_1_65' title='bbox 742 714 795 764; x_wconf 91' lang='grc' dir='ltr'>ἐκ</span> <span class='ocrx_word' id='word_1_66' title='bbox 825 710 950 777; x_wconf 86' lang='grc' dir='ltr'>βοὸς</span> <span class='ocrx_word' id='word_1_67' title='bbox 974 711 1081 776; x_wconf 86' lang='grc' dir='ltr'>ἥτις</span> <span class='ocrx_word' id='word_1_68' title='bbox 1102 709 1265 762; x_wconf 83' lang='grc' dir='ltr'>οὐκέτι</span> <span class='ocrx_word' id='word_1_69' title='bbox 1288 711 1365 775; x_wconf 81' lang='grc' dir='ltr'>οἵη</span> <span class='ocrx_word' id='word_1_70' title='bbox 1389 732 1444 762; x_wconf 89' lang='grc' dir='ltr'>τε</span> <span class='ocrx_word' id='word_1_71' title='bbox 1466 711 1656 777; x_wconf 87' lang='grc' dir='ltr'>γίνεται</span> <span class='ocrx_word' id='word_1_72' title='bbox 1678 710 1730 764; x_wconf 92' lang='grc' dir='ltr'>ἐς</span> <span class='ocrx_word' id='word_1_73' title='bbox 1752 708 1974 776; x_wconf 89' lang='grc' dir='ltr'>γαστέρα</span> 
     </span>
     <span class='ocr_line' id='line_1_9' title="bbox 309 792 1972 863; baseline -0.002 -14"><span class='ocrx_word' id='word_1_74' title='bbox 309 797 467 850; x_wconf 86' lang='grc' dir='ltr'>ἄλλον</span> <span class='ocrx_word' id='word_1_75' title='bbox 503 796 795 863; x_wconf 86' lang='grc' dir='ltr'>βάλλεσθαι</span> <span class='ocrx_word' id='word_1_76' title='bbox 825 796 990 863; x_wconf 92' lang='grc' dir='ltr'>γόνον.</span> <span class='ocrx_word' id='word_1_77' title='bbox 1081 794 1346 862; x_wconf 89' lang='grc' dir='ltr'>Αἰγύπτιοι</span> <span class='ocrx_word' id='word_1_78' title='bbox 1382 796 1436 847; x_wconf 82' lang='grc' dir='ltr'>δὲ</span> <span class='ocrx_word' id='word_1_79' title='bbox 1471 793 1685 861; x_wconf 90' lang='grc' dir='ltr'>λέγουσι</span> <span class='ocrx_word' id='word_1_80' title='bbox 1721 792 1878 848; x_wconf 86' lang='grc' dir='ltr'>σέλας</span> <span class='ocrx_word' id='word_1_81' title='bbox 1917 795 1972 846; x_wconf 89' lang='grc' dir='ltr'>ἐκ</span> 
     </span>
     <span class='ocr_line' id='line_1_10' title="bbox 0 877 1973 967; baseline -0.002 -34"><span class='ocrx_word' id='word_1_82' title='bbox 0 908 208 967; x_wconf 51' lang='lat' dir='ltr'>„am</span> <span class='ocrx_word' id='word_1_83' title='bbox 230 886 393 965; x_wconf 37' lang='grc' dir='ltr'>Μτοῦ</span> <span class='ocrx_word' id='word_1_84' title='bbox 439 881 646 949; x_wconf 82' lang='grc' dir='ltr'>οὐρανοῦ</span> <span class='ocrx_word' id='word_1_85' title='bbox 693 880 775 933; x_wconf 87' lang='grc' dir='ltr'>ἐπὶ</span> <span class='ocrx_word' id='word_1_86' title='bbox 819 879 911 945; x_wconf 81' lang='grc' dir='ltr'>τὴν</span> <span class='ocrx_word' id='word_1_87' title='bbox 962 883 1090 946; x_wconf 82' lang='grc' dir='ltr'>βοῦν</span> <span class='ocrx_word' id='word_1_88' title='bbox 1139 880 1398 948; x_wconf 64' lang='grc' dir='ltr'>καὶζσχειν</span> <span class='ocrx_word' id='word_1_89' title='bbox 1447 879 1531 930; x_wconf 90' lang='grc' dir='ltr'>καί</span> <span class='ocrx_word' id='word_1_90' title='bbox 1572 899 1657 943; x_wconf 94' lang='grc' dir='ltr'>μιν</span> <span class='ocrx_word' id='word_1_91' title='bbox 1701 878 1755 928; x_wconf 87' lang='grc' dir='ltr'>ἐκ</span> <span class='ocrx_word' id='word_1_92' title='bbox 1798 877 1973 930; x_wconf 91' lang='grc' dir='ltr'>τούτου</span> 
     </span>
     <span class='ocr_line' id='line_1_11' title="bbox 249 960 1968 1032; baseline -0.002 -14"><span class='ocrx_word' id='word_1_93' title='bbox 249 987 273 1029; x_wconf 83' lang='lat'>3</span> <span class='ocrx_word' id='word_1_94' title='bbox 307 967 491 1019; x_wconf 88' lang='grc' dir='ltr'>τίκτειν</span> <span class='ocrx_word' id='word_1_95' title='bbox 521 965 609 1018; x_wconf 87' lang='grc' dir='ltr'>τὸν</span> <span class='ocrx_word' id='word_1_96' title='bbox 630 964 802 1031; x_wconf 52' lang='grc' dir='ltr'>ῗΑπιν.</span> <span class='ocrx_word' id='word_1_97' title='bbox 891 964 999 1032; x_wconf 81' lang='grc' dir='ltr'>ἔχει</span> <span class='ocrx_word' id='word_1_98' title='bbox 1027 966 1081 1016; x_wconf 78' lang='grc' dir='ltr'>δὲ</span> <span class='ocrx_word' id='word_1_99' title='bbox 1113 964 1139 1014; x_wconf 92' lang='lat'><em>6</em></span> <span class='ocrx_word' id='word_1_100' title='bbox 1167 964 1361 1032; x_wconf 82' lang='grc' dir='ltr'>μόσχος</span> <span class='ocrx_word' id='word_1_101' title='bbox 1391 962 1534 1026; x_wconf 78' lang='grc' dir='ltr'>οὗτος</span> <span class='ocrx_word' id='word_1_102' title='bbox 1563 963 1590 1013; x_wconf 86' lang='grc' dir='ltr'>ὁ</span> <span class='ocrx_word' id='word_1_103' title='bbox 1611 960 1763 1016; x_wconf 55' lang='grc' dir='ltr'>9Απις</span> <span class='ocrx_word' id='word_1_104' title='bbox 1794 963 1968 1014; x_wconf 80' lang='grc' dir='ltr'>καλεό-</span> 
     </span>
     <span class='ocr_line' id='line_1_12' title="bbox 306 1045 1970 1117; baseline -0.002 -15"><span class='ocrx_word' id='word_1_105' title='bbox 306 1073 453 1116; x_wconf 86' lang='grc' dir='ltr'>μενος</span> <span class='ocrx_word' id='word_1_106' title='bbox 485 1049 675 1116; x_wconf 91' lang='grc' dir='ltr'>σημήια</span> <span class='ocrx_word' id='word_1_107' title='bbox 705 1048 886 1109; x_wconf 86' lang='grc' dir='ltr'>τοιάδε,</span> <span class='ocrx_word' id='word_1_108' title='bbox 914 1049 1010 1101; x_wconf 87' lang='grc' dir='ltr'>ἐὼν</span> <span class='ocrx_word' id='word_1_109' title='bbox 1038 1047 1196 1114; x_wconf 87' lang='grc' dir='ltr'>μέλας</span> <span class='ocrx_word' id='word_1_110' title='bbox 1225 1047 1306 1100; x_wconf 89' lang='grc' dir='ltr'>ἐπὶ</span> <span class='ocrx_word' id='word_1_111' title='bbox 1335 1050 1428 1114; x_wconf 79' lang='grc' dir='ltr'>μὲν</span> <span class='ocrx_word' id='word_1_112' title='bbox 1457 1051 1525 1117; x_wconf 82' lang='grc' dir='ltr'>τῷ</span> <span class='ocrx_word' id='word_1_113' title='bbox 1554 1046 1762 1116; x_wconf 81' lang='grc' dir='ltr'>μετώπῳ</span> <span class='ocrx_word' id='word_1_114' title='bbox 1791 1045 1970 1099; x_wconf 86' lang='grc' dir='ltr'>λευκὸν</span> 
     </span>
     <span class='ocr_line' id='line_1_13' title="bbox 0 1130 1970 1224; baseline -0.003 -36"><span class='ocrx_word' id='word_1_115' title='bbox 0 1176 99 1223; x_wconf 39' lang='grc' dir='ltr'><em>ἡ</em></span> <span class='ocrx_word' id='word_1_116' title='bbox 118 1166 292 1224; x_wconf 46' lang='grc' dir='ltr'>’,ψ</span> <span class='ocrx_word' id='word_1_117' title='bbox 306 1135 634 1203; x_wconf 85' lang='grc' dir='ltr'>τετράγωνον,</span> <span class='ocrx_word' id='word_1_118' title='bbox 667 1134 749 1186; x_wconf 88' lang='grc' dir='ltr'>ἐπὶ</span> <span class='ocrx_word' id='word_1_119' title='bbox 784 1136 838 1186; x_wconf 61' lang='grc' dir='ltr'>δί</span> <span class='ocrx_word' id='word_1_120' title='bbox 867 1138 954 1186; x_wconf 86' lang='grc' dir='ltr'>τοῦ</span> <span class='ocrx_word' id='word_1_121' title='bbox 993 1133 1152 1186; x_wconf 82' lang='grc' dir='ltr'>νώτου</span> <span class='ocrx_word' id='word_1_122' title='bbox 1189 1131 1355 1184; x_wconf 85' lang='grc' dir='ltr'>αἰετὸν</span> <span class='ocrx_word' id='word_1_123' title='bbox 1391 1130 1702 1197; x_wconf 91' lang='grc' dir='ltr'>εἰκασμένον,</span> <span class='ocrx_word' id='word_1_124' title='bbox 1736 1132 1791 1183; x_wconf 92' lang='grc' dir='ltr'>ἐν</span> <span class='ocrx_word' id='word_1_125' title='bbox 1827 1132 1880 1184; x_wconf 78' lang='grc' dir='ltr'>δὲ</span> <span class='ocrx_word' id='word_1_126' title='bbox 1908 1137 1970 1204; x_wconf 82' lang='grc' dir='ltr'>τῇ</span> 
     </span>
     <span class='ocr_line' id='line_1_14' title="bbox 5 1214 1971 1293; baseline -0.001 -23"><span class='ocrx_word' id='word_1_127' title='bbox 5 1227 267 1282; x_wconf 54' lang='grc' dir='ltr'>..επακ-529</span> <span class='ocrx_word' id='word_1_128' title='bbox 307 1220 425 1293; x_wconf 82' lang='grc' dir='ltr'>οὐρῇ</span> <span class='ocrx_word' id='word_1_129' title='bbox 455 1221 541 1273; x_wconf 81' lang='grc' dir='ltr'>τὰς</span> <span class='ocrx_word' id='word_1_130' title='bbox 571 1220 745 1286; x_wconf 85' lang='grc' dir='ltr'>τρίχας</span> <span class='ocrx_word' id='word_1_131' title='bbox 775 1216 971 1277; x_wconf 89' lang='grc' dir='ltr'>διπλάς,</span> <span class='ocrx_word' id='word_1_132' title='bbox 1004 1216 1100 1270; x_wconf 85' lang='grc' dir='ltr'>ὑπὸ</span> <span class='ocrx_word' id='word_1_133' title='bbox 1129 1219 1183 1269; x_wconf 79' lang='grc' dir='ltr'>δὲ</span> <span class='ocrx_word' id='word_1_134' title='bbox 1212 1217 1271 1288; x_wconf 82' lang='grc' dir='ltr'>τῇ</span> <span class='ocrx_word' id='word_1_135' title='bbox 1301 1216 1520 1288; x_wconf 82' lang='grc' dir='ltr'>γλώσσῃ</span> <span class='ocrx_word' id='word_1_136' title='bbox 1556 1214 1815 1282; x_wconf 58' lang='grc' dir='ltr'>κάνθαρον.</span> <span class='ocrx_word' id='word_1_137' title='bbox 1904 1214 1971 1270; x_wconf 84' lang='grc' dir='ltr'>ὡς</span> 
     </span>
     <span class='ocr_line' id='line_1_15' title="bbox 306 1299 1966 1371; baseline -0.003 -15"><span class='ocrx_word' id='word_1_138' title='bbox 306 1306 359 1357; x_wconf 80' lang='grc' dir='ltr'>δὲ</span> <span class='ocrx_word' id='word_1_139' title='bbox 399 1303 590 1371; x_wconf 87' lang='grc' dir='ltr'>ἤγαγον</span> <span class='ocrx_word' id='word_1_140' title='bbox 631 1302 718 1355; x_wconf 86' lang='grc' dir='ltr'>τὸν</span> <span class='ocrx_word' id='word_1_141' title='bbox 746 1301 902 1355; x_wconf 75' lang='grc' dir='ltr'>’Ἄπιν</span> <span class='ocrx_word' id='word_1_142' title='bbox 942 1305 988 1355; x_wconf 90' lang='grc' dir='ltr'>οἱ</span> <span class='ocrx_word' id='word_1_143' title='bbox 1030 1301 1172 1369; x_wconf 84' lang='grc' dir='ltr'>ἱρέες,</span> <span class='ocrx_word' id='word_1_144' title='bbox 1206 1302 1232 1352; x_wconf 91' lang='lat'><em>6</em></span> <span class='ocrx_word' id='word_1_145' title='bbox 1264 1301 1559 1366; x_wconf 80' lang='grc' dir='ltr'>Καμβύσης,</span> <span class='ocrx_word' id='word_1_146' title='bbox 1592 1301 1672 1352; x_wconf 80' lang='grc' dir='ltr'>οἵα</span> <span class='ocrx_word' id='word_1_147' title='bbox 1710 1299 1808 1351; x_wconf 87' lang='grc' dir='ltr'>ἐὼν</span> <span class='ocrx_word' id='word_1_148' title='bbox 1845 1300 1966 1352; x_wconf 80' lang='grc' dir='ltr'>ὑπο-</span> 
     </span>
     <span class='ocr_line' id='line_1_16' title="bbox 0 1382 1969 1485; baseline -0.002 -45"><span class='ocrx_word' id='word_1_149' title='bbox 0 1403 104 1485; x_wconf 60' lang='grc' dir='ltr'>απϋ</span> <span class='ocrx_word' id='word_1_150' title='bbox 303 1389 622 1456; x_wconf 64' lang='grc' dir='ltr'>μαργότερος,</span> <span class='ocrx_word' id='word_1_151' title='bbox 666 1386 992 1453; x_wconf 86' lang='grc' dir='ltr'>σπασάμενος</span> <span class='ocrx_word' id='word_1_152' title='bbox 1030 1390 1086 1438; x_wconf 88' lang='grc' dir='ltr'>τὸ</span> <span class='ocrx_word' id='word_1_153' title='bbox 1126 1386 1440 1454; x_wconf 89' lang='grc' dir='ltr'>ἐγχειρίδιον,</span> <span class='ocrx_word' id='word_1_154' title='bbox 1483 1382 1644 1436; x_wconf 89' lang='grc' dir='ltr'>θέλων</span> <span class='ocrx_word' id='word_1_155' title='bbox 1683 1383 1840 1451; x_wconf 81' lang='grc' dir='ltr'>τύψαι</span> <span class='ocrx_word' id='word_1_156' title='bbox 1878 1382 1969 1448; x_wconf 83' lang='grc' dir='ltr'>τὴν</span> 
     </span>
     <span class='ocr_line' id='line_1_17' title="bbox 303 1465 1969 1540; baseline -0.001 -16"><span class='ocrx_word' id='word_1_157' title='bbox 303 1472 528 1540; x_wconf 88' lang='grc' dir='ltr'>γαστέρα</span> <span class='ocrx_word' id='word_1_158' title='bbox 558 1476 644 1524; x_wconf 84' lang='grc' dir='ltr'>τοῦ</span> <span class='ocrx_word' id='word_1_159' title='bbox 667 1470 848 1526; x_wconf 60' lang='grc' dir='ltr'>νΑπιος</span> <span class='ocrx_word' id='word_1_160' title='bbox 879 1471 1011 1524; x_wconf 90' lang='grc' dir='ltr'>παίει</span> <span class='ocrx_word' id='word_1_161' title='bbox 1042 1469 1130 1522; x_wconf 85' lang='grc' dir='ltr'>τὸν</span> <span class='ocrx_word' id='word_1_162' title='bbox 1159 1470 1331 1537; x_wconf 90' lang='grc' dir='ltr'>μηρόν·</span> <span class='ocrx_word' id='word_1_163' title='bbox 1376 1467 1601 1537; x_wconf 90' lang='grc' dir='ltr'>γελάσας</span> <span class='ocrx_word' id='word_1_164' title='bbox 1631 1470 1685 1521; x_wconf 82' lang='grc' dir='ltr'>δὲ</span> <span class='ocrx_word' id='word_1_165' title='bbox 1715 1465 1824 1521; x_wconf 83' lang='grc' dir='ltr'>εἶπε</span> <span class='ocrx_word' id='word_1_166' title='bbox 1846 1467 1969 1536; x_wconf 87' lang='grc' dir='ltr'>πρὸς</span> 
     </span>
     <span class='ocr_line' id='line_1_18' title="bbox 246 1553 1964 1623; baseline -0.004 -12"><span class='ocrx_word' id='word_1_167' title='bbox 246 1580 270 1611; x_wconf 89' lang='lat'>2</span> <span class='ocrx_word' id='word_1_168' title='bbox 305 1557 420 1611; x_wconf 80' lang='grc' dir='ltr'>τοὺς</span> <span class='ocrx_word' id='word_1_169' title='bbox 472 1555 619 1623; x_wconf 89' lang='grc' dir='ltr'>ἱρέας·</span> <span class='ocrx_word' id='word_1_170' title='bbox 678 1554 753 1606; x_wconf 69' lang='grc' dir='ltr'>””Ω</span> <span class='ocrx_word' id='word_1_171' title='bbox 807 1555 949 1607; x_wconf 89' lang='grc' dir='ltr'>κακαὶ</span> <span class='ocrx_word' id='word_1_172' title='bbox 1003 1555 1235 1622; x_wconf 89' lang='grc' dir='ltr'>κεφαλαί,</span> <span class='ocrx_word' id='word_1_173' title='bbox 1289 1558 1503 1605; x_wconf 83' lang='grc' dir='ltr'>τοιοῦτοι</span> <span class='ocrx_word' id='word_1_174' title='bbox 1560 1553 1664 1605; x_wconf 88' lang='grc' dir='ltr'>θεοὶ</span> <span class='ocrx_word' id='word_1_175' title='bbox 1722 1553 1964 1619; x_wconf 85' lang='grc' dir='ltr'>γίνονται,</span> 
     </span>
     <span class='ocr_line' id='line_1_19' title="bbox 305 1634 1968 1709; baseline -0.003 -16"><span class='ocrx_word' id='word_1_176' title='bbox 305 1642 503 1707; x_wconf 84' lang='grc' dir='ltr'>ἔναιμοί</span> <span class='ocrx_word' id='word_1_177' title='bbox 525 1662 580 1709; x_wconf 77' lang='grc' dir='ltr'>τε</span> <span class='ocrx_word' id='word_1_178' title='bbox 605 1640 683 1692; x_wconf 87' lang='grc' dir='ltr'>καὶ</span> <span class='ocrx_word' id='word_1_179' title='bbox 709 1640 986 1707; x_wconf 84' lang='grc' dir='ltr'>σαρκώδεες</span> <span class='ocrx_word' id='word_1_180' title='bbox 1011 1639 1090 1691; x_wconf 89' lang='grc' dir='ltr'>καὶ</span> <span class='ocrx_word' id='word_1_181' title='bbox 1120 1637 1378 1693; x_wconf 79' lang='grc' dir='ltr'>ἐπαΐοντες</span> <span class='ocrx_word' id='word_1_182' title='bbox 1408 1637 1666 1704; x_wconf 88' lang='grc' dir='ltr'>σιδηρίων;</span> <span class='ocrx_word' id='word_1_183' title='bbox 1710 1634 1847 1702; x_wconf 83' lang='grc' dir='ltr'>ἄξιος</span> <span class='ocrx_word' id='word_1_184' title='bbox 1873 1635 1968 1702; x_wconf 86' lang='grc' dir='ltr'>μέν</span> 
     </span>
     <span class='ocr_line' id='line_1_20' title="bbox 303 1719 1963 1793; baseline -0.004 -15"><span class='ocrx_word' id='word_1_185' title='bbox 303 1747 363 1793; x_wconf 88' lang='grc' dir='ltr'>γε</span> <span class='ocrx_word' id='word_1_186' title='bbox 393 1726 678 1793; x_wconf 81' lang='grc' dir='ltr'>Αἰγυπτίων</span> <span class='ocrx_word' id='word_1_187' title='bbox 719 1724 862 1778; x_wconf 78' lang='grc' dir='ltr'>οὗτός</span> <span class='ocrx_word' id='word_1_188' title='bbox 897 1746 955 1790; x_wconf 87' lang='grc' dir='ltr'>γε</span> <span class='ocrx_word' id='word_1_189' title='bbox 986 1724 1012 1774; x_wconf 93' lang='lat'><em>6</em></span> <span class='ocrx_word' id='word_1_190' title='bbox 1043 1723 1170 1777; x_wconf 90' lang='grc' dir='ltr'>θεός·</span> <span class='ocrx_word' id='word_1_191' title='bbox 1217 1721 1343 1790; x_wconf 88' lang='grc' dir='ltr'>ἀτάρ</span> <span class='ocrx_word' id='word_1_192' title='bbox 1376 1743 1455 1774; x_wconf 93' lang='grc' dir='ltr'>τοι</span> <span class='ocrx_word' id='word_1_193' title='bbox 1489 1723 1627 1788; x_wconf 80' lang='grc' dir='ltr'>ὑμεῖς</span> <span class='ocrx_word' id='word_1_194' title='bbox 1661 1742 1721 1789; x_wconf 87' lang='grc' dir='ltr'>γε</span> <span class='ocrx_word' id='word_1_195' title='bbox 1754 1719 1813 1773; x_wconf 83' lang='grc' dir='ltr'>οὗ</span> <span class='ocrx_word' id='word_1_196' title='bbox 1850 1722 1963 1788; x_wconf 86' lang='grc' dir='ltr'>χαί-</span> 
     </span>
     <span class='ocr_line' id='line_1_21' title="bbox 302 1805 1966 1877; baseline -0.003 -15"><span class='ocrx_word' id='word_1_197' title='bbox 302 1831 473 1876; x_wconf 88' lang='grc' dir='ltr'>ροντες</span> <span class='ocrx_word' id='word_1_198' title='bbox 502 1809 700 1877; x_wconf 88' lang='grc' dir='ltr'>γέλωτα</span> <span class='ocrx_word' id='word_1_199' title='bbox 731 1810 815 1874; x_wconf 81' lang='grc' dir='ltr'>ἐμὲ</span> <span class='ocrx_word' id='word_1_200' title='bbox 848 1807 1085 1873; x_wconf 89' lang='grc' dir='ltr'>θήσεσθε.</span> <span class='ocrx_word' id='word_1_201' title='bbox 1161 1811 1314 1859; x_wconf 83' lang='grc' dir='ltr'>ταῦτα</span> <span class='ocrx_word' id='word_1_202' title='bbox 1349 1808 1490 1861; x_wconf 82' lang='grc' dir='ltr'>εἴπας</span> <span class='ocrx_word' id='word_1_203' title='bbox 1522 1805 1802 1858; x_wconf 84' lang='grc' dir='ltr'>ἐνετείλατο</span> <span class='ocrx_word' id='word_1_204' title='bbox 1830 1809 1966 1857; x_wconf 83' lang='grc' dir='ltr'>τοῖσι</span> 
     </span>
     <span class='ocr_line' id='line_1_22' title="bbox 302 1889 1966 1961; baseline -0.004 -15"><span class='ocrx_word' id='word_1_205' title='bbox 302 1899 455 1946; x_wconf 84' lang='grc' dir='ltr'>ταῦτα</span> <span class='ocrx_word' id='word_1_206' title='bbox 478 1892 768 1961; x_wconf 89' lang='grc' dir='ltr'>πρήσσουσι</span> <span class='ocrx_word' id='word_1_207' title='bbox 796 1892 911 1946; x_wconf 83' lang='grc' dir='ltr'>τοὺς</span> <span class='ocrx_word' id='word_1_208' title='bbox 940 1894 1031 1958; x_wconf 81' lang='grc' dir='ltr'>μὲν</span> <span class='ocrx_word' id='word_1_209' title='bbox 1062 1890 1195 1958; x_wconf 84' lang='grc' dir='ltr'>ἱρέας</span> <span class='ocrx_word' id='word_1_210' title='bbox 1225 1892 1658 1958; x_wconf 83' lang='grc' dir='ltr'>ἀπομαστιγῶσαι,</span> <span class='ocrx_word' id='word_1_211' title='bbox 1682 1889 1966 1957; x_wconf 83' lang='grc' dir='ltr'>Αἰγυπτίων</span> 
     </span>
     <span class='ocr_line' id='line_1_23' title="bbox 243 1969 1963 2044; baseline -0.003 -13"><span class='ocrx_word' id='word_1_212' title='bbox 243 2000 267 2043; x_wconf 87' lang='lat'>3</span> <span class='ocrx_word' id='word_1_213' title='bbox 302 1982 357 2031; x_wconf 79' lang='grc' dir='ltr'>δὲ</span> <span class='ocrx_word' id='word_1_214' title='bbox 379 1983 478 2031; x_wconf 82' lang='grc' dir='ltr'>τῶν</span> <span class='ocrx_word' id='word_1_215' title='bbox 508 1977 679 2030; x_wconf 83' lang='grc' dir='ltr'>ἄλλων</span> <span class='ocrx_word' id='word_1_216' title='bbox 702 1977 788 2030; x_wconf 83' lang='grc' dir='ltr'>τὸν</span> <span class='ocrx_word' id='word_1_217' title='bbox 819 1977 880 2029; x_wconf 81' lang='grc' dir='ltr'>ἂν</span> <span class='ocrx_word' id='word_1_218' title='bbox 909 1975 1116 2042; x_wconf 88' lang='grc' dir='ltr'>λάβωσι</span> <span class='ocrx_word' id='word_1_219' title='bbox 1147 1974 1416 2044; x_wconf 78' lang='grc' dir='ltr'>ὁρτάζοντα</span> <span class='ocrx_word' id='word_1_220' title='bbox 1439 1975 1665 2027; x_wconf 89' lang='grc' dir='ltr'>κτείνειν.</span> <span class='ocrx_word' id='word_1_221' title='bbox 1739 1969 1814 2039; x_wconf 75' lang='grc' dir='ltr'>(ἡ)</span> <span class='ocrx_word' id='word_1_222' title='bbox 1845 1971 1963 2040; x_wconf 82' lang='grc' dir='ltr'>ὁρτὴ</span> 
     </span>
     <span class='ocr_line' id='line_1_24' title="bbox 0 2055 1964 2132; baseline -0.003 -20"><span class='ocrx_word' id='word_1_223' title='bbox 0 2055 280 2130; x_wconf 46' lang='grc' dir='ltr'>κροκι-’.ωδ</span> <span class='ocrx_word' id='word_1_224' title='bbox 300 2065 392 2127; x_wconf 79' lang='grc' dir='ltr'>μὲν</span> <span class='ocrx_word' id='word_1_225' title='bbox 423 2062 480 2127; x_wconf 78' lang='grc' dir='ltr'>δὴ</span> <span class='ocrx_word' id='word_1_226' title='bbox 513 2061 770 2114; x_wconf 91' lang='grc' dir='ltr'>διελέλυτο</span> <span class='ocrx_word' id='word_1_227' title='bbox 802 2061 1137 2128; x_wconf 89' lang='grc' dir='ltr'>Αἰγυπτίοισι,</span> <span class='ocrx_word' id='word_1_228' title='bbox 1169 2063 1216 2112; x_wconf 90' lang='grc' dir='ltr'>οἱ</span> <span class='ocrx_word' id='word_1_229' title='bbox 1248 2062 1300 2112; x_wconf 82' lang='grc' dir='ltr'>δὲ</span> <span class='ocrx_word' id='word_1_230' title='bbox 1338 2059 1462 2127; x_wconf 89' lang='grc' dir='ltr'>ἱρέες</span> <span class='ocrx_word' id='word_1_231' title='bbox 1503 2061 1819 2132; x_wconf 44' lang='grc' dir='ltr'>ἐδικοέεῦντο,</span> <span class='ocrx_word' id='word_1_232' title='bbox 1853 2057 1881 2107; x_wconf 92' lang='lat'><em>6</em></span> <span class='ocrx_word' id='word_1_233' title='bbox 1910 2059 1964 2108; x_wconf 85' lang='grc' dir='ltr'>δὲ</span> 
     </span>
     <span class='ocr_line' id='line_1_25' title="bbox 293 2141 1962 2213; baseline -0.003 -16"><span class='ocrx_word' id='word_1_234' title='bbox 293 2146 447 2200; x_wconf 50' lang='grc' dir='ltr'>ῳΑπις</span> <span class='ocrx_word' id='word_1_235' title='bbox 488 2145 839 2213; x_wconf 90' lang='grc' dir='ltr'>πεπληγμένος</span> <span class='ocrx_word' id='word_1_236' title='bbox 874 2144 961 2197; x_wconf 89' lang='grc' dir='ltr'>τὸν</span> <span class='ocrx_word' id='word_1_237' title='bbox 1000 2143 1154 2211; x_wconf 86' lang='grc' dir='ltr'>μηρὸν</span> <span class='ocrx_word' id='word_1_238' title='bbox 1195 2144 1371 2212; x_wconf 83' lang='grc' dir='ltr'>ἔφθινε</span> <span class='ocrx_word' id='word_1_239' title='bbox 1411 2145 1464 2195; x_wconf 92' lang='grc' dir='ltr'>ἐν</span> <span class='ocrx_word' id='word_1_240' title='bbox 1503 2147 1571 2212; x_wconf 77' lang='grc' dir='ltr'>τῷ</span> <span class='ocrx_word' id='word_1_241' title='bbox 1613 2145 1700 2212; x_wconf 78' lang='grc' dir='ltr'>ἱρῷ</span> <span class='ocrx_word' id='word_1_242' title='bbox 1741 2141 1962 2193; x_wconf 80' lang='grc' dir='ltr'>κατακεί-</span> 
     </span>
     <span class='ocr_line' id='line_1_26' title="bbox 299 2225 1963 2295; baseline -0.004 -12"><span class='ocrx_word' id='word_1_243' title='bbox 299 2252 462 2295; x_wconf 90' lang='grc' dir='ltr'>μενος.</span> <span class='ocrx_word' id='word_1_244' title='bbox 539 2231 616 2282; x_wconf 88' lang='grc' dir='ltr'>καὶ</span> <span class='ocrx_word' id='word_1_245' title='bbox 646 2230 733 2282; x_wconf 85' lang='grc' dir='ltr'>τὸν</span> <span class='ocrx_word' id='word_1_246' title='bbox 761 2232 852 2295; x_wconf 77' lang='grc' dir='ltr'>μὲν</span> <span class='ocrx_word' id='word_1_247' title='bbox 882 2227 1252 2294; x_wconf 88' lang='grc' dir='ltr'>τελευτήσαντα</span> <span class='ocrx_word' id='word_1_248' title='bbox 1281 2230 1335 2280; x_wconf 90' lang='grc' dir='ltr'>ἐκ</span> <span class='ocrx_word' id='word_1_249' title='bbox 1365 2232 1451 2279; x_wconf 81' lang='grc' dir='ltr'>τοῦ</span> <span class='ocrx_word' id='word_1_250' title='bbox 1479 2227 1732 2295; x_wconf 87' lang='grc' dir='ltr'>τρώματος</span> <span class='ocrx_word' id='word_1_251' title='bbox 1765 2225 1963 2294; x_wconf 78' lang='grc' dir='ltr'>ἔθαψαν</span> 
     </span>
     <span class='ocr_line' id='line_1_27' title="bbox 299 2313 1028 2387; baseline -0.004 -21"><span class='ocrx_word' id='word_1_252' title='bbox 299 2317 344 2367; x_wconf 86' lang='grc' dir='ltr'>οἱ</span> <span class='ocrx_word' id='word_1_253' title='bbox 378 2314 503 2382; x_wconf 89' lang='grc' dir='ltr'>ἱρέες</span> <span class='ocrx_word' id='word_1_254' title='bbox 533 2314 694 2387; x_wconf 86' lang='grc' dir='ltr'>λάθρῃ</span> <span class='ocrx_word' id='word_1_255' title='bbox 725 2313 1028 2380; x_wconf 89' lang='grc' dir='ltr'>Καμβύσεω.</span> 
     </span>
    </p>
   </div>
   <div class='ocr_carea' id='block_1_3' title="bbox 297 2446 1963 2938">
    <p class='ocr_par' dir='ltr' id='par_1_3' title="bbox 297 2446 1963 2938">
     <span class='ocr_line' id='line_1_28' title="bbox 356 2446 1963 2504; baseline -0.005 -10"><span class='ocrx_word' id='word_1_256' title='bbox 356 2467 375 2493; x_wconf 93' lang='lat'>1</span> <span class='ocrx_word' id='word_1_257' title='bbox 409 2452 580 2494; x_wconf 84' lang='grc' dir='ltr'>θανάτου</span> <span class='ocrx_word' id='word_1_258' title='bbox 602 2451 641 2489; x_wconf 90' lang='lat' dir='ltr'><strong>R</strong></span> <span class='ocrx_word' id='word_1_259' title='bbox 808 2465 833 2490; x_wconf 88' lang='lat'><strong>2</strong></span> <span class='ocrx_word' id='word_1_260' title='bbox 862 2453 930 2504; x_wconf 83' lang='grc' dir='ltr'>ἴερ.</span> <span class='ocrx_word' id='word_1_261' title='bbox 952 2449 1007 2489; x_wconf 89' lang='grc' dir='ltr'>Α1</span> <span class='ocrx_word' id='word_1_262' title='bbox 1026 2450 1064 2488; x_wconf 87' lang='lat' dir='ltr'><strong>R</strong></span> <span class='ocrx_word' id='word_1_263' title='bbox 1078 2450 1117 2490; x_wconf 92' lang='lat' dir='ltr'>V</span> <span class='ocrx_word' id='word_1_264' title='bbox 1278 2461 1303 2499; x_wconf 88' lang='lat'>3</span> <span class='ocrx_word' id='word_1_265' title='bbox 1332 2449 1384 2490; x_wconf 80' lang='grc' dir='ltr'>τὰ</span> <span class='ocrx_word' id='word_1_266' title='bbox 1405 2448 1507 2490; x_wconf 78' lang='grc' dir='ltr'>αὐτὰ</span> <span class='ocrx_word' id='word_1_267' title='bbox 1527 2447 1561 2487; x_wconf 87' lang='grc' dir='ltr'>Ρ</span> <span class='ocrx_word' id='word_1_268' title='bbox 1575 2447 1611 2486; x_wconf 87' lang='lat' dir='ltr'>R</span> <span class='ocrx_word' id='word_1_269' title='bbox 1627 2447 1666 2486; x_wconf 96' lang='lat' dir='ltr'>V</span> <span class='ocrx_word' id='word_1_270' title='bbox 1775 2450 1844 2500; x_wconf 82' lang='grc' dir='ltr'>ἴερ.</span> <span class='ocrx_word' id='word_1_271' title='bbox 1871 2446 1963 2486; x_wconf 89' lang='lat' dir='ltr'>RV</span> 
     </span>
     <span class='ocr_line' id='line_1_29' title="bbox 297 2501 1957 2560; baseline -0.005 -10"><span class='ocrx_word' id='word_1_272' title='bbox 297 2519 323 2558; x_wconf 90' lang='grc'>5</span> <span class='ocrx_word' id='word_1_273' title='bbox 363 2509 479 2560; x_wconf 74' lang='grc' dir='ltr'>ἄγειν</span> <span class='ocrx_word' id='word_1_274' title='bbox 519 2506 658 2546; x_wconf 89' lang='lat' dir='ltr'>RSV</span> <span class='ocrx_word' id='word_1_275' title='bbox 795 2508 865 2560; x_wconf 84' lang='grc' dir='ltr'>ἴερ.</span> <span class='ocrx_word' id='word_1_276' title='bbox 900 2506 940 2544; x_wconf 89' lang='lat' dir='ltr'>R</span> <span class='ocrx_word' id='word_1_277' title='bbox 961 2506 1001 2544; x_wconf 93' lang='lat' dir='ltr'>V</span> <span class='ocrx_word' id='word_1_278' title='bbox 1218 2506 1246 2543; x_wconf 91' lang='lat'><em>6</em></span> <span class='ocrx_word' id='word_1_279' title='bbox 1273 2507 1473 2555; x_wconf 84' lang='grc' dir='ltr'>μετῆισαν</span> <span class='ocrx_word' id='word_1_280' title='bbox 1501 2502 1620 2541; x_wconf 85' lang='lat' dir='ltr'>AB:</span> <span class='ocrx_word' id='word_1_281' title='bbox 1653 2505 1838 2553; x_wconf 82' lang='grc' dir='ltr'>μετῆσαν</span> <span class='ocrx_word' id='word_1_282' title='bbox 1867 2501 1957 2542; x_wconf 85' lang='lat' dir='ltr'><strong>rell.</strong></span> 
     </span>
     <span class='ocr_line' id='line_1_30' title="bbox 297 2557 1961 2611; baseline -0.004 -7"><span class='ocrx_word' id='word_1_283' title='bbox 297 2562 415 2604; x_wconf 68' lang='grc' dir='ltr'>οὗτος</span> <span class='ocrx_word' id='word_1_284' title='bbox 444 2575 526 2603; x_wconf 86' lang='lat' dir='ltr'>om.</span> <span class='ocrx_word' id='word_1_285' title='bbox 557 2561 588 2601; x_wconf 89' lang='lat' dir='ltr'>S</span> <span class='ocrx_word' id='word_1_286' title='bbox 602 2561 640 2600; x_wconf 94' lang='lat' dir='ltr'>V</span> <span class='ocrx_word' id='word_1_287' title='bbox 858 2561 884 2599; x_wconf 90' lang='lat'>8</span> <span class='ocrx_word' id='word_1_288' title='bbox 914 2558 1114 2608; x_wconf 85' lang='grc' dir='ltr'>βαλέσθαι</span> <span class='ocrx_word' id='word_1_289' title='bbox 1137 2558 1176 2597; x_wconf 91' lang='lat' dir='ltr'><strong>R</strong></span> <span class='ocrx_word' id='word_1_290' title='bbox 1192 2558 1275 2598; x_wconf 88' lang='lat' dir='ltr'>SV</span> <span class='ocrx_word' id='word_1_291' title='bbox 1421 2561 1466 2599; x_wconf 88' lang='grc' dir='ltr'>ἐκ</span> <span class='ocrx_word' id='word_1_292' title='bbox 1485 2561 1556 2599; x_wconf 82' lang='grc' dir='ltr'>τοῦ</span> <span class='ocrx_word' id='word_1_293' title='bbox 1577 2559 1655 2611; x_wconf 83' lang='grc' dir='ltr'>οὗρ.</span> <span class='ocrx_word' id='word_1_294' title='bbox 1681 2558 1744 2598; x_wconf 82' lang='grc' dir='ltr'>ἐπὶ</span> <span class='ocrx_word' id='word_1_295' title='bbox 1765 2557 1842 2606; x_wconf 79' lang='grc' dir='ltr'>τὴν</span> <span class='ocrx_word' id='word_1_296' title='bbox 1861 2559 1961 2605; x_wconf 81' lang='grc' dir='ltr'>βοῦν</span> 
     </span>
     <span class='ocr_line' id='line_1_31' title="bbox 301 2610 1959 2666; baseline -0.004 -10"><span class='ocrx_word' id='word_1_297' title='bbox 301 2617 439 2657; x_wconf 86' lang='lat' dir='ltr'>RSV</span> <span class='ocrx_word' id='word_1_298' title='bbox 469 2616 660 2656; x_wconf 79' lang='lat' dir='ltr'><strong>Eustath.</strong></span> <span class='ocrx_word' id='word_1_299' title='bbox 696 2615 743 2656; x_wconf 90' lang='lat'>11.</span> <span class='ocrx_word' id='word_1_300' title='bbox 775 2628 879 2666; x_wconf 84' lang='lat'>133:</span> <span class='ocrx_word' id='word_1_301' title='bbox 915 2615 978 2656; x_wconf 82' lang='grc' dir='ltr'>ἐπὶ</span> <span class='ocrx_word' id='word_1_302' title='bbox 1007 2615 1085 2664; x_wconf 71' lang='grc' dir='ltr'>τὴν</span> <span class='ocrx_word' id='word_1_303' title='bbox 1111 2619 1151 2661; x_wconf 91' lang='grc' dir='ltr'>β.</span> <span class='ocrx_word' id='word_1_304' title='bbox 1174 2616 1220 2655; x_wconf 84' lang='grc' dir='ltr'>ἐκ</span> <span class='ocrx_word' id='word_1_305' title='bbox 1246 2616 1316 2655; x_wconf 84' lang='grc' dir='ltr'>τοῦ</span> <span class='ocrx_word' id='word_1_306' title='bbox 1343 2615 1424 2666; x_wconf 84' lang='grc' dir='ltr'>οὗρ.</span> <span class='ocrx_word' id='word_1_307' title='bbox 1446 2612 1538 2652; x_wconf 88' lang='lat' dir='ltr'>rell.</span> <span class='ocrx_word' id='word_1_308' title='bbox 1718 2624 1766 2649; x_wconf 88' lang='lat'>12</span> <span class='ocrx_word' id='word_1_309' title='bbox 1795 2610 1959 2664; x_wconf 79' lang='grc' dir='ltr'>τετράγ.</span> 
     </span>
     <span class='ocr_line' id='line_1_32' title="bbox 300 2665 1956 2725; baseline -0.005 -13"><span class='ocrx_word' id='word_1_310' title='bbox 300 2675 357 2724; x_wconf 89' lang='grc' dir='ltr'>(τ.</span> <span class='ocrx_word' id='word_1_311' title='bbox 385 2669 521 2725; x_wconf 81' lang='grc' dir='ltr'>φαρέει</span> <span class='ocrx_word' id='word_1_312' title='bbox 553 2671 674 2724; x_wconf 88' lang='lat' dir='ltr'>CP)]</span> <span class='ocrx_word' id='word_1_313' title='bbox 711 2688 752 2712; x_wconf 83' lang='grc' dir='ltr'>τι</span> <span class='ocrx_word' id='word_1_314' title='bbox 786 2671 984 2724; x_wconf 78' lang='grc' dir='ltr'>τρίγωνον</span> <span class='ocrx_word' id='word_1_315' title='bbox 1017 2668 1176 2719; x_wconf 87' lang='lat' dir='ltr'><strong>Caylus</strong></span> <span class='ocrx_word' id='word_1_316' title='bbox 1345 2680 1392 2717; x_wconf 87' lang='lat'>13</span> <span class='ocrx_word' id='word_1_317' title='bbox 1431 2668 1575 2708; x_wconf 82' lang='grc' dir='ltr'>διπλὰς</span> <span class='ocrx_word' id='word_1_318' title='bbox 1598 2667 1658 2706; x_wconf 95' lang='lat' dir='ltr'>V:</span> <span class='ocrx_word' id='word_1_319' title='bbox 1695 2669 1841 2708; x_wconf 79' lang='grc' dir='ltr'>διπλᾶς</span> <span class='ocrx_word' id='word_1_320' title='bbox 1867 2665 1956 2705; x_wconf 87' lang='lat' dir='ltr'><strong>rell.</strong></span> 
     </span>
     <span class='ocr_line' id='line_1_33' title="bbox 298 2720 1960 2777; baseline -0.004 -10"><span class='ocrx_word' id='word_1_321' title='bbox 298 2728 373 2767; x_wconf 80' lang='grc' dir='ltr'>ὑπὸ</span> <span class='ocrx_word' id='word_1_322' title='bbox 391 2727 415 2775; x_wconf 89' lang='lat' dir='ltr'>J</span> <span class='ocrx_word' id='word_1_323' title='bbox 422 2727 660 2777; x_wconf 85' lang='lat' dir='ltr'>ablonsky:</span> <span class='ocrx_word' id='word_1_324' title='bbox 691 2727 755 2767; x_wconf 82' lang='grc' dir='ltr'>ἐπὶ</span> <span class='ocrx_word' id='word_1_325' title='bbox 779 2725 813 2763; x_wconf 92' lang='lat' dir='ltr'>L</span> <span class='ocrx_word' id='word_1_326' title='bbox 997 2736 1046 2774; x_wconf 93' lang='lat'>14</span> <span class='ocrx_word' id='word_1_327' title='bbox 1077 2726 1147 2777; x_wconf 82' lang='grc' dir='ltr'>ἱερ.</span> <span class='ocrx_word' id='word_1_328' title='bbox 1170 2722 1203 2762; x_wconf 94' lang='lat' dir='ltr'>C</span> <span class='ocrx_word' id='word_1_329' title='bbox 1221 2722 1259 2760; x_wconf 90' lang='lat' dir='ltr'>R</span> <span class='ocrx_word' id='word_1_330' title='bbox 1386 2725 1408 2763; x_wconf 80' lang='grc' dir='ltr'><strong><em>ὁ</em></strong></span> <span class='ocrx_word' id='word_1_331' title='bbox 1427 2734 1508 2761; x_wconf 87' lang='lat' dir='ltr'>om.</span> <span class='ocrx_word' id='word_1_332' title='bbox 1536 2720 1627 2760; x_wconf 89' lang='lat' dir='ltr'>RV</span> <span class='ocrx_word' id='word_1_333' title='bbox 1747 2723 1860 2771; x_wconf 83' lang='grc' dir='ltr'>ὑπομ.</span> <span class='ocrx_word' id='word_1_334' title='bbox 1884 2721 1960 2762; x_wconf 79' lang='grc' dir='ltr'>ἐών</span> 
     </span>
     <span class='ocr_line' id='line_1_34' title="bbox 299 2775 1960 2834; baseline -0.002 -15"><span class='ocrx_word' id='word_1_335' title='bbox 299 2781 337 2819; x_wconf 88' lang='lat' dir='ltr'><strong>R</strong></span> <span class='ocrx_word' id='word_1_336' title='bbox 356 2781 386 2820; x_wconf 89' lang='lat' dir='ltr'>S</span> <span class='ocrx_word' id='word_1_337' title='bbox 399 2782 437 2819; x_wconf 95' lang='lat' dir='ltr'>V</span> <span class='ocrx_word' id='word_1_338' title='bbox 607 2794 653 2830; x_wconf 90' lang='lat'>17</span> <span class='ocrx_word' id='word_1_339' title='bbox 686 2782 755 2834; x_wconf 79' lang='grc' dir='ltr'>ἴερ.</span> <span class='ocrx_word' id='word_1_340' title='bbox 784 2780 823 2817; x_wconf 90' lang='lat' dir='ltr'>R</span> <span class='ocrx_word' id='word_1_341' title='bbox 947 2778 1145 2830; x_wconf 87' lang='grc' dir='ltr'>τοιοῦτοι]</span> <span class='ocrx_word' id='word_1_342' title='bbox 1166 2776 1276 2820; x_wconf 64' lang='grc' dir='ltr'>οὗτοι</span> <span class='ocrx_word' id='word_1_343' title='bbox 1297 2779 1333 2818; x_wconf 86' lang='grc' dir='ltr'>οἱ</span> <span class='ocrx_word' id='word_1_344' title='bbox 1350 2776 1391 2815; x_wconf 93' lang='grc' dir='ltr'>Α</span> <span class='ocrx_word' id='word_1_345' title='bbox 1405 2776 1439 2815; x_wconf 90' lang='grc' dir='ltr'>Β</span> <span class='ocrx_word' id='word_1_346' title='bbox 1455 2775 1490 2816; x_wconf 89' lang='lat' dir='ltr'>C</span> <span class='ocrx_word' id='word_1_347' title='bbox 1660 2777 1709 2815; x_wconf 85' lang='lat'>18</span> <span class='ocrx_word' id='word_1_348' title='bbox 1739 2775 1960 2816; x_wconf 75' lang='grc' dir='ltr'>εἰσαΐοντες</span> 
     </span>
     <span class='ocr_line' id='line_1_35' title="bbox 299 2830 1959 2889; baseline -0.002 -16"><span class='ocrx_word' id='word_1_349' title='bbox 299 2836 337 2873; x_wconf 90' lang='lat' dir='ltr'><strong>R</strong></span> <span class='ocrx_word' id='word_1_350' title='bbox 355 2836 385 2875; x_wconf 89' lang='lat' dir='ltr'>S</span> <span class='ocrx_word' id='word_1_351' title='bbox 402 2836 507 2889; x_wconf 88' lang='grc' dir='ltr'>(ἐσ-)</span> <span class='ocrx_word' id='word_1_352' title='bbox 520 2835 557 2873; x_wconf 95' lang='lat' dir='ltr'>V</span> <span class='ocrx_word' id='word_1_353' title='bbox 662 2848 712 2886; x_wconf 94' lang='lat'>19</span> <span class='ocrx_word' id='word_1_354' title='bbox 742 2848 804 2885; x_wconf 80' lang='lat' dir='ltr'>pr.</span> <span class='ocrx_word' id='word_1_355' title='bbox 820 2851 870 2887; x_wconf 82' lang='grc' dir='ltr'>γε</span> <span class='ocrx_word' id='word_1_356' title='bbox 891 2846 969 2873; x_wconf 90' lang='lat' dir='ltr'>om.</span> <span class='ocrx_word' id='word_1_357' title='bbox 996 2833 1036 2870; x_wconf 88' lang='lat' dir='ltr'><strong>R</strong></span> <span class='ocrx_word' id='word_1_358' title='bbox 1052 2832 1082 2872; x_wconf 89' lang='lat' dir='ltr'>S</span> <span class='ocrx_word' id='word_1_359' title='bbox 1094 2832 1134 2871; x_wconf 93' lang='lat' dir='ltr'>V</span> <span class='ocrx_word' id='word_1_360' title='bbox 1217 2830 1340 2884; x_wconf 77' lang='grc' dir='ltr'>αὐτάρ</span> <span class='ocrx_word' id='word_1_361' title='bbox 1356 2830 1390 2870; x_wconf 91' lang='lat' dir='ltr'>C</span> <span class='ocrx_word' id='word_1_362' title='bbox 1500 2842 1549 2868; x_wconf 86' lang='lat'>21</span> <span class='ocrx_word' id='word_1_363' title='bbox 1581 2830 1959 2883; x_wconf 79' lang='grc' dir='ltr'>ἀπομαστιγνώσειν</span> 
     </span>
     <span class='ocr_line' id='line_1_36' title="bbox 299 2885 1955 2938; baseline -0.003 -10"><span class='ocrx_word' id='word_1_364' title='bbox 299 2890 337 2927; x_wconf 90' lang='lat' dir='ltr'>R</span> <span class='ocrx_word' id='word_1_365' title='bbox 355 2890 384 2928; x_wconf 88' lang='lat' dir='ltr'>S</span> <span class='ocrx_word' id='word_1_366' title='bbox 400 2890 437 2928; x_wconf 92' lang='lat' dir='ltr'>V</span> <span class='ocrx_word' id='word_1_367' title='bbox 602 2902 654 2928; x_wconf 88' lang='lat'>22</span> <span class='ocrx_word' id='word_1_368' title='bbox 683 2891 709 2938; x_wconf 82' lang='grc' dir='ltr'>ἡ</span> <span class='ocrx_word' id='word_1_369' title='bbox 729 2889 821 2929; x_wconf 84' lang='lat' dir='ltr'>add.</span> <span class='ocrx_word' id='word_1_370' title='bbox 848 2888 1053 2927; x_wconf 82' lang='lat' dir='ltr'>Schaeser</span> <span class='ocrx_word' id='word_1_371' title='bbox 1208 2899 1261 2936; x_wconf 86' lang='lat'>23</span> <span class='ocrx_word' id='word_1_372' title='bbox 1292 2888 1494 2927; x_wconf 82' lang='grc' dir='ltr'>ἐδικεῦντο</span> <span class='ocrx_word' id='word_1_373' title='bbox 1518 2885 1556 2923; x_wconf 87' lang='lat' dir='ltr'>R</span> <span class='ocrx_word' id='word_1_374' title='bbox 1573 2885 1654 2925; x_wconf 88' lang='lat' dir='ltr'>SV</span> <span class='ocrx_word' id='word_1_375' title='bbox 1805 2896 1855 2933; x_wconf 83' lang='lat'>24</span> <span class='ocrx_word' id='word_1_376' title='bbox 1885 2885 1955 2936; x_wconf 77' lang='grc' dir='ltr'>ἱερ.</span> 
     </span>
    </p>
   </div>
   <div class='ocr_carea' id='block_1_4' title="bbox 297 2944 812 2997">
    <p class='ocr_par' dir='ltr' id='par_1_4' title="bbox 297 2944 812 2997">
     <span class='ocr_line' id='line_1_37' title="bbox 297 2944 812 2997; baseline -0.002 -15"><span class='ocrx_word' id='word_1_377' title='bbox 297 2945 435 2983; x_wconf 85' lang='lat' dir='ltr'>ABC</span> <span class='ocrx_word' id='word_1_378' title='bbox 604 2946 657 2982; x_wconf 85' lang='lat'>26</span> <span class='ocrx_word' id='word_1_379' title='bbox 685 2947 753 2997; x_wconf 72' lang='grc' dir='ltr'>ἱερ.</span> <span class='ocrx_word' id='word_1_380' title='bbox 779 2944 812 2981; x_wconf 85' lang='lat' dir='ltr'><strong>c</strong></span> 
     </span>
    </p>
   </div>
   <div class='ocr_carea' id='block_1_5' title="bbox 1998 544 2098 604">
    <p class='ocr_par' dir='ltr' id='par_1_5' title="bbox 1998 544 2098 604">
     <span class='ocr_line' id='line_1_38' title="bbox 1998 544 2098 604; baseline 0 -58"><span class='ocrx_word' id='word_1_381' title='bbox 1998 544 2098 604; x_wconf 67' lang='grc'>5,,</span> 
     </span>
    </p>
   </div>
   <div class='ocr_carea' id='block_1_6' title="bbox 1999 981 2048 1011">
    <p class='ocr_par' dir='ltr' id='par_1_6' title="bbox 1999 981 2048 1011">
     <span class='ocr_line' id='line_1_39' title="bbox 1999 981 2048 1011; baseline 0 0"><span class='ocrx_word' id='word_1_382' title='bbox 1999 981 2048 1011; x_wconf 84' lang='lat'>10</span> 
     </span>
    </p>
   </div>
   <div class='ocr_carea' id='block_1_7' title="bbox 1997 1401 2043 1443">
    <p class='ocr_par' dir='ltr' id='par_1_7' title="bbox 1997 1401 2043 1443">
     <span class='ocr_line' id='line_1_40' title="bbox 1997 1401 2043 1443; baseline 0 0"><span class='ocrx_word' id='word_1_383' title='bbox 1997 1401 2043 1443; x_wconf 86' lang='lat'>15</span> 
     </span>
    </p>
   </div>
   <div class='ocr_carea' id='block_1_8' title="bbox 1993 1822 2042 1851">
    <p class='ocr_par' dir='ltr' id='par_1_8' title="bbox 1993 1822 2042 1851">
     <span class='ocr_line' id='line_1_41' title="bbox 1993 1822 2042 1851; baseline -0.02 0"><span class='ocrx_word' id='word_1_384' title='bbox 1993 1822 2042 1851; x_wconf 88' lang='lat'>20</span> 
     </span>
    </p>
   </div>
   <div class='ocr_carea' id='block_1_9' title="bbox 1990 2202 2044 2288">
    <p class='ocr_par' dir='ltr' id='par_1_9' title="bbox 1990 2202 2044 2288">
     <span class='ocr_line' id='line_1_42' title="bbox 1990 2202 2044 2288; baseline 0 -11"><span class='ocrx_word' id='word_1_385' title='bbox 1990 2202 2044 2288; x_wconf 70' lang='lat'>25⁴</span> 
     </span>
    </p>
   </div>
  </div>
 </body>
</html>
