2098 3320
798 125 1176 174 ΙΣΤΟΡΙΩΝ
1252 126 1292 172 Β
1582 163 1583 166 ¹
1918 132 1981 183 11.
2000 147 2066 196 33

209 276 264 319 τε
293 257 388 324 γὰρ
418 260 636 324 ποταμὸς
674 255 950 325 ἀρξάμενος
979 259 1033 311 ἐκ
1076 262 1284 313 Κελτῶν
1315 257 1394 311 καὶ
1432 258 1664 327 Πυρήνης
1699 260 1877 316 πόλιος

207 338 311 406 ῥέει
349 339 511 406 μέσην
547 342 736 411 σχίζων
771 341 862 407 τὴν
901 342 1161 410 Εὐρώπην.
1238 345 1286 396 οἱ
1326 345 1380 396 δὲ
1423 346 1610 397 Κελτοί
1642 347 1743 398 εἰσι
1778 345 1873 410 ἔξω

207 423 504 492 Ἡρακλέων
541 425 788 491 στηλέων,
821 426 1117 494 ὁμουρέουσι
1146 430 1199 479 δὲ
1237 429 1552 492 Κυνησίοισι,
1586 429 1634 481 οἳ·
1664 429 1873 498 ἔσχατοι

208 508 330 574 πρὸς
375 509 602 576 δυσμέων
643 510 863 564 οἰκέουσι
900 517 999 564 τῶν
1032 513 1086 564 ἐν
1125 519 1186 584 τῇ
1227 512 1440 584 Εὐρώπῃ
1488 513 1871 579 κατοικημένων.

160 615 182 655 5
207 599 413 664 τελευτᾷ
449 597 502 647 δὲ
539 595 565 646 ὁ
590 593 792 662 Ἴστρος
828 597 879 649 ἐς
916 595 1186 648 θάλασσαν
1221 595 1347 664 ῥέων
1385 596 1475 661 τὴν
1511 603 1597 650 τοῦ
1633 596 1871 662 Εὐξείνου
1909 621 1936 662 4

207 677 390 730 πόντου
426 680 506 730 διὰ
546 678 712 745 πάσης
754 680 1010 748 Εὐρώπης,
1043 688 1104 753 τῇ
1134 680 1351 746 Ἰστρίην
1392 683 1438 733 οῖ
1484 684 1756 747 Μιλησίων
1797 685 1865 735 οἰ-

208 760 378 814 κέουσι
412 762 624 816 ἄποικοι.
691 765 717 815 ὁ
747 767 838 830 μὲν
874 764 931 828 δὴ
965 764 1182 832 Ἴστρος,
1213 764 1317 831 ῥέει
1346 767 1441 832 γὰρ
1473 765 1536 818 δι’
1567 766 1866 832 οἰκεομένης,
1907 788 1973 835 34

148 876 150 884 ι
205 846 326 912 πρὸς
362 853 568 900 πολλῶν
598 848 914 914 γινώσκεται,
948 849 1058 916 περὶ
1096 851 1149 900 δὲ
1186 854 1284 901 τῶν
1321 855 1407 901 τοῦ
1444 852 1633 903 Νείλου
1670 851 1869 919 πηγέων

204 929 418 984 οὐδεὶς”
393 953 500 1000 εχει
522 931 708 999 λέγειν·
755 933 984 998 ἀοίκητός
1008 954 1062 985 τε
1086 934 1182 1000 γὰρ
1207 933 1285 986 καὶ
1310 934 1489 1002 ἔρημός
1512 936 1623 987 ἐστι
1645 935 1675 1000 ἡ
1698 937 1865 1001 Λιβύη

133 1035 181 1064 ιο
202 1013 265 1066 δι’
284 1014 341 1080 ἧς
360 1013 479 1082 ῥέει.
550 1016 661 1083 περὶ
685 1019 737 1068 δὲ
760 1022 846 1068 τοῦ
867 1016 1108 1083 ῥεύματος
1133 1017 1296 1077 αὐτοῦ,
1319 1018 1396 1070 ἐπ’
1415 1020 1539 1070 ὅσον
1557 1019 1868 1087 μακρότατον

203 1099 494 1167 ἱστορεῦντα
528 1099 589 1165 ἧν
629 1099 898 1165 ἐξικέσθαι,
940 1103 1143 1170 εἴρηται·
1191 1103 1376 1154 ἐκδιδοῖ
1413 1105 1465 1155 δὲ
1507 1105 1558 1157 ἐς
1594 1106 1864 1171 Αἴγυπτον.

199 1182 229 1247 ἡ
255 1186 307 1235 δὲ
332 1185 582 1251 Αἴγυπτος
604 1188 691 1249 τῆς
714 1187 907 1253 ὀρεινῆς
933 1188 1161 1251 Κιλικίης
1190 1185 1416 1251 μάλιστά
1441 1209 1499 1259 κῃ
1525 1189 1665 1253 ἀντίη
1693 1194 1862 1242 κεῖται.

202 1268 428 1320 ἐνθεῦτεν
468 1271 522 1321 δὲ
560 1271 610 1323 ἐς
651 1270 883 1334 Σινώπην
922 1269 1013 1335 τὴν
1048 1272 1102 1322 ἐν
1139 1276 1205 1340 τῷ
1248 1270 1467 1341 Εὐξείνῳ
1510 1273 1675 1342 πόντῳ
1717 1272 1865 1326 πέντε
1901 1297 1924 1327 2

199 1350 421 1418 ἡμερέων
458 1352 567 1405 ἰθέα
606 1353 718 1407 ὁδὸς
753 1355 945 1424 εὐζώνῳ
983 1355 1140 1422 ἀνδρί·
1185 1355 1214 1420 ἡ
1255 1358 1308 1407 δὲ
1345 1355 1543 1421 Σινώπη
1580 1362 1647 1427 τῷ
1680 1355 1862 1427 Ἴστρῳ

128 1455 175 1498 15
199 1436 440 1490 ἐκδιδόντι
485 1439 536 1491 ἐς
581 1436 849 1491 θάλασσαν
893 1440 1061 1492 ἀντίον
1108 1445 1278 1492 κεῖται.
1368 1441 1494 1492 οὕτω
1539 1440 1636 1493 τὸν
1672 1446 1863 1495 Νεῖλον

199 1519 352 1573 δοκέω
376 1523 458 1574 διὰ
480 1520 647 1588 πάσης
670 1526 758 1588 τῆς
780 1524 975 1589 Λιβύης
998 1522 1243 1589 διεξιόντα
1263 1522 1552 1589 ἐξισοῦσθαι
1570 1531 1638 1596 τῷ
1655 1525 1856 1597 Ἴστρῳ.

199 1606 388 1659 Νείλου
415 1605 508 1672 μέν
539 1628 625 1660 νυν
656 1607 768 1675 πέρι
798 1612 1017 1660 τοσαῦτα
1048 1607 1280 1676 εἰρήσθω.

271 1688 524 1759 Ἔρχομαι
571 1694 624 1745 δὲ
674 1693 787 1759 περὶ
833 1694 1088 1761 Αἰγύπτου
1132 1692 1389 1758 μηκυνέων
1433 1693 1520 1746 τὸν
1563 1695 1734 1761 λόγον,
1783 1695 1858 1746 ὅτι
1896 1706 1959 1754 35

196 1779 414 1827 πλεῖστα
453 1776 684 1842 θωμάσια
731 1778 838 1846 ἔχει
882 1773 929 1843 [ἢ
974 1778 1003 1843 ἡ
1050 1777 1180 1842 ἄλλη
1228 1782 1368 1830 πᾶσα
1412 1776 1566 1847 χώρη]
1613 1779 1692 1831 καὶ
1737 1778 1858 1846 ἔργα

123 1876 172 1906 20
194 1858 508 1927 λόγου-μέζω
549 1860 820 1930 παρέχεται
859 1861 982 1929 πρὸς
1022 1865 1195 1915 πᾶσαν
1234 1863 1418 1930 χώρην·
1464 1863 1653 1915 τούτων
1694 1834 2098 1938 e‘t'vexamsskffl

196 1942 333 1995 πλέω
364 1945 477 2012 περὶ
505 1945 654 2011 αὐτῆς
686 1945 952 2013 εἰρήσεται.
1042 1947 1306 2013 Αἰγύπτιοι
1337 1945 1437 2012 ἅμα
1471 1951 1538 2016 τῷ
1569 1947 1758 2017 οὐρανῷ
1790 1953 1856 2018 τῷ
1894 1969 1917 2000 2

195 2030 319 2080 κατὰ
359 2028 523 2096 σφέας
561 2031 693 2083 ἐόντι
733 2033 931 2101 ἑτεροίῳ
971 2031 1050 2082 καὶ
1093 2036 1160 2100 τῷ
1203 2036 1405 2100 ποταμῷ
1447 2031 1605 2097 φύσιν
1644 2032 1857 2097 ἀλλοίην

194 2112 515 2184 παρεχομένῳ
557 2110 587 2180 ἢ
629 2117 675 2167 οἱ
710 2114 859 2167 ἄλλοι
894 2117 1121 2180 ποταμοί,
1154 2118 1214 2167 τὰ
1249 2117 1418 2168 πολλὰ
1448 2114 1609 2177 πάντα
1638 2116 2098 2181 ἔμπαλιννκαλωνο

193 2202 327 2249 τοῖσι
364 2197 571 2251 ἄλλοισι
610 2199 916 2267 ἀνθρώποισι
956 2198 1240 2264 ἐστησαντο
1281 2198 1405 2264 ἤθεά
1443 2221 1497 2251 τε
1537 2201 1615 2252 καὶ
1658 2201 1852 2266 νόμους,

121 2301 168 2343 ²5
194 2280 248 2333 ἐν
287 2286 422 2334 τοῖσι
462 2285 514 2335 αἱ
550 2286 642 2349 μὲν
682 2290 910 2350 γυναῖκες
955 2282 1257 2350 ἀγοράζουσι
1299 2283 1377 2335 καὶ
1419 2285 1774 2348 καπηλεύουσι,
1809 2287 1854 2337 οἱ

191 2366 246 2417 δὲ
288 2357 460 2434 ἄνδρες
507 2367 608 2419 κατ’
650 2369 812 2422 οἴκους
856 2369 1020 2421 ἐόντες
1060 2368 1348 2435 ὑφαίνουσι·
1402 2369 1674 2435 ὑφαίνουσι
1713 2372 1767 2422 δὲ
1808 2371 1853 2421 οἱ

191 2451 281 2513 μὲν
322 2449 472 2503 ἄλλοι
511 2451 611 2504 ἄνω
652 2452 742 2517 τὴν
785 2453 964 2520 κρόκην
1006 2451 1261 2511 ὠθέοντες,
1305 2452 1569 2519 Αἰγύπτιοι
1613 2456 1666 2506 δὲ
1706 2453 1851 2506 κάτω.
1876 2462 2036 2529 ww}

245 2601 271 2638 3
301 2591 544 2643 Ἡρακλείων
564 2591 604 2631 Α
620 2591 682 2630 Β.
715 2593 885 2640 -κληΐων
907 2593 940 2631 C
955 2593 989 2631 P
1172 2604 1197 2641 5
1227 2591 1328 2644 ῥέων
1348 2596 1391 2630 et
1412 2592 1476 2633 διὰ
1495 2591 1628 2641 πάσης
1649 2595 1738 2646 Εὐρ.
1761 2593 1847 2641 del.

190 2642 455 2684 Valckenaer
585 2648 588 2649 ⁷
671 2648 698 2685 6
729 2648 942 2701 Ἰστριηνοὶ
966 2647 1074 2686 PV:
1107 2644 1292 2700 Ἰστρινοὶ
1316 2647 1355 2685 R
1536 2660 1585 2697 7
1614 2649 1691 2700 γὰρ
1710 2660 1793 2687 om.
1818 2648 1853 2687 C

189 2699 341 2745 οἰκευμ.
364 2701 420 2742 S:
452 2702 578 2752 υἰκεμ.
605 2702 655 2753 (3)
676 2702 715 2742 V
898 2704 924 2740 8
955 2718 1062 2754 γιγν.
1091 2701 1130 2739 R
1241 2704 1323 2742 τῶν
1344 2714 1425 2741 om.
1454 2702 1491 2740 R
1704 2716 1731 2752 9
1762 2705 1851 2744 ἐστι

189 2754 298 2795 nal*
275 2771 420 2807 ερημος
442 2755 526 2804 PR
543 2757 626 2795 SV
736 2757 761 2806 ἡ
782 2770 860 2798 om.
888 2757 927 2795 R
1098 2769 1147 2795 10
1176 2756 1240 2796 ὁπ’
1265 2755 1303 2793 R
1474 2769 1520 2794 12
1552 2756 1683 2807 ὀρινῆς
1710 2757 1743 2795 P
1761 2757 1799 2795 R
1815 2757 1853 2795 V

189 2807 324 2850 κέεται
343 2809 382 2847 Α
398 2810 432 2848 Β
448 2800 482 2850 C
497 2811 530 2850 P
546 2812 584 2850 R
598 2812 635 2849 V
766 2826 812 2862 13
842 2811 976 2863 πόντῳ
997 2810 1206 2860 expunxit
1228 2809 1278 2848 (ΣΙ
1389 2810 1509 2851 πέντε
1533 2811 1618 2860 (καὶ
1639 2811 1736 2853 δέκα
1755 2813 1848 2851 add.

190 2862 448 2915 Mahaffy).
466 2865 566 2918 .ez’tg‘.
586 2879 666 2905 om.
689 2868 722 2905 C
823 2880 867 2915 14
891 2870 989 2908 ἰθεῖα
1002 2865 1042 2904 Α
1058 2866 1091 2903 Β
1107 2866 1139 2904 Ρ
1155 2865 1193 2902 R
1209 2867 1238 2904 5
1254 2865 1289 2902 V
1307 2879 1315 2904 ε
1337 2868 1467 2905 εὐθεῖα
1482 2866 1513 2903 C
1618 2877 1666 2914 15
1686 2867 1808 2914 ἀντίη
1821 2869 1851 2906 S

189 2917 323 2960 κέεται
345 2920 379 2959 L
574 2923 623 2960 16
651 2924 726 2971 τῆς
745 2935 827 2962 om
852 2921 893 2960 A
909 2921 943 2959 B
958 2922 992 2959 C
1194 2932 1242 2969 19
1270 2919 1382 2960 πλέω
1406 2920 1437 2958 P
1454 2920 1492 2958 R
1509 2922 1538 2959 5
1553 2920 1589 2958 V
1728 2926 1846 2970 θωυμ.

190 2972 225 3011 C
239 2972 273 3011 P
287 2973 326 3012 R
341 2973 424 3013 SV
543 2977 598 3024 ἢ.
662 2978 810 3028 ,χώρη
834 2977 876 3027 (ἡ
897 2989 978 3016 om.
1000 2975 1033 3014 C
1050 2975 1100 3025 P>
1124 2974 1205 3014 del.
1231 2974 1352 3013 Stein
1521 2988 1573 3013 22
1604 2976 1734 3028 ἕτεροι
1762 2975 1800 3014 R
1816 2975 1852 3014 V

190 3026 324 3078 ἄλλην
345 3028 378 3067 C
