2098 3320
770 105 1148 154 ιΣΤοΡΙΩΝ
1212 106 1250 152 Β
1793 78 1796 83 ’
1889 105 1953 152 11.
1980 117 2097 154 121e

179 240 235 292 ἐν
277 242 344 310 τῷ
390 238 503 308 ὤμῳ
549 235 639 303 τὴν
678 241 823 306 χεῖρα
864 236 991 290 ἰέναι
1035 235 1184 289 αὐτὸν
1225 236 1408 306 ἔχοντα
1448 233 1601 300 αὐτὴν
1645 234 1740 288 ὑπὸ
1780 240 1847 305 τῷ

182 325 372 393 ἱματίῳ,
413 323 690 375 ἐσελθόντα
731 325 784 374 δὲ
827 321 892 376 ὡς
932 327 1018 374 τοῦ
1057 315 1308 388 βασιλέος
1350 320 1439 385 τὴν
1484 319 1728 388 θυγατέρα
1769 322 1847 372 καὶ

180 409 515 476 εἰρωτώμενον
545 406 605 459 τά
635 429 728 475 περ
758 408 838 459 καὶ
869 409 916 459 οἱ·
946 406 1112 466 ἄλλοι,
1139 405 1503 474 ἀπηγήσασθαι
1534 405 1599 459 ὡς
1630 405 1844 457 ἀνοσιώ-

179 513 334 545 τατον·
357 495 449 559 μὲν
479 493 553 557 εἵη
588 490 894 559 ἐργασμένος
918 492 1001 543 ὅτε
1025 495 1111 543 τοῦ
1143 492 1399 559 ἀδελφεοῦ
1428 492 1483 542 ἐν
1513 495 1581 561 τῷ
1614 493 1846 560 θησαυρῷ

131 597 155 638 5
179 582 266 630 τοῦ
301 576 547 643 βασιλέος
586 576 683 629 ὑπὸ
720 575 882 644 πάγης
924 576 1137 630 ἁλόντος
1179 574 1428 641 ἀποτάμοι
1467 573 1558 639 τὴν
1601 574 1844 642 κεφαλήν,

180 661 478 728 σοφώτατον
510 664 561 714 δὲ
599 662 676 713 ὅτι
714 660 828 715 τοὺς
866 660 1120 729 φυλάκους
1159 660 1504 727 καταμεθύσας
1548 658 1846 711 καταλύσειε

177 751 264 798 τοῦ
294 748 544 814 ἀδελφεοῦ
580 745 887 813 κρεμάμενον
927 746 1014 798 τὸν
1052 744 1212 798 νέκυν.
1302 744 1393 810 τὴν
1434 743 1504 803 δέ,
1539 743 1604 797 ὡς
1643 742 1843 808 ἤκουσε,
1882 767 1903 813 5

177 829 424 883 ἅπτεσθαι
453 831 618 883 αὐτοῦ·
665 830 753 883 τὸν
784 834 838 883 δὲ
869 835 1015 898 φῶρα
1045 832 1100 882 ἐν
1136 835 1204 901 τῷ
1237 830 1409 882 σκότεϊ
1439 833 1693 895 προτεῖναι
1723 828 1844 900 αὐτῇ

175 920 263 967 τοῦ
304 920 478 983 νεκροῦ
520 914 611 980 τὴν
651 921 812 984 χεῖρα·
859 914 949 979 τὴν
992 917 1046 967 δὲ
1092 913 1470 980 ἐπιλαβομένην
1511 913 1664 982 ἔχειν,
1704 914 1842 979 νομί-

105 1019 154 1049 10
179 1001 360 1065 ζουσαν
391 999 541 1052 αὐτοῦ
570 1002 762 1053 ἐκείνου
801 1003 889 1065 τῆς
925 999 1094 1068 χειρὸς
1132 998 1452 1068 ἀντέχεσθαι·
1498 997 1586 1050 τὸν
1617 1000 1669 1050 δὲ
1701 1002 1846 1065 φῶρα

176 1084 450 1152 προέμενον
482 1084 601 1157 αὐτῇ
633 1086 866 1154 οἴχεσθαι
896 1085 975 1136 διὰ
1006 1083 1192 1152 θυρέων
1225 1084 1494 1152 φεύγοντα.
1584 1082 1649 1136 ὣς
1680 1085 1733 1135 δὲ
1765 1083 1844 1135 καὶ
1880 1084 1910 1144 ζ

174 1174 328 1222 ταῦτα
370 1171 420 1223 ἐς
465 1169 551 1221 τὸν
594 1168 822 1235 βασιλέα
867 1170 1176 1238 ἀνηνεῖχθαι,
1225 1170 1574 1235 ἐκπεπλῆχθαι
1620 1169 1713 1233 μὲν
1763 1168 1845 1220 ἐπὶ

174 1254 232 1327 τῇ
279 1254 642 1327 πολυφροσύνῃ
693 1275 747 1307 τε
796 1254 876 1306 καὶ
922 1254 1083 1326 τόλμῃ
1132 1257 1219 1306 τοῦ
1271 1253 1548 1320 ἀνθρώπου,
1598 1251 1743 1305 τέλος
1789 1255 1845 1305 δὲ

175 1338 513 1405 διαπέμποντα
563 1341 613 1394 ἐς
659 1338 828 1394 πάσας
878 1340 968 1392 τὰς
1019 1339 1166 1392 πόλις
1215 1336 1626 1406 ἐπαγγέλλεσθαι
1674 1338 1844 1402 ἀδείην

102 1439 149 1482 15
172 1445 227 1476 τε
263 1424 459 1476 διδόντα
501 1424 580 1476 καὶ
619 1422 817 1492 μεγάλα
856 1424 1223 1489 ὑποδεκόμενον
1261 1423 1459 1475 ἐλθόντι
1501 1425 1552 1475 ἐς
1592 1424 1717 1489 ὄψιν
1750 1421 2098 1487 rhum·-

175 1511 374 1560 ἑωυτοῦ·
436 1508 523 1561 τὸν
574 1511 628 1561 δὲ
680 1513 826 1576 φῶρα
877 1508 1220 1562 πιστεύσαντα
1273 1510 1440 1559 ἐλθεῖν
1492 1505 1615 1574 πρὸς
1654 1506 1838 1566 αὐτόν,
1879 1530 1902 1561 2
1940 1486 2098 1530 ’ξω

172 1592 498 1661 Ῥαμψίνιτον
550 1596 603 1646 δὲ
653 1593 888 1661 μεγάλως
940 1592 1172 1659 θωμάσαι
1225 1595 1310 1645 καί
1356 1595 1402 1645 οἱ
1454 1591 1543 1656 τὴν
1596 1590 1842 1659 θυγατέρα

172 1679 354 1744 ταύτην
413 1680 696 1732 συνοικίσαι
755 1679 820 1732 ὡς
886 1683 1107 1731 πλεῖστα
1167 1676 1483 1746 ἐπισταμένῳ
1547 1677 1838 1743 ἀνθρώπων·

174 1765 473 1831 Αἰγυπτίους
496 1767 603 1829 -μὲν
642 1766 739 1831 γὰρ
781 1769 879 1816 τῶν
925 1762 1098 1815 ἄλλων
1139 1764 1509 1831 προκεκρίσθαι,
1553 1764 1741 1813 ἐκεῖνον
1786 1765 1840 1813 δὲ

99 1866 150 1896 20
173 1849 476 1915 Αἰγυπτίων.
569 1851 695 1915 μετὰ
741 1852 795 1901 δὲ
842 1853 995 1901 ταῦτα
1039 1848 1219 1915 ἔλεγον
1263 1851 1439 1899 τοῦτον
1482 1846 1569 1898 τὸν
1613 1845 1838 1912 βασιλέα
1876 1856 1966 1893 122

174 1932 297 2002 ζωὸν
327 1936 607 1999 καταβῆναι
639 1932 770 1986 κάτω
810 1936 861 1987 ἐς
897 1938 982 1986 τὸν
1019 1936 1065 1986 οἱ
1094 1931 1350 1998 “Ἐλληνες
1379 1931 1552 1996 Ἀίδην
1581 1930 1839 1996 νομίζουσι

172 2016 313 2077 εἶναι,
347 2019 537 2071 κάκεῖθι
578 2019 910 2086 συγκυβεύειν
948 2019 1009 2090 τῇ
1052 2016 1296 2085 Δήμητρι,
1341 2017 1419 2068 καὶ
1463 2018 1526 2067 τὰ
1565 2018 1655 2082 μὲν
1696 2018 1839 2068 νικᾶν

170 2101 338 2167 αὐτήν,
389 2104 450 2154 τὰ
497 2105 550 2156 δὲ
598 2106 882 2156 ἑσσοῦσθαι
930 2102 1012 2156 ὑπ’
1061 2104 1226 2168 αὐτῆς,
1279 2104 1362 2154 καί
1404 2123 1488 2167 μιν
1535 2099 1689 2153 πάλιν
1736 2099 1865 2152 ἄνω

171 2186 439 2240 ἀπικεσθαι
470 2187 683 2255 δῶρον’
657 2209 841 2256 εχοντα
875 2187 992 2255 παρ’
1028 2188 1178 2253 αὐτῆς
1209 2187 1569 2258 χειρόμακτρον
1599 2186 1836 2254 χρύσεον.
1869 2202 2087 2255 ωψιυω,

97 2287 144 2327 25
172 2271 270 2324 ἀπὸ
316 2275 370 2324 δὲ
415 2275 503 2338 τῆς
546 2272 872 2340 Ῥαμψινίτου
924 2271 1249 2339 καταβάσιος,
1299 2272 1365 2326 ὡς
1412 2271 1565 2324 πάλιν
1614 2271 1834 2329 ἀπίκετο,
1875 2292 1901 2324 2

171 2355 319 2422 ὁρτὴν
363 2356 422 2423 δὴ
463 2356 667 2426 ἀνάγειν
713 2359 1013 2426 Αἰγυπτίους
1058 2358 1278 2425 ἔφασαν,
1322 2357 1412 2421 τὴν
1460 2356 1538 2408 καὶ
1584 2356 1683 2423 ἐγὼ
1726 2355 1837 2407 οῖδα

223 2509 248 2534 2
279 2497 465 2537 ἐσελθεῖν
486 2495 526 2534 R
540 2494 622 2534 SV
788 2495 860 2548 ὡς]
885 2498 924 2538 ἐς
946 2495 979 2535 C
996 2495 1030 2535 P
1241 2510 1266 2545 4
1294 2494 1371 2546 μὲν
1389 2508 1472 2536 om.
1496 2494 1535 2533 R
1551 2494 1634 2534 SV
1772 2496 1834 2536 ὅτι

170 2550 345 2600 Madvig
507 2561 532 2600 5
562 2549 718 2592 ἁλόντα
739 2550 829 2589 RV
964 2552 991 2589 6
1020 2550 1242 2592 καταλύσει
1266 2551 1305 2589 R
1320 2550 1401 2589 SV
1532 2563 1554 2600 7
1587 2548 1834 2604 κρεμαμένου

167 2605 208 2644 Α
223 2605 258 2644 Β
275 2605 309 2644 C
479 2618 527 2644 12
558 2605 778 2658 ἀνηνείχθη
794 2605 834 2644 Α
854 2620 862 2645 :
893 2605 1099 2658 ἀνηνέχθη
1122 2606 1156 2643 Β
1177 2621 1185 2645 :
1217 2606 1431 2658 ἀνενείχθη
1454 2604 1486 2643 C
1503 2604 1536 2643 P
1646 2604 1720 2654 μὲν
1742 2617 1824 2645 om.

170 2660 210 2699 R
225 2659 306 2699 SV
503 2673 552 2711 13
580 2677 628 2701 τε
648 2673 734 2702 om.
761 2661 794 2699 C
933 2662 1067 2715 τάνθρ.
1095 2660 1181 2701 PR
1198 2660 1278 2699 SV
1475 2672 1522 2709 14
1552 2658 1693 2699 πόλεις
1715 2658 1750 2696 Β
1767 2658 1830 2700 C:

168 2714 312 2757 πόλιας
334 2713 373 2753 R
390 2714 420 2754 S
433 2714 472 2754 V
635 2716 770 2757 ἄδειαν
791 2715 825 2754 L
1051 2728 1098 2765 17
1129 2718 1237 2768 Ῥαψ.
1265 2715 1303 2754 R
1472 2720 1589 2765 θωυμ.
1615 2713 1655 2751 Α
1670 2713 1704 2751 Β
1720 2713 1753 2751 C
1770 2713 1803 2752 P
1822 2729 1831 2753 t

169 2775 281 2821 θαυμ.
304 2769 452 2809 RSV
626 2772 758 2813 οἱκαὶ
792 2770 929 2810 RSV
1170 2783 1218 2810 21
1267 2770 1383 2819 ἅιδην
1416 2768 1532 2808 AB:
1576 2768 1691 2817 ἆῒδην
1723 2767 1832 2808 CP:

170 2823 270 2874 ἅδην
299 2823 436 2864 RSV
601 2838 653 2864 22
685 2826 783 2867 εἶναι
806 2838 888 2864 om.
920 2825 1079 2864 Athen.
1105 2838 1186 2874 410
1350 2825 1502 2866 κᾶκειθι
1534 2823 1616 2862 CP
1645 2822 1833 2863 Athen.

172 2882 338 2921 καικειθι
359 2879 428 2919 A.
458 2880 522 2921 καὶ
543 2883 643 2921 κεῖθι
665 2879 726 2921 B:
758 2883 823 2922 καὶ
846 2883 966 2922 ἐκειθι
989 2880 1028 2919 R
1044 2880 1072 2918 S
1086 2880 1132 2920 V
1235 2885 1422 2932 συγκειβ.
1450 2878 1488 2918 R
1672 2890 1724 2928 23
1754 2880 1833 2920 ἅνω

171 2935 252 2974 dm.
278 2934 316 2972 A
333 2934 416 3029 IZIC
434 2933 492 2974 P:
524 2935 786 2999 ἀναφικέσθαι
807 2935 964 2975 Athen.
1102 2949 1153 2985 24
1185 2936 1485 2990 χειρώμακτρον
1505 2933 1544 2973 Α
1558 2933 1593 2974 Β
1609 2924 1672 2973 C:
1701 2934 1833 2990 χειρό-

170 2995 325 3040 μακτον
724 3028 728 3033 .
