2098 3320
76 85 166 134 ΙΙΙ.
193 84 259 146 84

239 741 263 784 02

923 81 970 127 H
986 78 1354 128 ΡΟΔΟΤΟΎ

301 215 356 267 ἐν
398 212 634 285 Πέρσῃσι
658 210 964 278 ·τιμιωτάτη.
1052 217 1194 267 τοῦδε
1238 218 1292 268 δὲ
1337 216 1539 275 εἵνεκεν,
1568 213 1884 281 ἐβούλευσάν
1924 217 1972 268 οἱ

301 300 527 351 δίδοσθαι
567 301 734 356 ταῦτα,
777 298 853 348 ὅτι
897 297 1178 362 ἐβούλευσέ
1218 321 1274 352 τε
1314 304 1507 366 πρῶτος
1551 298 1607 351 τὸ
1646 302 1848 367 πρῆγμα
1893 299 1972 351 καὶ

303 382 587 447 συνέστησε
618 381 808 441 αὐτούς.
883 386 1036 433 ταῦτα
1064 385 1155 447 μὲν
1187 384 1244 448 δὴ
1277 383 1466 455 Ὀτάνῃ
1499 382 1738 451 ἐξαίρετα,
1772 382 1889 435 τάδε
1918 386 1973 436 δὲ

302 469 352 520 ἐς
375 466 432 518 τὸ
457 470 620 519 κοινὸν
647 466 978 531 ἐβούλευσαν,
1005 466 1236 534 παριέναι
1267 470 1318 521 ἐς
1340 470 1401 520 τὰ
1431 466 1681 533 βασιλήια
1703 467 1863 520 πάντα
1884 466 1973 519 τὸν

302 551 614 617 βουλόμενον
637 555 734 602 τῶν
760 552 884 603 ἑπτὰ
909 549 1024 603 ἄνευ
1049 551 1370 620 ἐσαγγελέος,
1398 548 1458 616 ἢν
1482 551 1549 617 μὴ
1569 550 1794 623 τυγχάνῃ
1818 553 1971 604 εὕδων

1995 572 2017 612 5

301 638 424 702 μετὰ
455 633 684 703 γυναικὸς
714 634 976 701 βασιλεύς,
1011 635 1214 702 γαμέειν
1246 639 1298 688 δὲ
1333 636 1398 702 μὴ
1433 635 1616 701 ἐξεῖναι
1653 635 1873 688 ἄλλοθεν
1902 640 2007 706 ‘riis'

301 718 515 786 βασιλέϊ
537 715 566 784 ἢ
593 722 645 772 ἐκ
670 724 768 772 τῶν
795 719 1294 773 συνεπαναστάντων.
1363 721 1475 787 περὶ
1505 723 1558 773 δὲ
1580 723 1667 785 τῆς
1696 721 1972 785 βασιληίης

303 805 619 870 ἐβούλευσαν
649 804 853 856 τοιόνδε·
902 805 1013 856 ὅτευ
1050 804 1110 857 ἂν
1142 806 1168 855 6
1198 807 1347 859 ἵππος
1377 805 1520 870 ἡλίου
1556 804 1971 879 ἐπανατείλαντος

302 895 493 956 πρῶτος
534 887 812 956 φθέγξηται
857 890 911 940 ἐν
950 893 1017 958 τῷ
1063 891 1320 959 προαστίῳ
1367 890 1528 942 αὐτῶν
1573 889 1968 955 ἐπιβεβηκότων,

301 978 477 1025 τοῦτον
508 973 645 1042 ἔχειν
675 972 765 1037 τὴν
797 974 1091 1038 βασιληίην.

389 1060 584 1127 Δαρείῳ
633 1060 686 1109 δὲ
734 1055 793 1121 ἦν
842 1058 1116 1122 ἱπποκόμος
1165 1057 1287 1126 ἀνὴρ
1337 1059 1514 1126 σοφός,
1565 1062 1631 1127 τῷ
1679 1057 1864 1123 οὕνομα
1897 1055 1972 1131 νἧν

302 1141 550 1208 Οἰβάρης·
598 1141 719 1207 πρὸς
748 1145 922 1193 τοῦτον
953 1141 1040 1194 τὸν
1071 1141 1241 1209 ἄνδρα,
1276 1143 1440 1195 ἐπείτε
1476 1142 1795 1206 διελύθησαν,
1829 1139 1972 1205 ἔλεξε

305 1231 515 1294 Δαρεῖος
553 1225 684 1277 τάδε·
731 1228 971 1292 Οἴβαρες,
1009 1226 1126 1291 ἡμῖν
1164 1226 1388 1278 δέδοκται
1428 1227 1540 1293 περὶ
1569 1229 1656 1291 τῆς
1696 1226 1972 1290 βασιληίης

303 1310 491 1363 ποιέειν
524 1313 645 1362 κατὰ
675 1309 810 1362 τάδε·
859 1311 971 1361 ὅτευ
1002 1309 1062 1362 ἂν
1094 1311 1120 1361 ὁ
1152 1311 1300 1364 ἵππος
1337 1316 1527 1378 πρῶτος
1558 1308 1835 1377 φθέγξηται
1870 1307 1972 1374 ἅμα

303 1401 370 1465 τῷ
410 1396 535 1465 ἡλίῳ
573 1395 762 1447 ἀνιόντι
798 1393 958 1446 αὐτῶν
995 1396 1469 1460 ἐπαναβεβηκότων,
1502 1399 1674 1446 τοῦτον
1710 1393 1847 1462 ἔχειν
1880 1392 1972 1457 τὴν

303 1480 600 1545 βασιληίην.
690 1482 776 1530 νῦν
810 1475 878 1529 ὧν
917 1479 963 1530 εἴ
1001 1499 1114 1530 τινα
1154 1479 1287 1547 ἔχεις
1323 1480 1528 1546 σοφίην,
1562 1483 1768 1546 μηχανῶ
1807 1477 1871 1532 ὡς
1908 1475 1971 1530 ἂν

303 1565 443 1629 ἡμεῖς
474 1569 678 1632 σχῶμεν
709 1567 851 1614 τοῦτο
881 1562 938 1613 τὸ
969 1561 1117 1630 γέρας
1151 1563 1230 1614 καὶ
1259 1562 1325 1628 μὴ
1359 1562 1515 1617 ἄλλος
1544 1584 1633 1617 τις.
1708 1563 1972 1628 ἀμείβεται

304 1648 536 1715 Οἰβάρης
566 1648 772 1699 τοισίδε·
821 1648 883 1698 Εἰ
913 1649 1004 1712 μὲν
1035 1646 1111 1712 δή,
1145 1644 1182 1698 ὦ
1214 1646 1452 1706 δέσποτα,
1486 1649 1538 1699 ἐν
1569 1647 1722 1716 τούτῳ
1753 1647 1835 1698 τοί
1860 1646 1972 1697 ἐστι

302 1729 332 1796 ἢ
367 1731 590 1799 βασιλέα
621 1731 747 1783 εἶναι
777 1727 806 1794 ἢ
836 1729 920 1796 μή,
957 1729 1134 1797 θάρσει
1166 1732 1340 1783 τούτου
1372 1733 1557 1783 εἵνεκεν
1591 1732 1670 1782 καὶ
1702 1728 1853 1796 θυμὸν
1883 1730 1972 1797 ἔχε

304 1817 510 1883 ἀγαθόν,
545 1816 610 1870 ὡς
645 1814 892 1881 βασιλεὺς
923 1814 1080 1869 οὐδεὶς
1117 1814 1275 1869 ἄλλος
1312 1815 1406 1882 πρὸ
1442 1821 1531 1867 σεῦ
1567 1815 1725 1867 ἔσται·
1771 1818 1972 1865 τοιαῦτα

304 1902 405 1969 ἔχω
438 1900 690 1967 φάρμακα.
774 1897 914 1966 λέγει
946 1903 1173 1966 Δαρεῖος·
1222 1901 1283 1951 Εἰ
1314 1901 1480 1952 τοίνυν
1508 1921 1555 1950 τι
1584 1904 1807 1951 τοιοῦτον
1837 1897 1970 1965 ἔχεις

306 1978 557 2052 σόφισμα,
602 1985 703 2050 ὥρη
747 1986 1069 2051 μηχανᾶσθαι
1111 1984 1188 2035 καὶ
1228 1983 1294 2048 μὴ
1335 1982 1737 2049 ἀναβάλλεσθαι,
1782 1982 1846 2035 ὡς
1883 1984 1972 2046 τῆς

306 2069 543 2134 ἐπιούσης
589 2066 773 2135 ἡμέρης
821 2069 846 2118 6
894 2068 1030 2134 ἀγὼν
1075 2067 1191 2132 ἡμῖν
1239 2067 1398 2119 ἔσται.
1488 2068 1705 2120 ἀκούσας
1747 2070 1901 2118 ταῦτα
1944 2065 1971 2115 6

305 2152 536 2220 Οἰβάρης
581 2151 739 2204 ποιέει
783 2151 990 2204 τοιόνδε·
1056 2151 1120 2204 ὡς
1170 2153 1360 2219 ἐγίνετο
1404 2152 1433 2216 ἡ
1479 2150 1585 2216 νύξ,
1631 2155 1730 2202 τῶν
1777 2148 1971 2214 θηλέων

306 2238 471 2290 ἵππων
501 2238 634 2303 μίαν,
669 2235 757 2300 τὴν
789 2236 815 2285 ὁ
849 2235 1062 2302 Δαρείου
1092 2237 1242 2289 ἵππος
1273 2236 1480 2302 ἔστεργε
1518 2235 1756 2300 μάλιστα,
1789 2234 1970 2298 ταύτην

306 2322 507 2388 ἀγαγὼν
539 2323 590 2374 ἐς
618 2320 674 2371 τὸ
704 2318 977 2386 προάστιον
1011 2318 1251 2384 κατέδησε
1283 2319 1361 2370 καὶ
1392 2317 1612 2387 ἐπήγαγε
1643 2318 1730 2371 τὸν
1757 2310 1971 2384 Δαρείου

306 2406 460 2458 ἵππον
498 2406 575 2457 καὶ
611 2406 672 2455 τὰ
711 2406 802 2469 μὲν
838 2405 1006 2456 πολλὰ
1042 2406 1246 2471 περιῆγε
1282 2404 1442 2471 ἀγχοῦ
1481 2412 1541 2476 τῇ
1580 2404 1729 2472 ἵππῳ,
1764 2402 1966 2469 ἐγχρίμ-

364 2554 383 2580 1
415 2540 559 2582 τούτου
581 2540 625 2582 δὲ
646 2541 778 2581 εἵνεκα
800 2540 838 2578 R
854 2539 936 2579 SV
1102 2554 1126 2590 3
1156 2539 1200 2581 δὲ
1222 2553 1303 2580 om.
1327 2541 1366 2579 R
1535 2553 1557 2590 7
1589 2556 1808 2582 συναναστ.
1836 2539 1873 2578 R
1889 2538 1971 2578 SV

305 2598 332 2636 8
363 2596 663 2644 ἐβουλεύσαντο
696 2595 831 2634 RSV
1015 2595 1358 2636 ἐπανατεὶλαντος
1387 2594 1522 2634 RSV
1544 2595 1736 2634 Eustath.
1763 2593 1809 2632 Il.
1838 2606 1971 2644 1190:

308 2650 658 2692 ἐπανατέλλοντος
680 2649 769 2689 rell.
939 2662 965 2698 9
995 2654 1051 2701 τῷ
1071 2662 1151 2689 om.
1175 2650 1208 2688 C
1225 2649 1258 2688 P
1369 2650 1573 2703 προαστίῳ
1596 2649 1635 2688 Α
1651 2650 1685 2687 Β
1704 2664 1712 2689 :
1743 2648 1970 2702 προαστείῳ

307 2707 399 2745 rell.
426 2706 488 2750 (it.
511 2705 576 2744 bis
596 2704 722 2757 infra)
896 2716 945 2742 10
974 2705 1052 2752 τὴν
1074 2703 1298 2756 Καμβύσεω
1319 2709 1458 2752 βασιλ.
1483 2703 1521 2742 R
1538 2704 1618 2743 SV
1787 2716 1835 2751 14
1866 2702 1971 2744 κατὰ

306 2773 386 2800 om.
413 2760 452 2799 R
468 2759 550 2799 SV
719 2771 765 2808 17
797 2757 957 2810 ἔχωμεν
979 2757 1017 2796 R
1035 2758 1116 2798 SV
1226 2759 1275 2799 τὸ
1297 2771 1377 2798 om.
1400 2758 1439 2797 R
1456 2759 1538 2798 SV
1696 2760 1745 2797 18
1774 2760 1912 2798 τοῖσδε
1935 2757 1969 2795 L

311 2827 359 2864 19
390 2814 531 2866 θάρσεε
552 2814 585 2853 C
602 2813 634 2852 P
744 2813 828 2865 καὶ]
852 2814 915 2853 καὶ
937 2815 981 2852 οὐ
1005 2812 1044 2850 R
1174 2825 1227 2862 23
1257 2815 1278 2853 ὁ
1299 2826 1380 2852 om.
1406 2814 1444 2852 R
1462 2813 1543 2853 SV
1655 2813 1772 2853 ἔσται
1795 2811 1967 2850 Naber:

307 2872 398 2908 ἐστι
419 2869 452 2906 L
647 2881 698 2916 24
728 2868 754 2916 ἡ
776 2881 856 2905 om.
884 2867 919 2904 R
939 2867 1019 2906 SV
1213 2867 1266 2906 26
1297 2869 1350 2908 εἷς
1372 2867 1461 2906 RV
1663 2879 1713 2916 27
1743 2866 1966 2920 περιήγαγε

303 2922 343 2961 Α
358 2922 393 2961 Β
410 2923 443 2962 C
557 2922 787 2976 ε’·γχρίπτων
810 2921 848 2959 R
864 2923 893 2960 S
908 2921 945 2959 V

1998 991 2048 1021 10

1997 1411 2045 1452 ¹5

1997 1830 2048 1860 20

1995 2249 2044 2291 25
