2098 3320
727 215 731 220 ι
777 140 1156 188 ΙΣΤΟΡΙΩΝ
1232 138 1271 187 Β
1904 143 1968 192 II.
1987 155 2042 203 13

187 276 246 330 τὸ
275 275 565 344 ἐλάχιστον,
598 273 809 341 ἄρδεσκε
842 273 1096 340 Αἴγυπτον
1128 270 1218 336 τὴν
1250 270 1419 338 ἔνερθε
1454 269 1708 337 Μέμφιος.
1785 271 1863 322 καὶ

189 363 342 429 Μοίρι
373 360 501 412 οὔκω
533 357 592 424 ἧν
622 358 735 411 ἔτεα
765 357 1021 410 εἰνακόσια
1051 356 1438 421 τετελευτηκότι,
1473 356 1556 407 ὅτε
1587 360 1686 407 τῶν
1719 354 1863 421 ἱρέων

186 450 340 499 ταῦτα
370 445 469 512 ἐγὼ
499 442 695 508 ἤκουον.
769 446 856 494 νῦν
887 440 957 500 δέ,
985 442 1028 492 εἰ
1059 439 1126 507 μὴ
1159 440 1236 492 ἐπ’
1261 441 1520 492 ἑκκαίδεκα
1548 435 1579 504 ἢ
1605 441 1858 492 πεντεκαί-

187 534 305 583 δεκα
327 528 518 597 πήχεας
549 528 715 599 ἀναβῇ
738 526 794 578 τὸ
826 524 1104 594 ἐλάχιστον
1136 527 1162 576 6
1194 526 1430 590 ποταμός,
1459 524 1546 576 οὐκ
1569 525 1863 591 ὑπερβαίνει

141 639 162 678 5
188 617 238 668 ἐς
273 614 362 679 τὴν
398 613 582 682 χώρην.
671 609 906 663 δοκέουσί
938 610 993 662 τέ
1031 632 1116 676 μοι
1152 611 1438 677 Αἰγυπτίων
1478 612 1523 661 οἱ
1565 609 1734 676 ἔνερθε
1775 612 1862 673 τῆς
1905 632 1928 661 2

186 701 364 765 λίμνης
408 701 496 762 τῆς
542 698 751 764 Μοίριος
799 695 1048 748 οἰκέοντες
1091 694 1153 746 τά
1197 716 1251 746 τε
1298 694 1434 746 ἄλλα
1475 695 1636 797 χωρία
1681 694 1762 745 καὶ
1806 693 1862 744 τὸ

188 783 489 848 καλεόμενον
522 780 710 840 Δέλτα,
743 776 804 845 ἢν
835 781 960 831 οὕτω
998 780 1028 844 ἡ
1065 780 1203 847 χώρη
1241 780 1361 844 αὕτη
1401 781 1523 830 κατὰ
1557 779 1715 845 λόγον
1754 780 1857 830 ἐπι-
2001 829 2098 870 ἀμ

187 873 315 920 διδοῖ
347 869 398 920 ἐς
434 868 565 934 ὕψος
604 867 682 918 καὶ
712 865 770 916 τὸ
807 866 976 932 ὅμοιον
1009 866 1239 917 ἀποδιδοῖ
1268 866 1318 918 ἐς
1349 862 1576 929 αὔξησιν,
1611 885 1676 928 μη
1711 884 1833 914 κατα
1843 838 2098 924 ·m·-

188 953 450 1017 κλύζοντος
492 950 643 1016 αὐτὴν
682 955 770 1002 τοῦ
806 951 995 1001 Νείλου
1038 949 1308 1001 πείσεσθαι
1349 947 1435 1000 τὸν
1475 946 1636 1000 πάντα
1676 949 1860 1015 χρόνοι
1886 969 2083 1011 usn-„34

116 1059 165 1088 10
188 1036 276 1090 τὸν
317 1037 579 1088 ἐπίλοιπον
620 1035 883 1102 Αἰγύπτιοι
924 1035 983 1111 τό
1029 1055 1142 1085 κοτε
1186 1033 1322 1085 αὐτοὶ
1353 1031 1616 1097 “Ελληνας
1660 1032 1860 1099 ἔφασαν

186 1122 470 1174 πείσεσθαι.
561 1120 924 1185 πυνθανόμενοι
955 1121 1052 1188 γὰρ
1082 1118 1147 1171 ὡς
1181 1119 1316 1169 ὕεται
1350 1121 1491 1170 πᾶσα
1525 1117 1555 1182 ἡ
1592 1117 1728 1185 χώρη
1761 1121 1860 1169 τῶν
1904 1136 1928 1179 3

185 1203 466 1271 Ἑλλήνων,
502 1205 617 1258 ἀλλ’
649 1204 705 1256 οὐ
734 1208 1005 1270 ποταμοῖσι
1042 1202 1240 1269 ἄρδεται
1278 1201 1399 1253 κατά
1432 1224 1524 1268 περ
1554 1202 1584 1267 ἡ
1617 1200 1856 1269 σφετέρη,

187 1291 389 1359 ἔφασαν
409 1288 671 1355 ’Έλληνας
702 1287 1019 1356 ψευσθέντας
1058 1290 1170 1339 κοτὲ
1206 1289 1410 1339 ἐλπίδος
1445 1285 1670 1354 μεγάλης
1702 1291 1860 1339 κακῶς

187 1373 460 1441 πεινήσειν.
522 1374 580 1427 τὸ
601 1376 653 1426 δὲ
680 1374 797 1427 ἔπος
817 1377 962 1424 τοῦτο
986 1371 1150 1424 ἐθέλει
1174 1370 1343 1438 λέγειν
1365 1371 1445 1430 ὡς,
1470 1373 1512 1423 εἷ
1534 1371 1599 1437 μὴ
1626 1369 1860 1435 ἐθελήσει

116 1481 162 1522 15
189 1467 286 1528 σφι
321 1462 425 1512 ὕειν
455 1461 482 1510 6
512 1458 624 1513 θεὸς
665 1458 780 1511 ἀλλ’
812 1458 985 1528 αὐχμῷ
1022 1460 1341 1524 διαχρᾶσθαι,
1374 1461 1502 1526 λιμῷ
1535 1459 1580 1508 οἱ
1603 1455 1859 1520 Έλληνες

187 1543 552 1613 αιρεθήσονται·
614 1566 670 1595 ου
713 1545 808 1611 γὰρ
853 1541 912 1607 δή
960 1548 1059 1609 σφι
1102 1541 1214 1593 ἔστι
1255 1542 1432 1594 ὕδατος
1481 1541 1681 1605 οὐδεμία
1725 1539 1856 1604 ἄλλη

0 1608 201 1741 mg
188 1628 484 1697 ἆποσζζροφη
518 1631 595 1681 ὅτι
629 1651 696 1693 μη
729 1630 783 1679 ἐκ
814 1631 901 1679 τοῦ
934 1626 1057 1680 Διὸς
1091 1648 1289 1692 μουνον.
1381 1626 1460 1678 καὶ
1497 1629 1648 1677 ταῦτα
1684 1627 1776 1691 μὲν
1809 1627 1859 1679 ἐς
1898 1643 1954 1691 14

179 1713 439 1779 ’Έλληνας
469 1715 789 1781 Αἰγυπτίοισι
828 1713 984 1779 ὀρθῶς
1025 1710 1207 1781 ἔχοντα
1245 1712 1449 1779 εἴρηται.
1530 1709 1653 1778 φέρε
1691 1712 1743 1762 δὲ
1773 1714 1859 1762 νῦν

190 1799 267 1851 καὶ
291 1800 485 1867 αὐτοῖσι
506 1799 825 1866 Αἰγυπτίοισι
850 1797 914 1851 ὡς
938 1796 1045 1866 ἔχει
1070 1795 1267 1864 φράσω.
1330 1797 1377 1847 εἴ
1397 1801 1494 1861 σφι
1517 1794 1671 1853 θέλοι,
1696 1795 1760 1848 ὡς
1780 1795 1860 1846 καὶ

115 1903 165 1931 20
188 1885 428 1951 πρότερον
459 1883 616 1942 εἶπον,
648 1883 678 1948 ἡ
710 1883 847 1950 χώρη
878 1882 908 1947 ἡ
942 1881 1110 1948 ἔνερθε
1135 1880 1372 1948 Μέμφιος
1396 1878 1534 1944 (αὕτη
1566 1879 1662 1946 γάρ
1688 1881 1798 1931 ἐστι
1828 1879 1857 1943 ἡ

188 1965 515 2034 αὐξανομένη)
547 1970 669 2019 κατὰ
703 1968 860 2034 λόγον
896 1971 983 2018 τοῦ
1019 1964 1388 2034 παροιχομένου
1422 1965 1606 2033 χρόνου
1643 1966 1692 2018 ἐς
1727 1965 1859 2031 ὕψος

124 2120 126 2123 v
189 2051 505 2118 αὐξάνεσθαι,
538 2051 670 2104 ἄλλο
699 2073 747 2103 τι
775 2047 806 2115 ἢ
840 2053 885 2103 οἱ
915 2051 1069 2123 ταύτῃ
1101 2050 1347 2104 οἰκέοντες
1371 2051 1655 2116 Αἰγυπτίων
1687 2049 1856 2113 πεινή-

190 2158 355 2196 σουσι,
390 2139 432 2189 εἰ
470 2135 594 2203 μήτε
624 2158 683 2204 γε
722 2136 895 2188 ὕσεταί
928 2141 1025 2202 σφι
1054 2136 1084 2200 ἡ
1116 2135 1253 2203 χώρη
1284 2133 1407 2201 μήτε
1443 2136 1470 2185 ὁ
1499 2138 1719 2199 ποταμὸς
1757 2134 1858 2187 οἷός

26 2260 163 2310 Μ,
187 2242 242 2274 τε
272 2223 414 2274 ἔσται
447 2224 499 2276 ἐς
527 2224 614 2276 τὰς
645 2220 854 2288 ἀρούρας
876 2221 1224 2287 ὑπερβαίνειν;
1270 2218 1418 2287 ἣγᾶρ
1442 2218 1499 2283 δὴ
1526 2223 1613 2270 νῦν
1635 2240 1693 2284 γε
1724 2218 1860 2269 οὗτοι
1901 2239 1925 2270 2

0 2297 162 2365 'na-“2²5
189 2307 533 2375 ἆπονῃῑότατα
562 2305 750 2373 καρπὸν
772 2306 1053 2371 κομίζονται
1079 2306 1132 2356 ἐκ
1156 2308 1248 2371 γῆς
1271 2309 1370 2356 τῶν
1393 2326 1447 2355 τε
1471 2303 1642 2355 ἄλλων
1667 2303 1853 2369 ἀνθρώ-

245 2457 269 2483 2
300 2445 385 2499 Μύρ
388 2461 420 2486 ις
442 2444 576 2484 RSV
689 2446 819 2485 ἐννακ.
846 2444 1151 2492 τετελευτηκὼς
1173 2442 1310 2482 RSV
1419 2444 1488 2496 ἱερ.
1515 2441 1604 2479 RV
1748 2453 1774 2490 3
1805 2442 1854 2493 εἰ]

188 2500 446 2549 ‘thRSV
557 2513 581 2548 4
612 2497 785 2550 τουλάχ.
808 2497 900 2536 RV
997 2497 1182 2550 οὗχΑΒ
1311 2510 1335 2547 5
1366 2497 1414 2538 δε
1438 2460 1572 2536 RSV
1682 2499 1856 2545 τῆςοιῃ.

188 2554 228 2593 Α
243 2554 324 2594 BC
339 2555 373 2594 P
467 2556 494 2593 6
524 2553 623 2607 Μύρ.
649 2553 688 2591 R
703 2553 784 2593 SV
869 2566 891 2603 7
915 2558 956 2592 et
977 2554 1003 2591 8
1033 2555 1192 2606 ἐπιδιδῷ
1212 2560 1254 2592 et
1275 2554 1447 2604 ἀποδιδῷ
1463 2551 1577 2590 Reiz
1648 2551 1674 2589 8
1703 2553 1794 2591 καὶ.

189 2612 355 2663 αὔξησιν
378 2609 459 2649 del.
486 2609 754 2649 Valckenaer
897 2621 947 2647 10
977 2608 1185 2649 ἐπίλειπον
1207 2607 1247 2646 R
1352 2606 1561 2655 ’Έλληνας
1585 2607 1695 2646 αυτοὶ
1723 2605 1761 2643 R
1778 2580 1859 2644 SV

192 2676 235 2702 11
269 2663 478 2716 πυθόμενοι
502 2664 540 2702 Α
556 2664 590 2703 Β
606 2663 687 2703 CP
821 2676 869 2712 14
901 2663 1063 2712 θελήσει
1086 2663 1148 2702 C:
1179 2662 1354 2712 ἐθελήσῃ
1376 2661 1432 2699 Rc
1445 2662 1501 2700 V'
1515 2661 1545 2700 S
1662 2672 1710 2710 15
1741 2660 1857 2711 σφίσι

188 2718 227 2766 Α
241 2718 275 2757 Β
289 2719 322 2758 C
338 2719 371 2758 P
539 2721 588 2789 16
618 2720 786 2773 ἀναιρεθ.
810 2718 840 2757 S
1010 2731 1059 2767 17
1092 2720 1131 2759 ἐς
1150 2731 1232 2790 01'1‘1.
1257 2717 1295 2755 R
1468 2717 1515 2754 18
1546 2716 1666 2770 ὀρθῶς
1681 2746 1691 2755 .
1712 2746 1721 2754 .
1738 2746 1745 2753 .
1765 2717 1854 2767 Azy.

189 2773 463 2882 {T'affggffrm
490 2778 698 2868 Rgvom‘
737 2773 842 2871 Rezs
862 2828 952 2866 RV
1003 2785 1052 2823 ¹9
1094 2772 1349 2880 εθελεηρσεᾸῑὲ
1364 2772 1445 2868 {²2⁷
1467 2826 1506 2864 R
1522 2769 1855 2878 sv'fasstssfnhelc.

191 2883 456 2934 Kallenberg
676 2897 729 2934 23
757 2901 807 2936 γε
828 2885 851 2924 ὕ
870 2898 890 2920 4-
908 2883 996 2923 εταί
1018 2882 1051 2921 C
1071 2897 1080 2922 z
1107 2882 1300 2935 γεύσεται
1324 2883 1363 2921 R
1379 2882 1458 2921 SV
1583 2880 1715 2934 χώρη]
1739 2897 1783 2932 χ.
1805 2882 1857 2921 τὰ

190 2939 266 3037 «ἐπὸ
285 2939 388 3035 ΑΔιὸῙςὲ
402 2938 536 3034 ἕξιν
728 2952 781 2989 24
813 2941 850 2980 ἐς
873 2940 946 2980 τὰς
970 2950 1051 2978 om.
1082 2938 1120 2976 R
1136 2938 1166 2976 S
1180 2938 1215 2975 V
1422 2948 1472 2985 25
1504 2936 1799 2985 ἆπονητότατοι
1821 2935 1855 2973 C

213 3009 236 3036 κ
255 3011 329 3046 της
