2098 3320
748 168 1128 217 ιΣΤοΡιΩΝ
1194 169 1232 216 Γ
1875 170 1964 218 111.
1991 182 2045 233 71

103 298 106 300 v
162 299 304 370 μάγῳ
337 298 564 352 θάνατον.
638 300 809 352 ἐπείτε·
832 302 884 352 δὲ
915 298 1174 365 συνήνεικε
1205 300 1337 353 ὥστε
1363 300 1441 352 καὶ
1470 299 1622 366 ὑμέας
1653 300 1843 354 εἰδέναι-

167 386 246 437 καὶ
275 384 341 450 μὴ
371 389 554 450 μοῦνον
587 383 687 449 ἐμέ,
723 383 908 436 ποιέειν
939 384 1112 437 αὐτίκα
1141 406 1224 450 μοι
1265 384 1425 437 δοκέει
1468 386 1546 437 καὶ
1581 385 1648 451 μὴ
1684 387 1832 453 ὑπερ-

164 467 471 535 βάλλεσθαι·
518 467 575 519 οὐ
613 469 708 536 γὰρ
748 468 967 534 ἄμεινον.
1060 469 1166 521 εἶπε
1209 469 1332 537 πρὸς
1362 475 1514 521 ταῦτα
1546 471 1572 520 ὁ
1602 468 1833 535 Ὀτάνης·
1874 493 1924 534 3-

157 551 231 604 φΩ,
267 556 359 607 παῖ
392 551 726 612 (Ὑστάσπεος,
771 552 841 607 εἲς
885 575 938 605 τε
983 553 1168 622 πατρὸς
1215 554 1405 621 ἀγαθοῦ
1450 554 1531 606 καὶ
1577 555 1834 621 ἐκφαίνειν

118 659 141 700 5
167 637 304 691 οῖκας
344 636 564 689 σεωυτὸν
605 637 751 689 ἐόντα
791 642 879 689 τοῦ
915 637 1100 705 πατρὸς
1141 638 1283 691 οὐδὲν
1320 638 1484 703 ἥσσω·
1533 638 1624 704 τὴν
1661 637 1834 704 μέντοι

165 723 481 792 ἐπιχείρησιν
511 721 695 788 ταύτην
731 721 797 787 μὴ
835 723 961 774 οὕτω
999 721 1279 792 συντάχυνε
1318 723 1569 788 ἀβούλως,
1604 723 1721 776 ἀλλ’
1752 723 1834 776 ἐπὶ

165 806 222 859 τὸ
253 804 675 883 σωφρονέστερον
710 806 862 871 αὐτὴν
898 806 1151 873 λάμβανε·
1199 812 1275 860 δεῖ
1309 810 1404 875 γὰρ
1443 812 1660 863 πλεῦνας
1687 829 1832 876 γενο-

164 891 343 957 μένους
401 891 555 945 οὕτως
617 890 928 959 ἐπιχειρέειν.
1002 890 1158 960 ,λέγει
1217 891 1338 959 πρὸς
1394 896 1548 944 ταῦτα
1600 897 1832 960 Δαρεῖος·
1876 914 1903 956 4

158 974 368 1042 Ἀνδρες
413 977 459 1027 οἱ
503 975 787 1042 παρεόντες,
829 977 993 1046 τρόπῳ
1036 981 1103 1046 τῷ
1148 975 1385 1047 εἰρημένῳ
1428 975 1488 1042 ἐξ
1523 975 1746 1030 Ὀτάνεω
1791 978 1835 1030 εἰ

95 1088 143 1117 ιο
165 1058 441 1129 χρήσεσθε,
480 1061 758 1113 ἐπίστασθε
796 1061 872 1111 ὅτι
909 1060 1194 1113 ἀπολέεσθε
1237 1060 1462 1113 κάκιστα·
1510 1060 1696 1126 ἐξοίσει
1739 1059 1835 1129 γάρ

165 1165 240 1198 τις
287 1142 410 1211 πρὸς
454 1143 543 1196 τὸν
588 1141 765 1211 μάγον,
814 1145 911 1216 ἰδίῃ
957 1146 1392 1212 περιβαλλόμενος
1437 1146 1601 1216 ἑωυτῷ
1642 1145 1832 1214 κέρδεα.

165 1225 389 1294 μάλιστα
438 1227 532 1294 μέν
582 1249 670 1281 νυν
716 1229 961 1297 ὠφείλετε
1011 1229 1086 1282 ἐπ’
1139 1228 1301 1295 ὑμέων
1350 1229 1510 1282 αὐτῶν
1557 1231 1837 1296 βαλόμενοι
1879 1253 1900 1299 5

166 1311 353 1366 ποιέειν
383 1317 551 1365 ταῦτα·
598 1313 764 1366 ἐπείτε
795 1316 848 1366 δὲ
878 1315 992 1379 ὑμῖν
1024 1313 1293 1382 ἀναφέρειν
1325 1315 1376 1368 ἐς
1412 1319 1630 1368 πλεῦνας
1667 1316 1836 1367 ἐδόκεε

169 1397 248 1449 καὶ
285 1397 393 1463 ἐμοὶ
427 1395 748 1464 ὑπερέθεσθε,
780 1393 810 1462 ἢ
847 1397 1096 1464 ποιέωμεν
1134 1397 1352 1466 σήμερον
1391 1394 1421 1463 ἢ
1461 1401 1572 1451 ἵστε
1608 1401 1723 1465 ὑμῖν
1759 1400 1836 1451 ὅτι

94 1507 140 1548 15
167 1477 228 1546 ἡν
262 1479 518 1554 ὑπερπέσῃ
548 1482 578 1547 ἡ
610 1486 698 1535 νῦν
735 1479 907 1549 ἡμέρη,
942 1482 1007 1536 ὡς
1045 1482 1133 1534 οὐκ
1168 1481 1325 1537 ἄλλος
1363 1485 1496 1551 φθὰς
1533 1484 1648 1548 ἐμεῦ
1687 1483 1832 1549 κατή-

166 1587 314 1634 γορος
345 1566 506 1631 ἔσται,
539 1565 674 1618 ἀλλά
703 1573 842 1635 σφεα
864 1565 1010 1620 αὐτὸς
1040 1568 1138 1635 ἐγὼ
1164 1564 1374 1636 κατερέω
1399 1567 1520 1636 πρὸς
1543 1567 1629 1620 τὸν
1652 1567 1830 1636 μάγον.

165 1647 308 1718 λέγει
329 1649 452 1719 πρὸς
472 1655 624 1703 ταῦτα
646 1649 875 1717 Ὀτάνης,
903 1651 1073 1716 ἐπειδὴ
1098 1653 1200 1719 ὥρα
1226 1653 1574 1721 σπερχόμενον
1599 1657 1833 1720 Δαρεῖον·
1873 1665 1938 1717 72

167 1734 369 1789 Ἐπείτε
405 1733 560 1802 ἡμέας
601 1736 928 1804 συνταχύνειν
969 1735 1261 1804 ἀναγκάζεις
1303 1737 1382 1788 καὶ
1422 1736 1836 1803 ὑπερβάλλεσθαι

168 1819 255 1872 οὐκ
278 1821 378 1891 ἐᾷς,
402 1821 473 1873 ἵθι
495 1817 672 1888 ἐξηγέο
697 1819 842 1875 αὐτὸς
867 1822 989 1892 ὅτεῳ
1013 1822 1177 1892 τρόπῳ
1196 1819 1408 1889 πάριμεν
1427 1823 1479 1875 ἐς
1501 1823 1562 1874 τᾶ
1585 1820 1836 1888 βασιλήια

93 1929 144 1959 20
169 1904 249 1957 καὶ
291 1903 680 1973 ἐπιχειρήσομεν,
719 1905 931 1958 αὐτοῖσι.
1021 1907 1249 1973 φυλακὰς
1289 1907 1384 1973 γὰρ
1428 1905 1487 1971 δὴ
1529 1907 1837 1961 διεστεώσας

167 1989 304 2044 οἶδάς
349 2011 434 2042 κου
479 1990 558 2042 καὶ
602 1990 763 2049 αὐτός,
807 1992 850 2042 εἷ
889 1989 955 2056 μὴ
998 1991 1130 2049 ἰδών,
1175 1989 1291 2042 ἀλλ’
1333 1990 1567 2044 ἀκούσας·
1614 1993 1702 2045 τὰς
1741 1990 1835 2062 τέῳ

166 2074 332 2146 τρόπῳ
378 2072 689 2142 περήσομεν;
754 2073 1014 2140 α’μείβεται
1059 2080 1272 2142 Δαρεῖος
1314 2076 1519 2127 τοισίδε·
1567 2074 1772 2141 Ὀτάνη,
1805 2075 1837 2141 ἧ
1875 2097 1900 2129 2

168 2156 338 2211 πολλά
381 2160 491 2212 ἐστι
534 2161 597 2211 τὰ
637 2160 775 2230 λόγῳ
821 2161 913 2225 μὲν
958 2159 1044 2212 οὐκ
1089 2159 1169 2212 οἶά
1214 2181 1269 2212 τε
1314 2162 1554 2224 δηλῶσαι,
1603 2159 1730 2231 ἔργῳ
1762 2157 1833 2213 δέ·

166 2242 302 2296 ἄλλα
331 2242 374 2295 δ’
404 2243 515 2296 ἐστὶ
543 2245 605 2296 τὰ
634 2244 772 2314 λόγῳ
800 2246 893 2310 μὲν
925 2243 1004 2296 οῗά
1035 2266 1103 2304 τε,
1140 2243 1285 2311 ἔργον
1317 2246 1370 2296 δὲ
1401 2243 1541 2297 οὐδὲν
1564 2244 1650 2297 ἀπ’
1675 2245 1836 2297 αὐτῶν

92 2326 396 2395 ο5·λαμπρὸν
426 2329 654 2396 γίνεται.·
720 2330 859 2394 ὑμεῖς
890 2330 942 2381 δὲ
974 2330 1085 2381 ἵστε
1110 2330 1337 2396 φυλακὰς
1369 2330 1458 2383 τὰς
1489 2331 1836 2384 κατεστεώσας

167 2411 348 2466 ἐούσας
392 2412 535 2465 οὐδὲν
573 2414 801 2481 χαλεπὰς
842 2417 1127 2480 παρελθεῖν.
1215 2418 1359 2465 τοῦτο
1402 2415 1494 2479 μὲν
1534 2416 1629 2482 γὰρ
1670 2413 1834 2480 ἡμέων
1875 2435 1900 2478 3

220 2565 245 2591 2
293 2551 622 2607 ὑπερβαλλέσθαι
660 2552 725 2593 V:
769 2552 1071 2606 ὑπερβαλέσθαι
1110 2552 1206 2592 ΑΒ
1230 2552 1264 2591 C
1287 2552 1318 2592 S
1483 2565 1508 2602 3
1558 2556 1580 2594 ὁ
1618 2565 1701 2594 om.
1746 2552 1835 2593 SV

166 2619 191 2658 5
223 2607 353 2649 ἔοικας
373 2608 461 2647 ΑΒ
477 2608 585 2647 CP:
613 2606 712 2656 ἧκας
734 2607 816 2647 SV
928 2607 1026 2649 ὄντα
1048 2607 1087 2646 R
1103 2607 1183 2646 SV
1291 2606 1424 2657 ἧσσον
1449 2607 1482 2645 C
1624 2609 1652 2648 6
1680 2607 1836 2657 ταύτην

165 2675 248 2702 om.
275 2662 410 2702 RSV
601 2675 629 2712 9
658 2661 849 2704 Ὀτάνεος
868 2661 957 2700 ΑΒ
974 2662 1159 2701 CRSV
1346 2675 1396 2703 10
1426 2660 1668 2704 ἀπολέεσθαι
1688 2661 1777 2702 ΑΒ
1794 2662 1833 2702 R

169 2728 213 2755 11
248 2719 397 2758 ἑωυτοῦ
418 2717 458 2756 R
474 2717 556 2757 SV
723 2730 771 2756 12
801 2722 928 2765 βαλλ.
952 2716 987 2756 Β
1005 2716 1252 2756 PRSVCc
1410 2729 1458 2766 14
1488 2717 1677 2767 ποιέομεν
1700 2718 1737 2757 R
1754 2717 1835 2757 SV

171 2783 218 2821 15
248 2774 391 2825 ἥνπερ
414 2771 678 2821 vre‘aernRSV
866 2773 915 2811 16
945 2771 1279 2823 mpeasABCP
1462 2783 1507 2821 17
1539 2771 1835 2813 ‹Vm-‚RSV

166 2825 443 2880 παρεχόμενον
463 2826 497 2865 C
660 2827 709 2866 18
741 2827 874 2868 ἐπείτε
896 2825 941 2868 δὲ
963 2826 997 2865 C
1119 2826 1238 2878 ὑμέας
1260 2825 1350 2864 RV
1501 2839 1549 2876 19
1579 2826 1731 2879 ἐξηγέω
1752 2827 1834 2867 SV

166 2893 221 2920 20
247 2883 325 2934 γὰρ
345 2893 427 2921 om.
452 2880 492 2919 R
605 2883 830 2923 διεστώσας
851 2881 891 2920 Α
906 2881 940 2922 Β
960 2879 998 2920 R
1014 2881 1044 2921 S
1058 2881 1096 2919 V
1244 2893 1291 2920 21
1326 2880 1413 2922 οἶδά
1433 2879 1471 2919 Α
1487 2879 1520 2918 Β
1534 2880 1567 2919 C
1681 2881 1833 2924 ἀκούων

168 2935 207 2974 R
223 2934 304 2975 SV
428 2936 501 2977 τὰς
518 2935 717 2975 Bekker:
748 2937 793 2979 ἃς
811 2937 844 2975 L
1007 2949 1060 2975 22
1089 2936 1332 2989 πειρήσομεν
1348 2934 1381 2973 Ρ
1395 2934 1432 2973 R
1451 2936 1480 2974 S
1496 2933 1603 2974 VC2
1623 2935 1767 2989 (περίσ.
1789 2939 1830 2986 Ι)

165 2993 303 3031 τοῖσδε
326 2989 359 3028 L
469 2991 495 3040 ἢ
518 2990 551 3031 C
569 3005 578 3031 ε
610 3004 691 3032 om.
715 2992 755 3031 R
771 2991 800 3031 S
814 2990 852 3030 V
978 3004 1029 3042 25
1061 2991 1243 3046 λαμβρὺν
1266 2989 1298 3029 C
1411 2991 1674 3034 κατεστῶσας
1696 2989 1734 3030 R
1750 2990 1832 3032 SV

167 3045 221 3084 26
250 3043 379 3098 ὑμέων
400 3043 481 3086 SV
