2098 3320
786 121 1166 171 ΙΣΤΟΡΙΩΝ
1230 120 1271 169 Α
1908 124 2061 186 I.192

197 254 250 322 ἐς
278 252 365 306 τὸν
396 251 620 306 ἐνιαυτὸν
654 253 769 307 τοὺς
797 251 1044 320 τέσσερας
1083 249 1275 319 [μῆνας]
1306 251 1482 319 τρέφει
1511 273 1596 318 μιν
1630 252 1660 317 ἡ
1699 255 1868 318 Βαβυ-

195 338 351 404 λωνίη
381 338 535 406 χώρη,
568 337 682 392 τοὺς
713 340 765 390 δὲ
795 338 922 390 ὀκτὼ
953 343 1053 390 τῶν
1083 342 1252 403 μηνῶν
1282 336 1312 402 ἡ
1344 335 1672 402 λοιπὴ-πᾶσα
1702 335 1866 402 Ἀσίη.

137 451 140 454 >
197 424 324 475 οὕτω
368 422 651 490 τριτημορίη
697 422 726 487 ἡ
771 421 1019 491 Ἀσσυρίη
1068 422 1205 491 χώρη
1255 429 1319 495 τῇ
1361 419 1537 488 δυνάμι
1580 424 1667 486 τῆς
1712 420 1872 486 ἄλλης
1906 440 1931 471 2

197 505 390 573 Ἀσίης.
482 508 559 559 καὶ
604 507 633 571 ἡ
676 506 805 576 ἀρχὴ
856 510 943 572 τῆς
990 507 1155 575 χώρης
1187 507 1381 571 ταύτης,
1432 505 1523 570 τὴν
1573 508 1620 558 οἱ
1673 505 1872 573 Πέρσαι

151 612 173 653 5
199 591 513 658 σατραπηίην
544 590 798 651 καλέουσι,
836 591 947 644 ἐστὶ
979 590 1216 644 ἁπασέων
1247 596 1344 643 τῶν
1376 590 1574 660 ἀρχέων
1596 591 1793 643 πολλόν
1824 612 1870 642 τι

200 677 464 780 κρατίστη,
494 676 610 728 ὅκου
644 676 1022 749 Τριτανταίχμη
1058 681 1126 747 τῷ
1168 674 1483 744 Ἀρταβάζου
1524 677 1579 727 ἐκ
1622 675 1871 741 βασιλέος

199 760 368 828 ἔχοντι
414 760 500 813 τὸν
549 760 701 827 νομὸν
753 766 926 814 τοῦτον
977 761 1210 829 ἀργυρίου
1256 763 1349 826 μὲν
1397 759 1607 828 προσήιε
1657 758 2098 828 ἐκάστηςρ-κυὶικ

197 844 380 911 ἡμέρης
417 843 610 912 ἀρτάβη
643 845 807 912 μεστή
843 845 890 911 (ἡ
932 849 985 899 δε
1030 844 1224 913 ἀρτάβη
1267 844 1450 913 μέτρον
1495 844 1576 897 ἐὸν
1616 845 1871 913 Περσικὸν
1908 857 2089 920 35⁹⁸*

198 928 379 998 χωρέει
421 931 656 996 μεδίμνου
693 930 922 983 Ἀττικοῦ
967 931 1124 983 πλέον
1168 928 1351 998 χοίνιξι
1396 931 1531 997 τρισὶ
1576 929 1869 1003 Ἀττικῇσι),

129 1034 176 1064 ιο
199 1015 343 1067 ἵπποι
373 1014 428 1066 δέ
458 1017 504 1067 οἱ
541 1016 689 1067 αὐτοῦ
721 1014 851 1079 ἦσαν
892 1017 1004 1088 ἰδίῃ,
1039 1014 1202 1082 πάρεξ
1233 1020 1331 1067 τῶν
1367 1015 1791 1082 πολεμιστηρίων,
1825 1017 1871 1067 οἱ

199 1101 289 1164 μὲν
327 1099 687 1165 ἀναβαίνοντες
722 1102 810 1154 τὰς
849 1099 1032 1165 θηλέας
1062 1101 1363 1159 ὀκτακόσιοι,
1398 1102 1448 1152 αἱ
1487 1102 1539 1152 δὲ
1574 1101 1871 1166 βαινόμεναι

201 1181 539 1253 ἑξακισχίλιαι
570 1185 648 1236 καὶ
678 1184 862 1251 μύριαι·
908 1184 1145 1250 ἀνέβαινε
1169 1185 1264 1251 γὰρ
1289 1185 1498 1238 ἕκαστος
1529 1190 1628 1236 τῶν
1653 1184 1870 1251 ἐρσένων

199 1268 386 1321 τούτων
423 1270 591 1321 εἴκοσι’
625 1270 820 1323 ἵππους.
899 1274 1055 1321 κυνῶν
1101 1273 1153 1322 δὲ
1197 1268 1419 1322 Ἰνδικῶν
1465 1273 1675 1321 τοσοῦτο
1722 1268 1779 1334 δή
1825 1291 1872 1322 τι
1905 1291 1932 1333 4

201 1355 392 1417 πλῆθος
433 1353 670 1421 ἐτρέφετο
712 1355 845 1406 ὥστε
885 1353 1126 1421 τέσσερες
1170 1359 1268 1405 τῶν
1315 1356 1367 1406 ἐν
1411 1358 1479 1424 τῷ
1522 1354 1672 1424 πεδίῳ
1716 1359 1873 1419 κῶμαι

128 1455 173 1497 15
200 1436 431 1504 μεγάλαι,
465 1443 564 1490 τῶν
594 1437 767 1491 ἄλλων
799 1441 970 1491 ἐοῦσαι
1007 1438 1223 1498 ἀτελέες,
1255 1444 1391 1491 τοῖσι
1423 1440 1536 1491 κυσὶ
1571 1439 1871 1506 προσετετά-

201 1543 328 1591 χατο
360 1523 497 1574 σιτία
533 1522 788 1593 παρέχειν.
877 1529 1077 1576 τοιαῦτα
1112 1526 1204 1590 μὲν
1240 1529 1307 1593 τῷ
1345 1523 1551 1591 ἄρχοντι
1581 1527 1668 1589 τῆς
1700 1528 1867 1590 Βαβυ-

200 1612 361 1661 λῶνος
395 1609 587 1676 ὑπῆρχε
628 1610 789 1661 ἐόντα.
879 1610 909 1674 ἡ
946 1611 998 1660 δὲ
1036 1611 1099 1676 γῆ
1138 1613 1236 1661 τῶν
1271 1608 1560 1675 Ἀσσυρίων
1598 1610 1735 1661 ὕεται
1779 1631 1870 1675 μεν
1906 1623 1998 1673 193

200 1692 372 1762 ὀλίγῳ,
412 1694 491 1745 καὶ
535 1692 590 1744 τὸ
581 1692 874 1762 ἐκτρέφον
918 1715 1007 1757 την
1049 1694 1188 1761 ῥίζαν
1233 1698 1318 1745 τοῦ
1366 1695 1506 1745 σίτου
1552 1694 1661 1745 ἐστὶ
1704 1698 1866 1746 τοῦτο.
1873 1688 2036 1737 &⁸⁸⁶²
2035 1701 2098 1730 ω’

201 1776 472 1847 ἀρδόμενον
496 1776 666 1843 μέντοι
697 1780 750 1829 ἐκ
780 1782 866 1829 τοῦ
897 1782 1121 1843 ποταμοῦ
1154 1779 1416 1848 ἁδρύνεταί
1442 1800 1497 1830 τε
1527 1782 1582 1829 τὸ
1613 1776 1757 1842 ληιον
1790 1755 2098 1859 καὶψη

124 1878 170 1907 20
198 1863 522 1929 παραγίνεται
563 1863 590 1913 ὁ
631 1867 785 1921 σῖτος,
829 1863 886 1915 οὗ
933 1862 1054 1914 κατά
1095 1884 1188 1929 περ
1227 1865 1282 1914 ἐν
1323 1863 1556 1933 Αἰγύπτῳ
1594 1862 1743 1915 αὐτοῦ
1783 1868 1869 1915 τοῦ

199 1951 421 2011 ποταμοῦ
457 1947 820 2012 ἀναβαίνοντος
857 1949 908 2001 ἐς
944 1949 1032 2001 τὰς
1073 1946 1298 2014 ἀρούρας,
1334 1949 1469 1999 ἀλλὰ
1508 1948 1661 2016 χερσί
1696 1969 1749 1999 τε
1789 1949 1867 2000 καὶ

185 2021 521 2101 ’κηλωνηίοισι
553 2032 836 2098 ἀρδόμενος.
883 2032 912 2097 ἡ
944 2034 1038 2099 γὰρ
1063 2034 1365 2097 Βαβυλωνίη
1397 2032 1533 2100 χώρη
1566 2036 1721 2090 πᾶσα,
1747 2031 1866 2083 κατά
1906 2033 2098 2085 ,2ωῶ

197 2135 288 2181 περ
318 2115 347 2180 ἡ
381 2117 640 2183 Αἰγυπτίη,
677 2115 1034 2182 κατατέτμηται
1065 2118 1116 2170 ἐς
1146 2117 1406 2186 διώρυχας·
1462 2118 1541 2169 καὶ
1581 2117 1610 2181 ἡ
1651 2118 1863 2184 μεγίστη

197 2204 294 2251 τῶν
340 2201 597 2270 διωρύχων
641 2202 751 2254 ἐστὶ
796 2200 1169 2269 νηυσιπέρητος,
1209 2206 1330 2268 πρὸς
1370 2202 1516 2267 ἥλιον
1556 2201 1863 2273 τετραμμένη
1900 2205 2098 2255 «Ἅι.ςὲ-

122 2300 170 2341 25
197 2287 610 2353 τ’,ὂ-ιζ-χειμερινόν,
645 2285 816 2355 ἐσέχει
845 2289 898 2339 δὲ
930 2286 981 2340 ἐς
1012 2285 1173 2339 ἄλλον
1204 2285 1428 2352 ποταμὸν
1451 2286 1507 2338 ἐκ
1539 2291 1625 2338 τοῦ
1657 2285 1861 2354 Εὐφρή-

195 2389 305 2428 τεω,
340 2369 392 2423 ἐς
424 2369 510 2422 τὸν
539 2372 745 2438 Τίγρην,
781 2370 894 2437 παρ’
928 2370 984 2422 ὃν
1016 2372 1174 2425 Νίνος
1211 2372 1357 2424 πόλις
1395 2373 1579 2436 οἴκητο.
1669 2372 1779 2423 ἔστι
1811 2374 1863 2423 δὲ

254 2521 270 2546 1
302 2507 505 2570 τέσσαρας
537 2508 812 2561 PRSV[C]
929 2511 1057 2559 μῆνας
1085 2521 1168 2549 om.
1204 2508 1242 2546 R
1260 2508 1341 2547 SV
1519 2521 1544 2546 2
1582 2512 1664 2550 τῶν
1694 2521 1775 2548 om.
1804 2506 1860 2546 Al

192 2574 219 2612 3
249 2579 458 2617 τριτημοιρ
461 2563 499 2611 ίη
522 2563 561 2601 R
577 2563 658 2603 SV
740 2564 765 2611 ἡ
789 2562 903 2604 ’.Ασσ
923 2576 1005 2603 om.
1030 2563 1069 2600 R
1085 2563 1168 2602 SV
1253 2561 1415 2612 δυνάμει
1437 2564 1470 2603 L
1578 2575 1603 2613 5
1635 2563 1863 2614 σατραπίην

194 2617 228 2656 C
245 2617 283 2656 R
300 2619 381 2657 SV
456 2618 632 2671 ἀρχαίων
650 2618 683 2656 Β
699 2618 732 2658 C
750 2618 789 2656 R
806 2619 887 2657 SV
996 2619 1023 2656 6
1042 2618 1270 2689 Τριταίχμη
1288 2617 1326 2655 R
1343 2618 1373 2657 S
1387 2617 1425 2655 V
1537 2630 1559 2666 7
1582 2635 1611 2657 π
1611 2618 1808 2671 ροσή(ι)ει
1827 2618 1861 2656 L

193 2673 219 2710 8
245 2671 396 2727 μέτρον
416 2674 504 2714 ἐστὶ
527 2680 573 2713 Π.
601 2672 754 2726 χωρέον
775 2673 814 2711 R
833 2673 862 2713 S
877 2673 914 2711 V
1097 2686 1123 2722 9
1153 2672 1343 2720 Ἀττικῆς
1362 2671 1401 2710 Α
1418 2672 1452 2710 Β
1467 2672 1501 2712 C
1518 2672 1551 2711 P
1660 2675 1805 2714 πλεῖον
1827 2673 1861 2711 L
1931 2676 1941 2685 '

197 2739 247 2766 10
274 2727 555 2778 πολεμιστέων
586 2727 625 2766 R
642 2729 671 2767 S
685 2729 723 2767 V
946 2740 990 2766 11
1025 2728 1188 2776 θηλείας
1219 2727 1258 2765 R
1275 2727 1304 2766 S
1318 2727 1356 2765 V
1581 2740 1630 2766 12
1660 2728 1748 2780 ἆρσ.
1780 2727 1814 2766 Ρ
1829 2728 1859 2767 S

197 2794 245 2831 13
274 2782 456 2823 τοσούτω
478 2782 517 2820 R
671 2796 719 2832 14
748 2781 946 2837 τέσσαρες
968 2784 1001 2822 C
1018 2782 1052 2821 P
1067 2783 1106 2820 R
1123 2782 1154 2822 S
1167 2782 1206 2820 V
1357 2795 1406 2833 19
1436 2782 1701 2835 ἀρδευόμενον
1722 2782 1758 2820 R
1777 2783 1808 2822 S
1822 2783 1861 2821 V

191 2853 239 2877 τε
269 2850 350 2878 orn.
387 2835 438 2875 Β1
457 2837 495 2876 R
512 2837 541 2876 S
557 2837 593 2875 V
812 2851 860 2876 21
904 2839 967 2879 καὶ
998 2846 1147 2887 κηλων.
1183 2837 1263 2887 (sic
1295 2837 1334 2875 R
1366 2837 1580 2890 quoque)]
1614 2838 1774 2878 ἰδίοισιν
1801 2837 1856 2878 S:

191 2893 217 2940 ἠ
231 2902 259 2931 «ι-
273 2894 369 2940 ἣσιν
386 2892 426 2930 V
618 2906 670 2943 23
702 2895 741 2934 ἐς
763 2893 844 2933 del.
867 2893 1066 2943 Krueger
1256 2906 1309 2941 24
1340 2893 1456 2942 νηυσὶ
1477 2894 1650 2946 περητὸς
1671 2892 1705 2932 Β
1721 2893 1761 2932 R
1776 2893 1807 2933 S
1820 2894 1859 2932 V

193 2958 244 2995 25
275 2946 490 3000 Εὐφράτεω
512 2947 550 2986 R
567 2948 597 2987 S
613 2948 647 2987 V
841 2949 894 2986 26
922 2949 1060 3001 Τίγριν
1083 2947 1116 2986 Ρ
1228 2951 1367 2996 οἴκητο
1389 2947 1588 2988 Cantabr.
1613 2962 1622 2987 ε
1653 2949 1691 2989 οἷ
1710 2965 1857 2997 ωικητο

191 2999 403 3041 ABCP:
437 3004 634 3052 οἷκῶκητο
658 3003 795 3042 RSV
