2098 3320
0 90 28 104 „.

0 109 14 132 ς

0 131 15 174 ιιι,

97 12 128 23 ρ·

735 122 1113 209 ΙΣΤΟΡΙΩΝ
1177 161 1221 208 Δ

158 290 347 362 κόλπου
375 290 429 341 δὲ
452 285 698 359 ἀχομένου
728 290 816 352 τῆς
845 288 1147 367 γῆςῌύτης
1177 289 1207 354 ἡ
1242 287 1454 354 Σκυθική
1487 311 1542 342 τε
1574 288 1823 343 ἐκδέκεται

0 386 105 442 ἐμά
156 374 235 429 καὶ
267 374 294 423 ὁ
316 371 518 440 Ἴστρος
546 371 736 438 ἐκδιδοῖ
763 372 814 426 ἐς
847 372 1015 437 αὐτήν,
1050 372 1172 440 πρὸς
1205 373 1347 441 εὖρον
1370 373 1555 439 ἄνεμον
1578 374 1635 426 τὸ
1660 376 1824 439 στόμα

0 439 82 505 Κ.

154 455 499 526 τετραμμένος.
588 456 647 509 τὸ
693 458 747 509 δὲ
795 457 894 508 ἀπὸ
933 456 1140 523 Ἴστρου
1188 457 1397 526 ἔρχομαι
1446 457 1711 523 σημανέων
1763 460 1822 509 τὸ

153 547 275 610 πρὸς
322 540 591 594 θάλασσαν
638 540 788 606 αὐτῆς
833 543 919 605 τῆς
969 544 1209 605 Σκυθικῆς
1257 542 1422 609 χώρης
1469 544 1519 595 ἐς
1565 542 1823 609 μέτρησιν.

105 655 128 696 5
153 626 251 682 ἀπὸ
271 625 475 695 Ἴστρου
505 626 625 690 αὕτη
656 624 747 690 ἤδη
779 620 854 691 (ἡ)
884 626 1065 694 ἀρχαίη
1101 627 1280 690 Σκυθίη
1313 628 1438 684 ἐστι’,
1473 626 1595 693 πρὸς
1630 648 1821 692 μεσαμ-

153 713 304 780 βρίην
338 732 393 764 τε
430 710 508 763 καὶ
544 710 688 763 νότον
725 708 908 775 ἄνεμον
946 708 1159 776 κειμένη,
1194 709 1343 778 μέχρι
1380 711 1555 764 πόλιος
1592 712 1821 779 Καρκινί-

153 800 286 850 τιδος
317 793 633 861 καλεομένης.
722 793 780 846 τὸ
804 796 856 846 δὲ
882 793 981 847 ἀπὸ
1011 794 1192 859 ταύτης
1215 793 1306 858 τὴν
1329 796 1421 860 μὲν
1445 794 1526 847 ε’πὶ
1557 794 1825 847 θάλασσαν

152 879 243 946 τὴν
278 879 430 945 αὐτὴν
461 878 733 948 φέρουσαν,
768 880 954 931 ἐοῦσαν
990 876 1188 945 ὀρεινήν
1219 900 1274 931 τε
1304 879 1473 948 χώρην
1504 880 1585 932 καὶ
1626 899 1820 948 προκει-

152 964 308 1032 μένην
353 964 412 1017 τὸ
462 965 513 1019 ἐς
563 964 780 1024 Πόντον,
831 962 1032 1030 νέμεται
1082 962 1139 1014 τὸ
1191 963 1438 1030 Ταυρικὸν
1486 964 1628 1017 ἔθνος
1678 963 1827 1032 μέχρι

6 1057 10 1060 ’
83 1074 132 1104 ιο
153 1047 473 1119 χερσονήσου
500 1051 587 1114 τῆς
617 1047 832 1117 τρηχέης
864 1046 1187 1114 καλεομένης·
1236 1048 1355 1112 αὕτη
1388 1050 1442 1100 δὲ
1474 1050 1524 1102 ἐς
1556 1047 1827 1126 θάλασσαν

153 1133 244 1200 τὴν
265 1133 389 1203 πρὸς
412 1133 702 1199 ἀπηλιώτην
725 1131 908 1199 ἄνεμον
931 1131 1148 1198 κατήκει.
1223 1132 1334 1184 ἔστι
1358 1134 1453 1201 γὰρ
1476 1135 1563 1198 τῆς
1589 1135 1828 1198 Σκυθικῆς

153 1220 215 1271 τᾶ
244 1219 330 1271 δύο
358 1217 511 1286 μέρεα
540 1223 641 1270 τῶν
675 1218 834 1285 οὔρων
864 1219 916 1272 ἐς
947 1216 1219 1269 θάλασσαν
1250 1215 1488 1285 φέροντα,
1516 1216 1606 1282 τήν
1629 1238 1683 1269 τε
1706 1221 1827 1285 πρὸς

153 1304 476 1371 μεσαμβρίην
517 1303 596 1355 καὶ
635 1302 726 1367 τὴν
766 1306 889 1370 πρὸς
925 1301 1016 1367 τὴν
1054 1301 1143 1367 ἠῶ,
1180 1300 1302 1354 κατά
1342 1322 1435 1369 περ
1476 1304 1564 1366 τῆς
1601 1300 1828 1366 Ἀττικῆς

155 1388 338 1457 χώρης·
386 1387 467 1440 καὶ
497 1385 825 1455 παραπλήσια
859 1386 1012 1459 ταύτῃ
1045 1387 1125 1439 καὶ
1167 1388 1214 1439 οἱ
1249 1390 1434 1452 Ταῦροι
1474 1385 1706 1451 νέμονται
1740 1388 1828 1450 τῆς

83 1497 132 1539 15
156 1475 410 1538 Σκυθικῆς,
444 1472 509 1527 ὡς
541 1474 583 1525 εἰ
622 1475 710 1537 τῆς
739 1471 971 1536 Ἀττικῆς
1006 1470 1139 1523 ἄλλο
1178 1471 1321 1525 ἔθνος
1359 1470 1437 1522 καὶ
1472 1470 1539 1536 μὴ
1572 1470 1829 1535 Ἀθηναῖοι

155 1559 388 1624 νεμοίατο
424 1557 513 1610 τὸν
543 1555 728 1625 γουνὸν
757 1555 844 1609 τὸν
881 1556 1170 1615 Σουνιακόν,
1204 1558 1404 1621 μᾶλλον
1441 1557 1493 1609 ἐς
1526 1554 1614 1607 τὸν
1643 1555 1830 1607 πόντον

156 1637 265 1716 [τὴν
293 1639 464 1709 ἄκρην]
495 1640 758 1711 ἀνέχοντα,
791 1640 879 1693 τὸν
912 1640 1011 1694 ἀπὸ
1043 1643 1262 1708 Θορικοῦ
1293 1638 1442 1707 μέχρι
1472 1638 1829 1706 Ἀναφλύστου

156 1724 328 1793 δήμου.
414 1725 551 1794 λέγω
582 1728 635 1778 δὲ
666 1725 731 1780 ὣς
763 1726 890 1778 εἶναι
921 1729 1076 1777 ταῦτα
1109 1726 1294 1791 σμικρὰ
1324 1723 1596 1791 μεγάλοισι
1627 1729 1825 1789 συμβα-

155 1815 283 1864 λεῖν.
356 1815 581 1863 τοιοῦτον
609 1811 639 1876 ἡ
671 1809 890 1877 Ταυρική
923 1811 1049 1862 ε’στι.
1132 1808 1186 1863 ὃς
1218 1812 1272 1861 δὲ
1301 1811 1388 1873 τῆς
1417 1808 1648 1872 Ἀττικῆς
1678 1812 1829 1859 ταῦτα

61 1918 136 1950 ,πο
156 1894 222 1962 μὴ
241 1894 626 1963 παραπέπλωκε,
650 1896 748 1962 ἐγὼ
772 1897 826 1947 δὲ
848 1893 1018 1949 ἄλλως
1043 1894 1274 1959 δηλώσω·
1322 1893 1387 1947 ὡς
1408 1895 1450 1944 εἶ
1468 1896 1554 1957 τῆς
1577 1892 1829 1959 Ἰηπυγίης

157 1979 288 2032 ἄλλο
311 1980 454 2034 ἔθνος
477 1981 555 2033 καὶ
584 1979 651 2046 μὴ
676 1977 906 2046 Ἰήπυγες
931 1976 1201 2047 ἀρξάμενοι
1226 1980 1279 2030 ἐκ
1305 1978 1604 2045 Βρεντεσίου
1628 1976 1829 2042 λιμένος

158 2065 497 2130 ἀποταμοίατο
526 2063 676 2133 μέχρι
705 2062 965 2131 Τάραντος
998 2064 1078 2115 καὶ
1110 2063 1342 2129 νεμοίατο
1373 2061 1463 2126 τὴν
1494 2061 1665 2128 ἄκρην.
1742 2061 1828 2113 δύο

157 2150 212 2201 δὲ
239 2147 406 2216 λέγων
440 2153 593 2201 ταῦτα
628 2149 796 2201 πολλὰ
836 2147 972 2216 λέγω
1014 2148 1263 2215 παρόμοια
1305 2151 1439 2198 τοῖσι
1481 2145 1688 2206 ἄλλοισι
1724 2144 1828 2196 οἶκε

156 2231 452 2301 ῆΤαυρική.
540 2232 598 2285 τὸ
628 2232 671 2285 δ’
702 2232 801 2285 ἀπὸ
836 2235 924 2297 τῆς
961 2234 1207 2298 Ταυρικῆς
1244 2230 1334 2295 ἤδη
1369 2231 1552 2282 Σκύθαι
1587 2230 1644 2281 τὸ
1683 2229 1824 2280 κατύ-

85 2341 134 2383 25
159 2321 310 2385 περθε
332 2322 430 2370 τῶν
452 2317 661 2384 Ταύρων
686 2317 767 2369 καὶ
790 2319 850 2369 τὰ
870 2316 990 2384 πρὸς
1015 2315 1282 2380 θαλάσσης
1305 2317 1392 2379 τῆς
1416 2314 1555 2379 ἠοίης
1580 2312 1826 2380 νέμονται,

158 2406 244 2453 τοῦ
281 2423 335 2454 τε
376 2403 642 2470 Βοσπόρου
677 2406 763 2453 τοῦ
803 2403 1076 2469 Κιμμερίου
1115 2402 1177 2451 τὰ
1215 2403 1337 2466 πρὸς
1371 2398 1587 2465 ἑσπέρης
1625 2399 1703 2450 καὶ
1741 2400 1830 2461 τῆς

158 2485 336 2552 λίμνης
364 2489 452 2552 τῆς
490 2484 767 2552 Μαιήτιδος
801 2484 951 2554 μέχρι
990 2483 1238 2538 Τανάϊδος
1280 2487 1520 2549 ποταμοῦ,
1554 2482 1608 2535 ὃς
1645 2483 1834 2533 ἐκδιδοῖ

213 2635 240 2663 2
277 2625 343 2666 καὶ
375 2637 459 2666 om.
495 2624 530 2664 C
749 2636 776 2674 3
811 2622 1039 2675 σημαινέων
1070 2623 1110 2662 R
1124 2623 1162 2661 V
1384 2634 1408 2671 5
1438 2621 1463 2669 ἡ
1494 2620 1590 2659 add.
1626 2619 1829 2670 Krueger

158 2679 331 2727 Σκυθική
363 2679 451 2718 ΑΒ
467 2679 501 2718 C
667 2680 696 2719 6
739 2688 907 2730 καλεομ.
946 2685 1105 2732 Καρκιν.
1144 2677 1177 2716 Ρ
1197 2677 1234 2715 R
1255 2676 1283 2715 S
1299 2677 1334 2714 V
1503 2676 1530 2713 8
1574 2673 1753 2727 φέρουσα
1792 2674 1825 2712 C

162 2744 212 2781 13
241 2733 297 2775 ἕω
311 2733 351 2772 Α
365 2734 400 2772 Β
415 2734 449 2774 C
644 2746 691 2784 15
723 2734 914 2782 Ἀττικῆς
934 2735 1067 2786 χώρης
1091 2733 1129 2771 R
1145 2731 1175 2771 S
1190 2731 1228 2770 V
1417 2742 1462 2778 17
1494 2730 1571 2779 τὴν
1595 2730 1719 2782 ἄκρην
1739 2728 1821 2768 del.

160 2787 360 2838 Krueger
471 2789 639 2843 Θορίκου
657 2789 697 2828 Α
711 2788 747 2827 Β
766 2802 776 2827 :
807 2790 960 2829 Θωικοῦ
983 2787 1021 2826 R
1037 2787 1067 2826 S
1081 2787 1120 2826 V
1281 2787 1328 2824 18
1358 2786 1405 2833 δὴ
1427 2784 1461 2823 C
1576 2782 1825 2834 συμβαλέειν

161 2841 201 2881 R
215 2842 246 2883 S
259 2842 320 2885 V:
351 2843 611 2895 συμβάλλειν
630 2843 670 2882 Α
683 2843 718 2881 Β
733 2843 767 2882 C
783 2842 817 2882 P
987 2855 1037 2891 19
1064 2844 1226 2882 τοιοῦτο
1248 2840 1281 2878 Ρ
1421 2851 1476 2878 20
1504 2837 1763 2892 παραπέμπλ.
1789 2838 1823 2877 C

159 2908 212 2936 22
237 2897 506 2949 ἀποτεμοίατο
526 2898 565 2937 Α
579 2898 614 2937 Β
728 2910 780 2947 23
804 2897 932 2938 ἔοικεν
954 2897 988 2935 Ρ
1003 2897 1040 2936 R
1057 2896 1160 2937 SV:
1195 2895 1300 2936 ἔοικε
1319 2893 1395 2945 μὲν
1415 2894 1454 2933 Α
1468 2892 1503 2931 Β
1516 2893 1550 2933 C
1666 2904 1719 2942 24
1748 2892 1820 2932 alt.

159 2952 309 3046 ἷὶὸὸοιῃ.
337 2953 375 2993 R
390 2952 420 2992 S
433 2953 472 2992 V
489 2967 499 2992 t
527 2954 581 2996 τὰ
601 2952 992 3004 Schweighaeuser
1178 2962 1229 3001 25
1259 2952 1354 2999 ἠοῦς
1376 2948 1414 2988 R
1431 2948 1461 2988 S
1474 2948 1511 2987 V
1697 2948 1750 2986 26
1780 2946 1825 2989 δὲ

1863 160 1949 209 IV.
1980 173 2055 222 99

1843 291 1936 335 15⁴⁸ae
1955 282 2098 333 keu-«ol

1842 341 2042 385 Qu
2056 350 2098 382 flu

1860 480 1885 511 2

1860 815 1884 858 3

1854 1153 1882 1197 4

1867 2244 1964 2280 100
