2098 3320
747 157 1118 205 ΙΣΤΟΡΙΩΝ
1182 160 1226 206 Δ
1860 162 1946 212 IV.
1977 175 2067 212 122

101 284 105 286 ’
148 287 195 339 οἱ
225 286 495 354 πρόδρομοι
525 286 590 340 ὦς
627 285 771 354 εὗρον
801 287 914 342 τοὺς
945 287 1149 355 Πέρσας
1179 289 1303 341 ὅσον
1333 310 1388 342 τε
1417 293 1567 356 τριῶν
1595 289 1818 357 ἡμερέων

147 369 262 423 ὁδὸν
292 369 573 439 ἀπέχοντας
603 371 702 424 ἀπὸ
733 376 819 423 τοῦ
833 370 1052 439 Ἴστρου,
1079 373 1215 425 οὗτοι
1243 376 1336 439 μὲν
1359 374 1561 427 τούτους
1592 375 1817 440 εὑρόντες

146 453 330 522 ἡμέρης
374 456 468 526 ὁδῷ
516 454 819 525 προέχοντες
866 457 1346 524 ἐστρατοπεδεύοντο
1391 459 1452 509 τὰ
1497 459 1551 509 ἐκ
1595 461 1681 523 τῆς
1724 462 1817 526 γῆς

147 540 375 606 φυόμενα
409 541 711 607 λεαίνοντες.
799 543 845 593 οἱ
885 543 938 594 δὲ
974 540 1171 608 Πέρσαι
1209 542 1274 596 ὣς
1309 542 1440 594 εἶδον
1479 544 1816 610 ἐπιφανεῖσαν
1848 564 1873 595 2

97 645 119 687 5
145 629 244 676 τῶν
284 623 516 677 Σκυθέων
554 624 645 689 τὴν
689 625 857 685 ἵππον,
902 623 1119 691 ἐπήισαν
1160 628 1282 691 κατὰ
1328 627 1510 691 στίβον
1552 627 1647 679 αἰεὶ
1688 629 1811 679 ὑπα-

144 708 351 775 γόντων.
421 710 501 762 καὶ
525 709 697 762 ἔπειτα
718 708 859 777 (πρὸς
883 711 976 778 γὰρ
1000 709 1090 775 τὴν
1113 712 1232 777 μίαν
1256 715 1352 763 τῶν
1382 709 1595 779 μοιρέων
1619 711 1815 775 ἴθυσαν)

144 794 191 845 οἱ
211 791 410 860 Πέρσαι
433 793 639 846 ἐδίωκον
662 794 785 862 πρὸς
809 795 880 860 ἠῶ
903 816 957 847 τε
982 796 1061 847 καὶ
1085 799 1173 847 τοῦ
1195 795 1457 849 Τανάϊδος.
1527 795 1813 862 διαβάντων
1850 818 1875 862 3

143 878 198 929 δὲ
248 877 438 931 τούτων
483 877 570 931 τὸν
615 878 807 932 Τάναϊν
855 884 1075 945 ποταμὸν
1123 882 1169 932 οἱ
1216 879 1414 947 Πέρσαι
1462 880 1812 946 ἐπιδιαβάντες

142 962 360 1022 ἐδίωκον,
410 965 460 1018 ἐς
507 962 534 1015 ὃ
578 968 677 1016 τῶν
721 963 1084 1031 Σαυροματέων
1125 963 1215 1029 τὴν
1258 965 1429 1033 χώρην
1473 963 1812 1029 διεξελθόντες

67 1068 119 1100 10
141 1047 380 1100 ἀπίκοντο
423 1049 475 1102 ἐς
514 1047 604 1114 τὴν
641 1053 741 1101 τῶν
781 1049 1049 1101 Βουδίνων.
1137 1050 1262 1101 ὅσον
1306 1052 1398 1115 μὲν
1442 1048 1499 1113 δη
1541 1050 1725 1118 χρόνον
1764 1053 1811 1103 οἱ
1848 1058 1937 1106 123

141 1130 395 1238 Ilipa-atq*
364 1154 516 1198 ηισαν
539 1135 620 1185 διὰ
643 1136 731 1198 τῆς
754 1137 998 1199 Σκυθικῆς
1025 1133 1105 1185 καὶ
1128 1137 1216 1199 τῆς
1240 1132 1604 1202 Σαυρομάτιδος
1626 1134 1807 1227 χώρη),
1816 1184 1929 1225 ‘W
1944 1191 2042 1211 “a
2060 1188 2098 1207 m

139 1218 187 1268 οἱ
223 1219 277 1269 δὲ
313 1218 452 1286 εἶχον
481 1217 625 1270 οὐδὲν
656 1239 691 1268 σ
695 1219 905 1278 ίνεσθαι,
940 1218 1029 1271 ἅτε
1059 1221 1147 1283 τῆς
1182 1219 1347 1286 χώρης
1385 1219 1566 1283 ἐούσης
1601 1239 1808 1286 χερσου·
1822 1228 1998 1272 *νῆα-ἠ
2018 1231 2098 1295 ἵζ’

139 1301 305 1354 ἐπείτε
339 1305 393 1354 δε
433 1304 483 1356 ἐς
518 1323 609 1367 την
639 1308 739 1355 τῶν
773 1303 1023 1356 Βουδίνων
1054 1303 1223 1371 χώρην
1257 1302 1563 1368 ἐσέβαλλον,
1601 1305 1812 1355 ἐνθαῦτα

138 1384 196 1449 δὴ
222 1387 514 1455 ἐντυχόντες
537 1392 603 1457 τῷ
628 1386 812 1458 ξυλίνῳ
843 1388 1017 1457 τείχεϊ,
1046 1388 1416 1440 ἐκλελοιπότων
1438 1392 1537 1439 τῶν
1562 1388 1812 1440 Βουδίνων

65 1491 113 1533 15
140 1471 219 1522 καὶ
245 1470 579 1537 κεκενωμένου
597 1477 683 1524 τοῦ
706 1474 901 1541 τείχεος
924 1471 1140 1531 πάντων,
1165 1471 1448 1539 ἐνέπρησαν
1472 1471 1605 1523 αὐτό.
1667 1477 1811 1524 τοῦτο
1843 1491 1868 1523 2

138 1557 194 1607 δὲ
233 1554 532 1620 ποιήσαντες
578 1557 778 1609 εἵποντο
824 1557 920 1609 αἰεὶ
960 1556 1018 1608 τὸ
1058 1557 1232 1624 πρόσω
1280 1558 1403 1609 κατὰ
1448 1557 1645 1622 στίβον,
1689 1557 1740 1610 ἐς
1783 1555 1810 1608 ὃ

138 1637 478 1704 διεξελθόντες
508 1641 691 1707 ταύτην
724 1643 774 1696 ἐς
804 1641 895 1707 τὴν
926 1642 1109 1709 ἔρημον
1140 1643 1395 1694 ἀπίκοντο.
1485 1641 1515 1706 ἡ
1548 1643 1599 1694 δὲ
1631 1640 1810 1708 ἔρημος

138 1725 259 1789 αὕτη
291 1724 388 1777 ὑπὸ
417 1725 643 1791 οὐδαμῶν
673 1724 874 1792 νέμεται
904 1727 1112 1793 ἀνδρῶν,
1149 1730 1304 1779 κεῖται
1334 1728 1386 1778 δὲ
1417 1727 1539 1793 ὑπὲρ
1570 1728 1658 1790 τῆς
1683 1729 1806 1777 Βου-

136 1810 284 1862 δίνων
319 1810 500 1878 χώρης,
534 1811 692 1863 ἐοῦσα
726 1813 926 1876 πλῆθος
960 1813 1087 1864 ἑπτὰ
1121 1810 1344 1879 ἡμερέων
1383 1811 1513 1862 ὁδοῦ.
1602 1812 1724 1877 ὑπὲρ
1755 1812 1809 1863 δὲ
1846 1830 1870 1875 3

62 1915 112 1945 20
135 1896 222 1958 τῆς
274 1894 455 1962 ἐρήμου
503 1894 835 1963 Θυσσαγέται
883 1894 1119 1957 οἰκέουσι,
1170 1897 1383 1962 ποταμοὶ
1431 1897 1485 1947 δὲ
1538 1893 1597 1960 ἐξ
1646 1895 1807 1947 αὐτῶν

134 1976 372 2047 τέσσερες
409 1978 622 2047 μεγάλοι
661 1979 860 2048 ῥέοντες
900 1983 982 2033 διὰ
1023 1980 1292 2046 Μαιητέων
1335 1982 1584 2032 ἐκδιδοῦσι
1626 1981 1676 2033 ἐς
1716 1979 1806 2044 τὴν

133 2064 317 2129 λίμνην
338 2064 429 2129 τὴν
455 2064 762 2131 καλεομένην
787 2069 1023 2130 Μαιῆτιν,
1050 2070 1183 2118 τοῖσι
1207 2066 1457 2131 οὐνόματα
1488 2070 1644 2117 κεῖται
1667 2063 1803 2123 τάδε,

134 2147 310 2208 Λύκος,
328 2148 535 2216 Ὄαρος,
560 2148 764 2209 Τάναϊς,
792 2151 990 2217 Σύργις.
1066 2151 1174 2202 ἐπεὶ
1204 2147 1274 2202 ὧν
1304 2151 1330 2200 ὁ
1356 2155 1568 2216 Δαρεῖος
1599 2148 1722 2214 ἦλθε
1754 2151 1804 2202 ἐς
1842 2160 1933 2208 124

133 2230 224 2295 τὴν
268 2232 466 2300 ἔρημον,
509 2234 830 2300 παυσάμενος
861 2240 947 2287 τοῦ
993 2235 1174 2302 δρόμου
1220 2236 1390 2301 ἵδρυσε
1430 2233 1522 2297 τὴν
1565 2232 1804 2300 στρατιὴν

61 2339 109 2380 25
135 2316 216 2368 ἐπὶ
247 2323 450 2389 ποταμῷ
475 2317 656 2389 Ὀάρῳ.
746 2325 893 2371 τοῦτο
924 2321 977 2371 δὲ
1008 2318 1225 2384 ποιήσας
1255 2320 1381 2370 ὀκτὼ
1412 2320 1584 2386 τείχεα
1615 2318 1803 2385 ἐτείχεε

131 2400 343 2477 μεγάλα,
375 2404 492 2455 ’ίσον
523 2403 607 2455 ἀπ’
635 2402 876 2468 ἀλλήλων
906 2402 1179 2472 ἀπέχοντα,
1208 2405 1438 2457 σταδίους
1469 2402 1534 2456 ὡς
1565 2400 1803 2466 ἐξήκοντα

123 2484 359 2548 μάλιστά
381 2508 457 2560 κῃ,
478 2492 578 2540 τῶν
603 2489 676 2540 ἔτι
700 2490 751 2542 ἐς
776 2490 863 2553 ἐμὲ
885 2489 947 2539 τὰ
970 2489 1162 2554 ἐρείπια
1186 2489 1284 2539 σόα
1309 2486 1385 2551 ἦν.
1449 2489 1501 2538 ἐν
1525 2484 1561 2556 ᾧ
1582 2489 1635 2538 δὲ
1661 2486 1802 2539 οὗτος
1843 2508 1868 2539 2

186 2638 211 2663 2
240 2628 314 2667 τοῦ
334 2639 418 2666 om.
443 2625 477 2665 P
491 2626 528 2664 R
546 2626 627 2666 SV
814 2638 839 2674 3
869 2626 1122 2679 προέχοντας
1145 2625 1183 2663 R
1201 2625 1232 2664 S
1246 2626 1284 2664 V
1449 2637 1473 2674 5
1505 2623 1699 2672 ἐποίησαν
1721 2623 1750 2662 S
1765 2624 1802 2662 V

131 2681 158 2719 6
185 2680 339 2733 μύρεων
360 2681 421 2719 C:
450 2682 617 2735 μειρέων
641 2680 729 2719 RV
913 2699 919 2707 ·
953 2693 974 2730 7
1006 2681 1071 2720 καὶ
1100 2681 1265 2721 ἐδίωκον
1286 2679 1376 2718 RV
1543 2680 1637 2727 ἠοῦς
1669 2677 1801 2717 Pauw

131 2735 224 2787 τοῦ]
248 2736 309 2777 ι’θὺ
329 2735 452 2776 Stein
632 2750 660 2787 9
691 2737 737 2776 τὸ
757 2735 791 2774 C
904 2734 1136 2776 διελθόντες
1157 2735 1187 2774 S
1202 2735 1238 2772 V
1408 2746 1451 2771 11
1484 2732 1590 2781 ἦσαν
1612 2732 1646 2770 Β
1664 2733 1703 2771 R
1719 2733 1749 2771 S
1763 2731 1802 2770 V

135 2802 184 2828 12
214 2789 419 2831 σινέεσθαι
443 2789 578 2830 RSV
713 2802 761 2839 13
792 2789 996 2837 ἐσέβαλον
1018 2789 1048 2829 S
1179 2801 1226 2838 15
1256 2787 1480 2839 κενωμένου
1506 2787 1543 2825 R
1674 2799 1720 2836 17
1751 2789 1799 2836 δὴ

133 2847 259 2896 ἐξελθ.
279 2844 363 2884 SV
477 2845 526 2883 18
543 2850 585 2884 et
601 2857 653 2883 22
680 2845 816 2886 κέεται
833 2843 864 2883 L
978 2857 1032 2883 2ο
1062 2851 1216 2896 Θυσαγ.
1240 2843 1279 2881 R
1394 2856 1442 2882 21
1462 2849 1504 2881 et
1520 2855 1573 2881 22
1604 2849 1737 2889 Μαητ.
1761 2842 1799 2880 R

132 2911 184 2937 22
214 2898 393 2950 ὀνόματα
413 2898 452 2938 Α
467 2899 502 2937 Β
520 2899 559 2937 R
754 2911 807 2948 23
835 2899 978 2952 Ὀάρος
1000 2899 1067 2938 R.
1097 2902 1118 2938 ὖ
1140 2900 1236 2951 ἄρης
1254 2897 1294 2935 V
1458 2897 1612 2951 Σύργης
1636 2896 1674 2934 R
1691 2896 1721 2936 S
1736 2897 1774 2935 V
1792 2910 1802 2936 τ

175 2969 263 3005 ρ’γις
286 2953 493 2998 Schaefer
513 2954 608 2994 coll.
633 2967 726 3005 cap.
751 2966 802 3004 57
949 2967 1000 3003 24
1030 2952 1288 3005 παυσαμένου
1307 2951 1345 2990 Α
1362 2952 1396 2990 Β
1411 2952 1445 2991 C
1587 2965 1637 3002 27
1671 2952 1802 3005 ἐρίπια

131 3007 171 3046 A
186 3007 219 3046 Β
239 3007 277 3046 R
391 3013 478 3050 σῶα
497 3009 531 3047 C
548 3009 581 3047 P
596 3009 627 3049 S
641 3010 680 3048 V
