2098 3320
22 95 184 156 1L29

122 749 191 797 30

846 93 1276 142 ΗΡΟΔΟΤΟΎ

227 225 395 291 ἕτερον
433 229 609 278 πλοῖον
647 226 812 290 ἐσβὰς
849 225 1068 277 δυώδεκα
1098 224 1286 292 ἡμέρας
1322 225 1570 277 πλεύσεαι
1609 225 1687 276 καὶ
1723 226 1894 278 ἔπειτα

227 308 360 373 ἥξεις
386 311 435 363 ἐς
466 310 615 362 πόλιν
645 307 874 375 μεγάλην
904 316 965 381 τῇ
997 308 1182 374 οὔνομά
1213 310 1324 361 ἐστι
1356 309 1546 376 Μερόη.
1612 307 1816 375 λέγεται
1839 311 1891 362 δὲ

228 394 347 457 αὕτη
383 393 414 458 ἡ
453 393 600 447 πόλις
638 392 765 445 εἶναι
804 393 1111 460 μητρόπολις
1150 397 1250 445 τῶν
1290 392 1463 446 ἄλλων
1501 392 1771 445 Αἰθιόπων.
1847 396 1894 446 οἱ

229 476 268 528 δ’
301 478 355 529 ἐν
386 477 541 548 ταύτῃ
568 475 668 528 Δία
700 480 826 528 θεῶν
859 476 938 528 καὶ
973 477 1225 529 Διόνυσον
1254 477 1465 542 μούνους
1495 475 1754 542 σέβονται,
1779 477 1891 528 τού-

228 582 340 615 τους
370 582 424 613 τε
453 559 686 628 μεγάλως
717 565 915 627 τιμῶσι,
945 561 1028 612 καί
1056 567 1155 628 σφι
1184 559 1426 627 μαντήιον
1451 560 1573 632 ᾼιὸς
1604 559 1891 626 κατέστηκε.
1918 583 1943 625 5

231 645 584 711 στρατεύονται
636 643 706 705 δέ,
755 644 909 698 ἐπεάν
954 650 1119 711 σφεας
1163 645 1190 695 ὁ
1234 644 1346 698 θεὸς
1398 645 1542 710 οὗτος
1594 644 1772 717 κελεύῃ
1816 648 1896 697 διὰ

230 727 606 795 θεσπισμάτων,
635 729 714 781 καὶ
744 736 804 802 τῇ
834 728 896 781 ἂν
922 729 1115 801 κελεύῃ,
1143 730 1321 781 ἐκεῖσε.
1396 729 1495 782 ἀπὸ
1519 731 1571 781 δὲ
1600 729 1778 794 ταύτης
1808 733 1895 794 τῆς

230 814 405 867 πόλιος
429 811 597 866 πλέων
630 815 685 865 ἐν
705 815 803 883 ἵσῳ
835 813 999 883 χρόνῳ
1029 812 1170 882 ἄλλῳ
1201 812 1336 877 ἥξεις
1367 815 1419 868 ἐς
1447 813 1561 866 τοὺς
1592 812 1895 879 αὐτομόλους

232 900 284 951 ἐν
315 898 420 967 ὅσῳ
457 919 549 965 περ
580 896 639 962 ἐξ
665 897 1035 965 Ἐλεφαντίνης
1073 897 1222 962 ἦλθες
1254 899 1306 952 ἐς
1334 897 1425 962 τὴν
1461 897 1896 965 μητρόπολιν,.τῆν

232 982 502 1034 Αἰθιόπων.
590 986 725 1034 τοῖσι
782 984 837 1035 δὲ
889 981 1235 1050 αὐτομόλοισι-
1267 982 1492 1034 τούτοισι
1544 980 1731 1047 οὔνομά
1785 983 1896 1034 ἐστι
1924 1002 1973 1032 10

231 1065 453 1134 Ἀσμάχ,
503 1067 709 1119 δύναται
756 1068 811 1118 δὲ
856 1069 1003 1118 τοῦτο
1047 1065 1105 1118 τὸ
1155 1066 1272 1120 ἔπος
1319 1068 1442 1118 κατὰ
1494 1065 1583 1130 τὴν
1633 1063 1895 1130 Ἑλλήνων

231 1155 480 1217 γλῶσσαν
523 1153 570 1203 οἱ
615 1149 674 1215 ἐξ
715 1151 979 1218 ἀριστερῆς
1031 1149 1198 1218 χειρὸς
1250 1149 1610 1216 παριστάμενοι
1662 1149 1889 1215 βασιλέϊ.

233 1234 528 1299 ἀπέστησαν
550 1237 604 1287 δὲ
627 1234 771 1287 αὗται
795 1233 1034 1301 τέσσερες
1066 1235 1144 1286 καὶ
1169 1236 1328 1287 εἴκοσι
1355 1233 1586 1301 μυριάδες
1610 1235 1895 1301 Αἰγυπτίων

232 1324 331 1371 τῶν
367 1319 598 1387 μαχίμων
637 1321 689 1373 ἐς
726 1319 840 1374 τοὺς
878 1320 1120 1372 Αἰθίοπας
1156 1319 1356 1373 τούτους
1393 1318 1453 1371 δι’
1485 1318 1648 1383 αἰτίην
1682 1316 1894 1383 τοιήνδε·

235 1403 316 1455 ἐπὶ
345 1404 673 1472 Ψαμμητίχου
704 1402 953 1469 βασιλέος
984 1404 1205 1471 φυλακαὶ
1238 1402 1555 1455 κατέστασαν
1587 1402 1641 1454 ἔν
1669 1423 1723 1455 τε
1746 1401 1890 1454 Ἐλε-
1925 1423 1970 1467 ¹,5

235 1489 451 1564 φαντίνῃ
481 1487 604 1539 πόλι
632 1486 754 1554 πρὸς
788 1487 1042 1539 Αἰθιόπων
1075 1488 1154 1540 καὶ
1185 1489 1238 1539 ἐν
1272 1486 1514 1559 Δάφνῃσι
1543 1495 1660 1560 τῇσι
1690 1491 1891 1551 Πηλου-

210 1572 380 1642 ,σίῃσι
402 1570 534 1635 ἄλλη
566 1566 658 1637 [δὲ]
689 1570 813 1638 πρὸς
837 1570 1092 1638 Ἀραβίων
1116 1592 1170 1624 τε
1202 1572 1281 1624 καὶ
1306 1571 1496 1638 Συρίων
1529 1572 1606 1623 καὶ
1638 1572 1691 1633 ἐν
1718 1569 1895 1642 Μαρέῃ

233 1654 353 1722 πρὸς
398 1655 592 1720 Λιβύης
637 1654 785 1719 ἄλλη.
862 1655 935 1707 ἔτι
979 1658 1032 1707 δὲ
1077 1654 1155 1708 ἐπ’
1199 1657 1316 1721 ἐμεῦ
1362 1656 1440 1707 καὶ
1485 1654 1728 1722 Περσέων
1773 1656 1895 1706 κατὰ

231 1738 385 1791 ταύτὰ
431 1741 482 1791 αἱ
530 1739 750 1805 φυλακαὶ
797 1739 975 1807 ἔχουσι
1021 1739 1086 1793 ὣς
1132 1739 1211 1791 καὶ
1254 1739 1335 1792 ἐπὶ
1378 1740 1705 1807 Ψαμμητίχου
1748 1738 1894 1803 ἦσαν·

233 1823 313 1875 καὶ
336 1825 430 1891 γὰρ
456 1825 509 1875 ἐν
534 1822 878 1895 Ἐλεφαντίνῃ
904 1822 1104 1890 Πέρσαι
1127 1822 1429 1892 φρουρέουσι
1455 1823 1532 1875 καὶ
1557 1825 1610 1875 ἐν
1635 1822 1894 1894 Δάφνῃσι.
1922 1845 1972 1872 20

231 1907 344 1961 τοὺς
367 1905 435 1960 ὧν
458 1906 515 1972 δὴ
539 1908 840 1974 Αἰγυπτίους
860 1908 969 1975 τρία
989 1907 1102 1960 ἔτεα
1122 1905 1502 1975 φρουρήσαντας
1532 1906 1717 1959 ἀπέλυε
1738 1906 1896 1960 οὐδεὶς

232 1995 320 2056 τῆς
352 1994 585 2059 φρουρῆς·
633 1994 680 2044 οἱ
717 1994 772 2044 δὲ
802 1990 1208 2057 βουλευσάμενοι
1242 1990 1318 2044 καὶ
1356 1997 1502 2062 κοινῷ
1531 1991 1668 2061 λόγῳ
1699 1989 1892 2060 χρησά-

231 2097 372 2141 μενοι
414 2074 594 2128 πάντες
647 2074 746 2127 ἀπὸ
791 2080 877 2127 τοῦ
922 2077 1250 2144 Ψαμμητίχου
1296 2075 1606 2129 ἀποστάντες
1650 2074 1799 2140 ἤισαν
1845 2075 1895 2128 ἐς
1965 2080 1972 2082 ”

235 2161 514 2224 Αἰθιοπίην.
588 2157 915 2227 Ψαμμήτιχος
948 2162 1000 2212 δὲ
1031 2161 1306 2224 πυθόμενος
1337 2161 1525 2212 ἐδίωκε·
1572 2158 1637 2214 ὣς
1667 2160 1721 2211 δὲ
1753 2157 1892 2211 κατέ-

233 2249 383 2309 λαβε,
431 2242 594 2296 ἐδέετο
647 2245 815 2295 πολλὰ
868 2243 1034 2311 λέγων
1087 2245 1171 2296 καί
1220 2250 1383 2311 σφεας
1432 2242 1571 2297 θεοὺς
1622 2244 1895 2309 πατρωίους
1922 2264 1970 2305 25

235 2327 502 2380 ἀπολιπεῖν
545 2326 632 2378 οὐκ
677 2326 734 2379 ἔα
780 2327 858 2378 καὶ
907 2326 1054 2380 τέκνα
1102 2328 1180 2379 καὶ
1224 2332 1471 2394 γυναῖκας.
1544 2332 1644 2379 τῶν
1686 2326 1742 2379 δέ
1784 2347 1897 2378 τινα

234 2410 436 2478 λέγεται
467 2409 677 2475 δέξαντα
700 2410 757 2462 τὸ
789 2413 975 2464 αἰδοῖον
1002 2413 1176 2471 εἰπεῖν,
1203 2411 1323 2463 ἔνθα
1346 2410 1407 2464 ἂν
1430 2416 1574 2463 τοῦτο
1604 2410 1650 2482 ᾗ,
1685 2409 1896 2461 ἔσεσθαι

234 2494 427 2547 αὐτοῖσι
468 2496 679 2547 ἐνθαῦτα
722 2495 799 2547 καὶ
842 2494 988 2547 τέκνα
1032 2495 1112 2547 καὶ
1148 2500 1396 2563 γυναῖκας.
1473 2496 1607 2547 οὗτοι
1644 2495 1807 2546 ἐπείτε
1842 2495 1894 2546 ἐς

293 2646 310 2672 1
358 2634 484 2684 ἐμβὰς
526 2633 559 2671 Ρ
573 2633 612 2672 R
628 2635 657 2673 S
670 2634 710 2673 V
748 2636 927 2687 Longin.
967 2638 1019 2676 de
1058 2637 1163 2676 subl.
1202 2638 1255 2676 26
1421 2649 1445 2674 2
1484 2633 1606 2685 ὄνομά
1638 2633 1676 2671 R
1689 2632 1726 2671 V
1758 2632 1890 2682 Long.
1962 2648 1969 2651 τ

236 2690 326 2730 ἐστι
346 2702 428 2730 om.
449 2689 584 2739 Long.
718 2703 743 2740 4
766 2693 866 2745 αὐτῇ
888 2693 922 2731 C
1017 2693 1106 2733 θεὸν
1128 2691 1166 2730 R
1297 2702 1323 2739 5
1344 2689 1593 2738 κατεστήκεε
1616 2688 1649 2726 C
1777 2700 1804 2736 9
1822 2687 1891 2727 alt·

235 2744 330 2795 Τῆν]
353 2744 686 2786 τῶνΟΡΗΞἿ
821 2759 862 2784 11
887 2746 1200 2798 ἈσχάμΑΒΕ
1334 2757 1381 2794 13
1401 2740 1895 2797 ve'wapesABCRSV

241 2810 287 2847 15
312 2798 573 2847 κατέστησαν
592 2797 871 2840 ABCPSV
1004 2803 1053 2839 16
1081 2800 1199 2842 πόλει
1221 2799 1421 2839 CPSV:
1452 2797 1592 2839 πόλιος
1622 2795 1660 2834 R
1776 2808 1820 2844 17
1850 2794 1892 2836 δὲ

236 2852 317 2890 del.
344 2853 542 2893 Bekker:
572 2855 620 2902 δὴ
643 2854 736 2894 Eltz
875 2873 920 2895 τε
942 2868 1022 2895 om.
1043 2854 1083 2894 A
1098 2854 1180 2894 BC
1327 2852 1460 2904 Σύρων
1482 2851 1519 2890 R
1536 2851 1616 2890 SV
1634 2865 1643 2890 z
1674 2846 1894 2902 Ἀσσυρίων

236 2905 275 2944 Α
294 2906 328 2944 Β
345 2907 378 2945 C
396 2907 429 2946 P
597 2909 753 2962 Μαραίῃ
792 2909 831 2948 Α
848 2909 883 2949 Β
900 2910 934 2948 C
952 2910 986 2950 P
1205 2921 1257 2948 20
1303 2910 1382 2961 γὰρ
1419 2905 1714 2956 Ἐλεφαντίνην
1753 2904 1789 2942 R
1808 2904 1839 2943 S
1855 2903 1894 2943 V

235 2973 288 3011 23
315 2963 389 3002 τοῦ
409 2974 490 3002 om.
518 2962 552 3002 E
718 2965 771 3003 26
799 2964 872 3005 τὸν
892 2963 926 3002 Ρ
940 2962 980 3002 R
994 2964 1024 3004 S
1037 2963 1076 3002 V
1240 2974 1291 3012 27
1321 2965 1504 3014 δειξαντα
1523 2960 1557 2999 L
