2098 3320
753 116 1129 191 ιΣΤοΡΙΩΝ
1198 146 1242 192 Δ

165 276 219 335 δὲ
256 277 355 325 τῶν
391 273 582 338 ἀνδρῶν
620 274 670 324 αἱ
707 277 937 339 γυναῖκες
978 272 1281 339 συνέλαβον.
1372 274 1480 327 ἐπεὶ
1521 277 1575 327 δὲ
1617 276 1836 337 συνῆκαν

167 356 421 423 ἀλλήλων,
448 354 629 421 ἔλεξαν
658 359 781 424 πρὸς
810 359 898 410 τὰς
920 356 1196 422 Ἀμαζόνας
1227 357 1343 410 τάδε
1375 360 1421 410 οἱ
1451 358 1639 425 ἄνδρες·
1682 357 1836 423 “Ημῖν

167 442 267 495 εἰσὶ
295 443 387 508 μὲν
410 439 594 499 τοκέες,
621 440 721 493 εἰσὶ
753 443 805 493 δὲ
837 442 917 493 καὶ
950 440 1164 507 κτήσιες.
1231 446 1318 494 νῦν
1342 439 1411 494 ὧν
1440 442 1615 507 μηκέτι
1646 446 1837 495 πλεῦνα

166 527 350 596 χρόνον
382 526 497 591 ζόην
527 523 723 590 τοιήνδε
754 525 965 593 ἔχωμεν,
999 525 1115 577 ἀλλ’
1141 527 1446 580 ἀπελθόντες
1479 528 1528 580 ἐς
1558 526 1615 579 τὸ
1646 529 1838 591 πλῆθος

119 636 141 676 5
167 611 481 677 διαιτώμεθα·
524 609 764 678 ’γυναῖκας
800 613 855 662 δὲ
891 607 1067 676 ἕξομεν
1101 609 1252 676 ὑμέας
1290 612 1368 663 καὶ
1405 611 1618 677 οὐδαμὰς
1658 610 1835 665 ἄλλας.

168 698 219 749 αἱ
263 699 317 748 δὲ
357 694 479 762 πρὸς
521 699 676 746 ταῦτα
721 692 900 759 ἔλεξαν
939 694 1072 747 τάδε·
1120 694 1298 760 “Ημεῖς
1338 695 1425 747 οὐκ
1464 695 1527 747 ἂν
1569 697 1838 761 δυναίμεθα

102 805 115 820 ·
169 780 348 834 οἰκέειν
375 781 500 846 μετὰ
522 784 622 831 τῶν
645 777 895 846 ὑμετέρων
918 785 1178 846 γυναικῶν·
1225 780 1281 832 οὐ
1305 782 1399 847 γὰρ
1422 782 1482 832 τὰ
1512 780 1635 832 αὐτὰ
1659 779 1838 845 νόμαια

168 866 286 932 ἡμῖν
308 886 363 918 τε
394 865 656 936 κάκείνῃσί
682 866 807 916 ἐστι.
883 864 1025 930 ἡμεῖς
1055 867 1146 930 μὲν
1168 863 1433 930 τοξεύομέν
1457 886 1509 917 τε
1536 865 1613 916 καὶ
1643 865 1835 916 ἀκοντί-

172 951 318 1016 ζομεν
350 950 430 1002 καὶ
467 948 795 1015 ἱππαζόμεθα,
828 948 950 1016 ἔργα
984 951 1038 1001 δὲ
1067 947 1328 1016 γυναικήια
1357 949 1443 1000 οὐκ
1477 948 1740 1015 ἐμάθομεν·
1786 950 1838 1000 αἱ

98 1059 147 1088 10
170 1037 223 1088 δὲ
267 1033 499 1102 ὑμέτεραι
541 1038 770 1102 γυναῖκες
814 1033 1002 1085 τούτων
1046 1036 1138 1098 μὲν
1182 1033 1325 1086 οὐδὲν
1370 1034 1650 1099 τῶνὴμεῖς
1696 1054 1835 1085 κατε-

169 1116 387 1186 λέξαμεν
419 1123 633 1178 ποιεῦσι,
667 1117 789 1186 ἔργα
817 1120 871 1170 δὲ
902 1116 1163 1185 γυναικήια
1194 1117 1483 1185 ἐργάζονται
1512 1116 1754 1184 μένουσαι
1786 1119 1839 1169 ἐν

170 1205 288 1276 τῇσι
312 1201 548 1276 ἁμάξῃσι,
575 1203 676 1255 οὔτ’
702 1203 782 1255 ἐπὶ
814 1201 967 1269 θήρην
993 1204 1156 1254 ἰοῦσαι
1185 1203 1300 1255 οὔτε
1331 1202 1462 1274 ἄλλῃ
1487 1202 1688 1274 οὐδαμῇ.
1754 1201 1841 1253 οὐκ

169 1288 232 1342 ἂν
262 1285 331 1340 ὧν
361 1289 629 1354 δυναίμεθα
660 1289 883 1360 ἐκείνῃσι
913 1286 1278 1354 συμφέρεσθαι.
1368 1286 1483 1339 ἀλλ’
1516 1289 1558 1339 εἰ
1587 1287 1842 1352 βούλεσθε

171 1378 408 1441 γυναῖκας
438 1372 575 1442 ἔχειν
598 1371 753 1438 ἡμέας
784 1373 863 1425 καὶ
895 1370 1085 1425 δοκέειν
1110 1371 1237 1424 εἶναι
1268 1372 1583 1430 δικαιότατοι,
1611 1372 1843 1424 ἐλθόντες

100 1481 147 1523 15
173 1459 306 1526 παρὰ
345 1456 458 1511 τοὺς
496 1457 671 1511 τοκέας
712 1455 998 1526 ἀπολάχετε
1036 1461 1134 1509 τῶν
1172 1455 1429 1522 κτημάτων
1465 1456 1524 1508 τὸ
1563 1454 1724 1522 μέρος,
1765 1455 1843 1506 καὶ

169 1543 343 1596 ἔπειτα
374 1542 606 1596 ἐλθόντες
638 1540 875 1607 οἰκέωμεν
905 1540 983 1594 ἐπ’
1013 1540 1181 1607 ἡμέων
1211 1541 1387 1594 αὐτῶν.
1476 1541 1732 1593 ἐπείθοντο
1765 1539 1843 1591 καὶ

174 1628 419 1693 ἐποίησαν
448 1631 601 1679 ταῦτα
637 1628 683 1679 οἱ
719 1627 988 1691 νεηνίσκοι.
1077 1626 1242 1678 ἐπείτε
1278 1628 1331 1678 δὲ
1368 1626 1714 1693 ἀπολαχόντες
1745 1629 1843 1675 τῶν

176 1710 435 1778 κτημάτων
465 1710 846 1779 τ-ὸ-ἐ-πιβάλλον
876 1710 1032 1777 ἦλθον
1062 1711 1226 1763 ὀπίσω
1263 1712 1396 1778 παρὰ
1431 1712 1518 1763 τὰς
1550 1709 1840 1775 Ἀμαζόνας,

1876 143 1960 194 IV.
1990 157 2062 206 114

1882 1553 1960 1603 115

1849 1690 2098 1790 {affl

174 1795 353 1862 ἔλεξαν
389 1799 439 1849 αἱ
475 1801 704 1868 γυιῶαΐκες
741 1794 863 1863 πρὸς
903 1795 1081 1849 αὐτοὺς
1117 1794 1250 1847 τάδε·
1295 1794 1487 1860 “Ημέας
1528 1794 1635 1862 ἔχει
1676 1795 2044 1860 ‹po'ssosuxw'

101 1902 151 1931 20
174 1902 229 1934 τε
267 1881 345 1933 καὶ
381 1879 505 1940 δέος,
538 1881 665 1934 ὅκως
701 1879 798 1949 χρὴ
831 1879 1010 1932 οἰκέειν
1049 1882 1103 1932 ἐν
1138 1883 1262 1950 τῷδε
1292 1884 1359 1949 τῷ
1395 1880 1541 1949 χώρῳ
1572 1883 1717 1930 τοῦτο
1751 1880 1843 1943 μὲν

173 1964 324 2031 ὑμέας
356 1964 779 2033 ἀποστερησάσας
814 1963 1058 2032 πατέρων,
1092 1969 1236 2016 τοῦτο
1273 1967 1325 2016 δὲ
1361 1963 1450 2028 τὴν
1479 1967 1575 2031 γῆν
1605 1962 1696 2027 τὴν
1725 1964 1838 2027 ὑμε-

173 2049 321 2118 τέρην
372 2048 725 2115 δηλησαμένας
777 2048 964 2102 πολλά.
1053 2048 1170 2100 ἀλλ’
1224 2048 1388 2101 ἐπείτε
1445 2047 1639 2113 ἀξιοῦτε
1691 2046 1844 2112 ἡμέας

174 2139 408 2201 γυναῖκας
432 2134 584 2203 ἔχειν,
605 2133 723 2186 τάδε
746 2132 940 2186 ποιέετε
964 2132 1066 2199 ἅμα
1087 2133 1220 2199 ἡμῖν·
1264 2131 1444 2201 φέρετε
1467 2130 1844 2197 ἐξαναστέωμεν

175 2220 230 2270 ἐκ
260 2222 349 2284 τῆς
378 2221 469 2286 γῆς
499 2221 652 2283 τῆσδε
684 2220 763 2271 καὶ
795 2216 1105 2286 περήσαντες
1127 2216 1319 2269 Τάναϊν
1344 2216 1565 2282 ποταμὸν
1589 2215 1843 2281 οἰκέωμεν.

102 2321 151 2364 25
177 2303 436 2355 ἐπείθοντο
468 2304 547 2355 καὶ
576 2307 729 2355 ταῦτα
759 2305 804 2355 οἱ
834 2303 1103 2367 νεηνίσκοι.
1171 2301 1438 2367 διαβάντες
1470 2303 1522 2352 δὲ
1546 2299 1632 2352 τὸν
1654 2298 1845 2351 Τάναϊν

177 2387 463 2455 ὁδοιπόρεον
487 2386 609 2454 πρὸς
630 2388 779 2452 ἥλιον
802 2387 1082 2456 ἀνίσχοντα
1104 2390 1253 2453 τριῶν
1282 2388 1373 2452 μὲν
1395 2384 1616 2451 ἡμερέων
1640 2383 1738 2435 ἀπὸ
1759 2388 1846 2434 τοῦ

175 2471 422 2526 Τανάϊδος
446 2472 575 2531 ὁδόν,
602 2477 750 2540 τριῶν
781 2474 834 2524 δὲ
867 2470 965 2523 ἀπὸ
996 2474 1083 2535 τῆς
1112 2471 1291 2536 λίμνης
1314 2473 1401 2534 τῆς
1426 2467 1699 2533 Μαιήτιδος
1723 2467 1845 2534 πρὸς

231 2624 258 2662 3
287 2613 351 2653 καὶ
373 2625 453 2651 om.
479 2610 615 2651 ABC
632 2611 664 2650 P
777 2610 942 2659 κτήσεις
970 2608 1003 2648 L
1116 2624 1138 2660 4
1172 2609 1323 2662 ἔχομεν
1345 2609 1378 2647 C
1395 2607 1485 2647 RV
1596 2619 1620 2657 5
1651 2605 1845 2656 οὐδαμέας

177 2665 266 2705 ΑΒ
281 2668 316 2706 C
455 2667 483 2704 6
512 2666 649 2720 ἔδοξαν
672 2666 710 2703 R
825 2665 1022 2716 δυνάμεθα
1046 2665 1085 2704 R
1237 2677 1258 2714 7
1289 2666 1418 2705 ταύτὰ
1442 2663 1481 2702 Α
1496 2661 1580 2712 BC
1719 2662 1745 2699 8
1774 2660 1842 2711 τε]

177 2720 222 2762 δὲ
244 2721 278 2760 C
389 2722 453 2762 καὶ
475 2721 571 2762 κείν.
598 2719 732 2760 RSV
843 2737 891 2761 τε
913 2732 995 2759 om.
1019 2718 1155 2759 RSV
1270 2731 1318 2757 10
1348 2727 1494 2759 καταλ.
1521 2717 1557 2754 R
1701 2728 1746 2755 11
1780 2715 1845 2756 καὶ

176 2774 367 2826 μένουσιν
407 2776 447 2815 R
469 2775 500 2815 S
519 2774 558 2814 V
783 2787 831 2825 13
874 2774 1072 2825 δυνάμεθα
1112 2772 1152 2813 V
1376 2784 1423 2821 14
1465 2772 1608 2813 δίκαιοι
1647 2769 1739 2808 ΑΒ
1759 2769 1793 2808 C
1812 2769 1847 2807 P

182 2832 231 2869 16
259 2833 430 2881 οἰκῶμεν
451 2831 491 2870 R
506 2830 536 2870 S
550 2830 588 2868 V
673 2828 826 2872 αὐτέων
847 2829 880 2867 Ρ
894 2829 933 2867 R
948 2828 1027 2867 SV
1112 2827 1305 2868 ἐπύθοντο
1326 2826 1364 2866 V
1386 2827 1449 2879 (it.
1473 2827 1544 2876 25)
1657 2838 1710 2864 20
1740 2825 1845 2866 ὅπως

180 2884 270 2924 RV
386 2897 435 2924 21
470 2898 533 2936 pr.
557 2887 635 2935 τὴν
655 2898 738 2924 om.
759 2884 799 2923 A
813 2884 848 2922 Β
865 2883 898 2922 C
1023 2894 1077 2933 23
1106 2881 1187 2934 ἅμα
1207 2895 1288 2922 om.
1314 2881 1355 2920 R
1477 2894 1528 2930 24
1544 2879 1744 2930 οἰκέομεν
1765 2875 1846 2918 SV

178 2939 488 3034 {SPTdea'a'xa-T.
513 2941 695 2992 ποταμὸν
717 2939 748 2979 S
767 2952 777 2978 z
806 2943 850 2979 Τ.
874 2939 1057 2989 ποταμὸν
1078 2937 1260 2988 οἰκέομεν
1280 2936 1318 2975 V
1525 2936 1579 2974 26
1608 2932 1846 2975 ωδοιπόοεον

1890 2068 1908 2082 ἢ

1886 2084 1909 2111 0

1884 2302 1967 2350 116
