2098 3320
742 122 1119 182 ιΣΤΟῐηΩΝ
1185 136 1228 182 Δ
1859 135 1946 184 1V.
1977 138 2051 196 69

145 288 324 320 σαντες
354 267 467 320 τοὺς
504 270 644 332 βοῦς.
733 266 916 318 πολλοὶ
956 267 1048 331 μὲν
1089 265 1147 329 δὴ
1191 266 1642 333 συγκατακαίονται
1683 270 1817 318 τοῖσι
1850 292 1874 323 2

75 419 78 422 Ι
145 351 347 418 μάντισι
376 353 513 417 βόες,
542 351 725 403 πολλοὶ
757 353 810 402 δὲ
834 349 1238 417 περικεκαυμένοι
1269 351 1635 419 ἀποφεύγουσι,
1663 351 1816 402 ε’πεάι·

96 628 119 669 5

72 1052 120 1080 ῐΟ

70 1472 117 1513 15

71 1895 120 1923 20

145 437 306 488 αὐτῶν
337 437 363 486 ὁ
390 435 541 503 ῥυμὸς
574 437 872 508 κατακαυθῇ.
947 436 1272 487 κατακαίουσι
1302 437 1355 487 δὲ
1384 435 1551 505 τρόπῳ
1583 439 1649 505 τῷ
1683 437 1813 502 εἰρη-

143 520 274 590 μένῳ
307 520 387 572 καὶ
419 519 481 572 δι’
505 518 667 574 ἄλλας
697 521 856 573 αἰτίας
879 519 992 574 τοὺς
1021 517 1245 585 μάντιας,
1271 518 1640 587 ψευδομάντιας
1664 519 1813 572 καλέ-

145 626 300 658 οντες.
388 604 503 658 τοὺς
543 603 585 656 δ’
616 603 678 656 ἂν
717 604 984 676 ἀποκτείνῃ
1026 605 1291 669 βασιλεύς,
1326 605 1515 656 τούτων
1551 603 1663 656 οὐδὲ
1699 604 1815 659 τοὺς
1854 629 1878 672 3

145 693 324 743 παῖδας
354 691 534 748 λείπει,
569 690 704 741 ἀλλὰ
735 688 897 741 πάντα
933 690 993 741 τὰ
1031 688 1213 755 ἔρσενα
1254 691 1447 749 κτείνει,
1479 691 1541 741 τὰ
1573 691 1627 741 δὲ
1657 687 1815 754 θήλεα

144 774 230 826 οὐκ
260 773 458 826 ἀδικέει.

219 856 403 926 ’Όρκια
432 861 485 911 δὲ
516 863 770 911 ποιεῦνται
800 858 986 910 Σκύθαι
1015 859 1111 910 ὧδε
1140 858 1262 925 πρὸς
1292 858 1405 912 τοὺς
1435 857 1497 910 ἂν
1527 856 1811 911 ποιέωνται·
1851 863 1919 915 70

144 945 196 997 ἐς
227 943 402 995 κύλικα
430 942 657 1011 μεγάλην
689 945 956 1010 κεραμίνην
992 943 1128 995 οἶνον
1165 942 1434 1012 ἐγχέαντες
1470 944 1591 1008 αἷμα
1628 944 1810 1009 συμμί-

145 1049 330 1095 σγουσι
358 1033 457 1080 τῶν
487 1027 544 1079 τὸ
577 1029 745 1095 ὅρκιον
774 1027 1111 1093 ταμνομένων,
1145 1028 1397 1095 τύψαντες
1433 1026 1609 1095 ὑπέατι
1639 1023 1670 1092 ἢ
1703 1029 1809 1080 ε’πι-
1834 1030 1942 1074 «ιω-ἱ
1966 1060 1975 1072 ·

144 1114 386 1178 ταμόντες
416 1114 637 1184 μαχαίρῃ
670 1112 881 1179 σμικρὸν
911 1118 997 1164 τοῦ
1029 1113 1259 1178 σώματος
1290 1114 1370 1165 καὶ
1402 1112 1574 1166 ἔπειτα
1611 1111 1809 1179 ἀποβά-

143 1202 334 1265 ψαντες
365 1200 414 1252 ἐς
445 1198 536 1262 τὴν
560 1198 734 1249 κύλικα
766 1196 1002 1262 ἀκινάκην
1035 1197 1113 1248 καὶ
1144 1196 1343 1251 ὀϊστοὺς
1374 1198 1452 1249 καὶ
1486 1196 1700 1264 σάγαριν
1733 1197 1812 1249 καὶ

144 1282 388 1334 ἀκόντιον·
452 1283 604 1334 ἐπεὰν
651 1285 705 1334 δὲ
750 1287 904 1334 ταῦτα
951 1280 1221 1346 ποιήσωσι,
1273 1283 1596 1349 κατεύχονται
1643 1284 1812 1335 πολλὰ

146 1367 224 1419 καὶ
254 1366 424 1419 ἔπειτα
447 1367 753 1418 ἀποπίνουσι
783 1366 926 1418 αὐτοί
953 1388 1006 1418 τε
1037 1369 1082 1419 οἱ
1120 1366 1176 1418 τὸ
1213 1367 1378 1434 ὅρκιον
1416 1366 1700 1432 ποιεύμενοι
1732 1368 1811 1419 καὶ

143 1455 243 1503 τῶν
273 1448 529 1517 ἑπομένων
559 1453 606 1503 οἱ
637 1452 878 1504 πλείστου
910 1448 1055 1514 ἄξιοι.

226 1536 401 1603 Ταφαὶ
431 1538 485 1588 δὲ
514 1540 612 1588 τῶν
647 1535 911 1602 βασιλέων
943 1538 995 1588 ἐν
1028 1535 1265 1604 Γέρροισί
1301 1538 1416 1597 εἶσι,
1450 1539 1502 1590 ἐς
1538 1534 1564 1587 δ
1596 1536 1622 1586 ὁ
1654 1540 1807 1603 Βορυ-
1848 1546 1903 1596 71

145 1618 326 1685 σθένης
356 1621 466 1672 ἐστὶ
497 1621 845 1688 προσπλωτός.
934 1622 1159 1679 ἐνθαῦτα,
1195 1620 1347 1673 ἐπεάν
1384 1628 1482 1689 σφι
1518 1620 1746 1693 ἀποθάνῃ
1784 1622 1810 1671 ὁ

142 1706 409 1771 βασιλεύς,
441 1707 633 1772 ὄρυγμα
663 1708 755 1773 γῆς
785 1704 916 1773 μέγα
945 1705 1221 1771 ὀρύσσουσι
1249 1704 1577 1773 τετράγωνον,
1611 1706 1810 1771 ἕτοιμον

143 1792 197 1842 δὲ
226 1795 371 1842 τοῦτο
403 1788 704 1854 ποιήσαντες
734 1789 1157 1856 ἀναλαμβάνουσι
1192 1789 1278 1842 τὸν
1314 1791 1506 1858 νεκρόν,
1540 1786 2098 1860 κατακεκῃ-ονιάσκσῑὶ

141 1873 366 1942 ρωμένον
407 1878 500 1940 μὲν
542 1874 598 1926 τὸ
645 1879 806 1941 σῶμα,
853 1875 944 1940 τὴν
990 1878 1042 1927 δὲ
1086 1874 1236 1940 νηδὺν
1281 1876 1686 1944 ἀνασχισθεῖσαν
1731 1876 1811 1928 καὶ
1983 1854 2098 1890 W

146 1960 494 2027 καθαρθεῖσαν,
545 1959 705 2025 πλέην
759 1959 969 2027 κυπέρου
1023 1959 1324 2025 κεκομμένου
1377 1960 1455 2012 καὶ
1507 1958 1811 2025 θυμιήματος

145 2045 224 2096 καὶ
255 2045 460 2099 σελίνου
494 2041 778 2113 σπέρματος
811 2046 889 2096 καὶ
921 2043 1155 2109 ἀννήσου,
1191 2044 1597 2112 συνερραμμένην
1628 2046 1808 2104 ὀπίσω,

144 2127 225 2179 καὶ
268 2129 524 2194 κομίζουσι
561 2131 614 2181 ἐν
655 2128 817 2201 ἁμάξῃ
864 2131 914 2183 ἐς
952 2128 1084 2180 ἄλλο
1126 2130 1282 2184 ἔθνος.
1371 2130 1417 2182 οἳ
1458 2133 1511 2182 δὲ
1549 2128 1612 2182 ἂν
1652 2151 1808 2197 παρα·
1845 2153 1871 2184 2

144 2210 379 2277 δέξωνται
400 2212 703 2279 κομισθέντα
725 2213 812 2266 τὸν
831 2215 1022 2281 νεκρόν,
1044 2219 1242 2266 ποιεῦσι
1264 2213 1325 2266 τά
1348 2235 1441 2281 περ
1466 2217 1511 2266 οἱ
1542 2213 1811 2280 βασιλήιοι

146 2298 344 2350 Σκύθαι·
383 2303 470 2349 τοῦ
503 2297 627 2353 ὠτὸς
659 2297 1043 2364 ἀποζᾴμνονται,
1069 2301 1245 2367 τρίχας
1269 2301 1646 2366 περικείρονιαι,
1679 2304 2098 2370 βρα-ανῦιρᾶιο

143 2383 318 2449 χίονας
366 2382 763 2450 περιτάμνονται,
813 2381 1042 2448 μέτωπον
1093 2383 1170 2435 καὶ
1219 2385 1333 2451 ῥῖνα
1385 2385 1807 2458 καταμύσσονται,
1836 2395 1970 2443 (ΞΜ,
2034 2357 2098 2415 'n

143 2467 223 2518 διὰ
258 2469 346 2532 τῆς
382 2468 647 2535 ἀριστερῆς
687 2467 856 2536 χειρὸς
897 2467 1101 2522 ὀϊστοὺς
1142 2467 1505 2540 διαβυνέονται.
1584 2471 1811 2521 ἐνθεῦτεν
1850 2490 1874 2533 3

202 2621 219 2647 1
254 2606 432 2650 -κέονται
454 2607 495 2646 R
715 2620 742 2657 3
771 2606 926 2649 -κέουσι
949 2607 1013 2648 R:
1045 2607 1242 2650 -καιέουσι
1262 2609 1301 2647 V
1506 2622 1531 2658 4
1561 2607 1753 2649 καλέουσι
1775 2607 1810 2647 C

142 2663 170 2702 6
200 2663 320 2717 ἔρσεα
341 2662 430 2701 RV
558 2676 586 2714 9
616 2662 837 2714 ἐκχέαντες
860 2662 895 2701 Β
914 2676 923 2701 :
955 2665 1048 2715 ἐσχ.
1073 2662 1112 2701 R
1128 2662 1208 2702 SV
1342 2677 1391 2703 10
1419 2665 1470 2704 τὰ
1491 2664 1604 2716 ὅρκια
1626 2663 1659 2701 Ρ
1675 2662 1712 2700 R
1730 2662 1811 2702 SV

144 2717 283 2759 υπέατι
303 2734 346 2767 ηι
365 2717 405 2756 Α
419 2717 454 2756 Β
473 2731 481 2756 :
515 2716 695 2767 ἐπεᾶτίηι
718 2717 751 2756 C
772 2733 781 2757 :
811 2716 953 2759 ὄπέατι
973 2718 999 2767 ἢ
1021 2717 1076 2758 Is.
1100 2717 1215 2757 Voss
1342 2718 1631 2769 ἐπιτάμνοντες
1652 2717 1692 2756 Α
1708 2718 1742 2756 Β
1761 2718 1810 2756 C¹

146 2785 190 2812 11
234 2774 374 2826 μικρὸν
406 2773 447 2811 Α
461 2772 495 2812 Β
512 2773 545 2812 C
769 2785 816 2812 12
860 2772 1061 2827 σάγγαριν
1096 2773 1134 2812 R
1151 2772 1232 2813 SV
1457 2787 1505 2823 13
1549 2774 1598 2823 δὴ
1638 2773 1812 2822 Madvig

144 2840 192 2867 21
235 2831 544 2882 καθαρισθεῖσαν
574 2827 608 2867 C
693 2850 699 2858 ·
774 2829 1017 2880 κεκκομένου
1049 2828 1089 2868 R
1312 2842 1364 2868 22
1403 2829 1633 2882 σπέρματος
1662 2841 1746 2868 om.
1771 2829 1809 2868 R

143 2882 318 2937 ἀρνήσου
339 2881 369 2922 S
382 2881 422 2922 V
532 2898 749 2938 συνεραμμ.
770 2882 811 2923 Α
830 2898 839 2923 :
869 2898 1106 2937 συρρεραμμ.
1128 2883 1162 2923 Β
1179 2897 1187 2923 :
1220 2900 1429 2939 συρρεραμ.
1455 2884 1514 2925 C:
1546 2899 1756 2939 συνερραμ.
1771 2883 1811 2923 V

142 2949 194 2987 23
225 2939 290 2980 καὶ
310 2951 391 2978 om.
413 2937 500 2978 AB
517 2937 550 2978 C
711 2951 764 2989 24
794 2938 974 2979 ποιέουσι
998 2938 1036 2978 R
1053 2938 1084 2979 S
1097 2938 1135 2978 V
1297 2951 1350 2991 25
1380 2940 1524 2995 τρίχας
1543 2971 1550 2979 .
1569 2969 1579 2980 .
1598 2937 1807 2994 περιτάμν.

140 2992 387 3034 om.ABC
552 3007 603 3045 27
635 2997 708 3044 τῆς
730 3011 775 3035 τε
797 2992 983 3034 PRSV
