2098 3320
123 650 144 699 5

94 1079 144 1109 10

58 1494 138 1542 ‚15

89 1924 140 1952 20

762 166 1141 216 ΙΣΤΟΡΙΩΝ
1201 163 1242 213 Γ

171 298 388 365 Ὀτάνης
427 300 560 366 παρὰ
595 298 778 364 ταύτην
813 299 905 363 τὴν
949 298 1196 366 θυγατέρα
1237 295 1538 350 ἐπυνθάνετο
1576 296 1689 363 παρ’
1720 298 1844 366 ὅτεῳ

175 384 449 452 ἀνθρώπων
479 388 706 454 κοιμῷτο,
740 385 840 436 εἴτε
870 385 994 449 μετὰ
1025 382 1262 450 Σμέρδιος
1293 386 1379 434 τοῦ
1411 382 1573 448 Κύρου
1596 382 1696 433 εἴτε
1718 383 1845 446 μετὰ

1886 164 1978 215 111.
2005 167 2074 218 68

172 467 331 520 ἄλλου
360 490 459 521 τευ.
547 467 576 532 ἡ
609 466 664 520 δέ
695 470 741 519 οἱ
765 466 1047 534 ἀντέπεμπε
1081 466 1280 534 φαμένη
1313 466 1370 517 οὐ
1399 466 1683 534 γινώσκειν·
1729 466 1844 517 οὔτε
1880 484 1906 526 4

170 554 265 620 γὰρ
316 553 402 605 τὸν
456 552 619 620 Κύρου
672 551 884 620 Σμέρδιν
938 551 1132 604 ἰδέσθαι
1183 551 1373 617 οὐδαμὰ
1424 551 1537 602 οὔτε
1582 552 1722 604 ὅστις
1768 552 1841 614 εἵη

171 638 197 687 6
249 635 521 690 συνοικέων
574 636 693 708 αὐτῇ
749 636 945 689 εἰδέναι.
1051 636 1241 702 ἔπεμπε
1293 636 1495 703 δεύτερα
1548 636 1574 687 ὁ
1627 634 1842 699 Ὀτάνης

169 720 351 789 λέγων·
398 723 460 774 Εἰ
499 720 565 787 μὴ
610 720 732 786 αὐτὴ
775 721 988 788 Σμέρδιν
1029 726 1115 774 τὸν
1159 721 1320 788 Κύρου
1362 720 1651 788 γινώσκεις,ι
1682 719 1747 771 σὺ
1788 722 1841 770 δὲ

169 798 302 874 παρὰ
334 806 587 871 Ἀτόσσης
619 809 772 859 πυθεΰ
804 807 926 876 ὅτεῳ
965 805 1119 876 τούτῳ
1157 804 1404 858 συνοικέει
1442 803 1562 869 αὐτή
1593 826 1648 856 τε
1678 805 1840 867 ἐκείνη

171 891 249 943 καὶ
274 892 353 943 σύ·
397 889 593 945 πάντως
616 893 711 958 γὰρ
736 889 794 956 δή
821 912 906 943 κου
930 892 1017 943 τόν
1034 913 1093 959 γε
1114 893 1298 955 ἑωυτῆς
1316 888 1564 956 ἀδελφεὸν
1588 889 1838 956 γινώσκει.

168 974 463 1042 ἀντιπέμπει
500 975 621 1043 πρὸς
657 980 810 1027 ταῦτα
845 975 874 1041 ἡ
916 975 1148 1043 θυγάτηρ·
1196 975 1329 1027 Οὔτε
1366 974 1594 1046 Ἀτόσσῃ
1633 973 1840 1038 δύναμαι

169 1061 219 1114 ἐς
255 1060 438 1128 λόγους
481 1062 650 1113 ἐλθεῖν
695 1061 806 1113 οὔτε
850 1059 1015 1126 ἄλλην
1058 1059 1290 1125 οὐδεμίαν
1335 1058 1530 1111 ἰδέσθαι
1573 1062 1672 1110 τῶν
1716 1079 1837 1125 συγ-

171 1143 455 1210 κατημένων
487 1149 750 1212 γυναικῶν·
807 1145 972 1197 ἐπείτε
1003 1145 1097 1212 γὰρ
1128 1144 1344 1212 τάχιστα
1383 1144 1525 1197 οὗτος
1556 1143 1836 1210 ὥνθρωπος,

168 1230 309 1283 ὅστις
342 1228 454 1281 κοτέ
484 1231 609 1289 ἐστι,
644 1228 908 1297 παρέλαβε
945 1229 1035 1294 τὴν
1068 1230 1364 1295 βασιληίην,
1399 1227 1651 1294 διέσπειρε
1684 1227 1839 1292 ἡμέας

170 1313 333 1378 ἄλλην
363 1313 496 1387 ἄλλῃ
527 1313 694 1379 τάξας.
784 1313 1013 1367 ἀκούοντι
1050 1316 1103 1366 δὲ
1134 1317 1288 1366 ταῦτα
1322 1317 1389 1382 τῷ
1421 1311 1606 1384 Ὀτάνῃ
1641 1315 1839 1378 μᾶλλον

171 1400 496 1466 κατεφαίνετο
527 1398 584 1450 τὸ
617 1402 832 1466 πρῆγμα.
913 1400 1084 1465 τρίτην
1107 1400 1160 1451 δὲ
1185 1397 1428 1465 ἀγγελίην
1453 1396 1700 1462 ἐσπέμπει
1722 1397 1838 1463 παρ’

167 1482 319 1547 αὐτὴν
358 1482 614 1550 λέγουσαν
654 1487 823 1535 ταῦτα·
881 1482 955 1534 ‘'⁸ss
997 1483 1224 1551 θύγατερ,
1264 1487 1343 1535 δεῖ
1378 1504 1439 1534 σε
1480 1486 1742 1549 γεγονυῖαν
1785 1481 1838 1532 εὖ

169 1567 393 1621 κίνδυνον
423 1566 774 1634 ἀναλαβέσθαι
803 1567 891 1620 τὸν
921 1566 983 1620 ἂν
1014 1569 1040 1619 6
1071 1567 1231 1634 πατὴρ
1262 1567 1524 1619 ὑποδύνειν
1555 1566 1747 1638 κελεύῃ·
1794 1568 1838 1618 εἰ

165 1654 259 1720 γὰρ
290 1652 348 1717 δὴ
378 1651 444 1718 μή
477 1654 588 1704 ἐστι
618 1653 645 1704 6
678 1653 841 1720 Κύρου
872 1651 1083 1720 Σμέρδις
1119 1653 1253 1704 ἀλλὰ
1290 1652 1375 1704 τὸν
1407 1650 1686 1703 καταδοκέω
1719 1651 1835 1717 ἐγώ,

165 1737 299 1789 οὔτοι
337 1758 423 1803 μιν
461 1739 549 1790 σοί
587 1758 642 1790 τε
689 1738 1099 1805 συγκοιμώμενον
1146 1737 1223 1789 καὶ
1268 1735 1325 1788 τὸ
1370 1735 1611 1802 Περσέων
1659 1734 1835 1802 κράτος

164 1820 349 1890 ἔχοντα
379 1825 456 1874 δεῖ
482 1824 723 1890 χαίροντα
754 1821 1126 1881 ἀπαλλάσσειν,
1154 1823 1291 1874 ἀλλὰ
1321 1825 1488 1873 δοῦναι
1519 1822 1673 1885 δίκην.
1746 1825 1834 1872 νῦν

163 1903 231 1957 ὧν
279 1907 495 1971 ποίησον
541 1906 675 1959 τάδε·
740 1905 892 1959 ἐπεάν
939 1929 1022 1959 σοι
1077 1907 1290 1978 συνεύδῃ
1344 1907 1423 1958 καὶ
1473 1905 1632 1977 μάθῃς
1684 1904 1833 1957 αὐτὸν

164 1990 559 2057 κατυπνωμένον,
592 1991 795 2059 ἄφασον
830 1991 978 2044 αὐτοῦ
1006 1994 1068 2043 τὰ
1099 1988 1217 2043 ὦτα·
1265 1992 1344 2043 καὶ
1381 1986 1442 2055 ἢν
1471 1992 1562 2055 μὲν
1594 1990 1833 2056 φαίνηται

161 2075 292 2144 ἔχων
322 2072 440 2136 ὦτα,
473 2076 640 2142 νόμιζε
676 2076 901 2141 σεωυτὴν
933 2076 1115 2144 Σμέρδι
1150 2081 1217 2147 τῷ
1255 2076 1417 2142 Κύρου
1448 2073 1738 2133 συνοικέειν,
1771 2069 1832 2138 ἢν

161 2162 214 2212 δὲ
257 2159 323 2226 μὴ
370 2161 517 2229 ἔχων,
569 2161 632 2213 σὺ
677 2164 730 2213 δὲ
775 2167 843 2232 τῷ
891 2160 1032 2231 μάγῳ
1081 2159 1276 2227 Σμέρδι.
1366 2158 1661 2225 ἀντιπέμπει
1710 2158 1831 2225 πρὸς

161 2249 313 2297 ταῦτα
346 2246 376 2310 ἡ
415 2247 659 2312 Φαιδυμίη
701 2245 899 2313 φαμένη
945 2246 1282 2298 κινδυνεύσειν
1322 2243 1572 2312 μεγάλως,
1611 2240 1671 2308 ἢν
1712 2243 1829 2314 ποιῇ

118 2349 134 2376 ς
162 2333 329 2381 ταῦτα·
376 2332 419 2382 εἰ
452 2332 547 2398 γὰρ
578 2330 636 2395 δὴ
666 2330 733 2396 μὴ
767 2329 1007 2399 τυγχάνει
1038 2332 1099 2382 τὰ
1131 2326 1231 2382 ὦτα
1261 2329 1409 2398 ἔχων,
1436 2330 1746 2394 ἐπίλαμπτος
1776 2330 1830 2380 δὲ

160 2413 474 2482 ἀφάσσ-ουσα
505 2415 663 2475 ἔσται,
699 2416 752 2468 εὗ
785 2414 966 2468 εἰδέναι
992 2415 1055 2468 ὡς
1087 2415 1331 2466 ἀϊστώσει
1359 2436 1460 2480 μιν·
1506 2414 1638 2479 ὅμως
1660 2411 1829 2477 μέντοι

161 2497 391 2563 ποιήσειν
443 2504 609 2552 ταῦτα.
700 2500 729 2564 ἡ
775 2502 866 2565 μὲν
920 2499 1012 2564 δὴκ
1031 2498 1305 2565 ὑπεδέξατο
1357 2504 1511 2551 ταῦτα
1560 2503 1627 2568 τῷ
1681 2498 1827 2563 πατρὶ

218 2649 233 2675 Ι
278 2639 381 2691 παρὰ
413 2637 587 2691 ταύτην]
620 2638 710 2692 παρ’
741 2640 868 2688 αὐτὴν
903 2637 985 2677 CP
1002 2651 1010 2676 t
1049 2635 1138 2691 παρ’
1171 2638 1293 2679 αὐτὸν
1321 2635 1409 2675 AB
1577 2649 1602 2675 2
1633 2639 1755 2687 κοιμῶ
1787 2635 1825 2674 R

159 2705 181 2740 4
205 2691 376 2734 εἶδέσθαι
400 2693 436 2731 R
457 2694 487 2732 S
503 2693 542 2731 V
635 2705 659 2743 5
685 2693 754 2732 alt.
776 2697 797 2734 ὁ
814 2706 894 2733 om.
914 2694 944 2732 S
958 2693 995 2731 V
1091 2706 1112 2742 7
1143 2692 1276 2744 τούτῳ
1297 2705 1379 2732 om.
1406 2691 1443 2730 R
1459 2692 1488 2731 S
1502 2691 1541 2729 V
1633 2693 1659 2730 8
1680 2692 1828 2732 ἑωυτὸν

159 2748 193 2786 C
284 2749 500 2799 ’γινώσκειν
521 2749 554 2787 C
665 2762 693 2798 9
724 2748 909 2797 αὐτόσση
927 2749 959 2786 C
977 2748 1015 2786 R
1132 2761 1181 2787 10
1211 2747 1398 2796 οὐδεμίην
1416 2746 1454 2784 R
1471 2747 1500 2785 S
1515 2746 1552 2784 V
1655 2751 1822 2797 συγκαθ.

158 2802 196 2840 Α
213 2802 246 2841 Β
263 2804 296 2841 C
466 2816 513 2841 12
536 2806 653 2844 ἐσται
670 2803 708 2843 C
875 2805 924 2843 16
954 2802 1222 2844 ὑποδεικνύειν
1243 2802 1276 2840 C
1292 2802 1326 2840 P
1460 2801 1616 2842 κελεύει
1639 2801 1673 2839 Β
1692 2800 1730 2838 R
1746 2802 1776 2841 S
1789 2801 1827 2838 V

159 2856 214 2908 εἰ]
254 2859 304 2908 ἢν
345 2857 382 2896 Α
409 2858 443 2897 Β
467 2858 500 2897 C
524 2858 558 2897 P
742 2872 793 2908 24
834 2857 1011 2907 Φαιδύμη
1050 2856 1090 2896 A
1113 2857 1148 2896 B
1173 2858 1206 2896 C
1230 2857 1263 2895 P
1392 2856 1633 2898 κινδυνεύειν
1676 2855 1712 2894 R
1737 2856 1767 2894 S
1789 2854 1828 2893 V

158 2913 306 2967 ποιήσῃ
333 2912 366 2951 P
549 2926 601 2964 25
634 2913 686 2966 εἰ]
710 2914 759 2964 ἢν
779 2912 819 2952 Α
834 2913 869 2952 Β
886 2913 918 2952 C
934 2912 967 2951 P
1076 2911 1321 2964 τυγχάνη<ι)
1345 2912 1378 2950 C
1394 2911 1427 2950 P
1440 2912 1479 2950 R
1592 2911 1699 2962 ἔχων
1726 2916 1826 2949 ante

157 2983 281 3020 τυγχ.
309 2969 347 3007 R
364 2968 443 3007 SV
534 2970 757 3020 ἐπίλαμπος
781 2968 862 3008 SV
984 2968 1038 3006 26
1069 2967 1283 3020 ἆφάσουσα
1305 2967 1336 3004 C
1353 2967 1391 3005 R
1505 2978 1553 3015 27
1585 2967 1656 3006 alt.
1675 2965 1825 3017 ταῦτα]

157 3024 278 3064 τοῦτο
304 3023 343 3061 R
360 3024 388 3062 S
402 3023 440 3062 V

1877 1313 1952 1373 69

1875 1501 1900 1532 2
