2098 3320
46 132 85 182 Ι.
103 133 198 197 165

110 1029 209 1076 166

866 134 912 181 H
926 135 1016 183 Po
1029 134 1289 183 AOTO-‘r

250 283 349 314 σαν
379 266 477 315 τῶν
509 261 751 330 Περσέων
780 262 871 328 τὴν
915 262 1160 330 φυλακήν,
1194 263 1224 328 ἢ
1261 263 1499 332 ἐφρούρεε
1535 261 1911 331 παραδεξαμένη

249 349 381 413 παρὰ
411 346 664 415 Ἃρπάγου
693 348 784 413 τὴν
809 348 973 407 πόλιν,
997 350 1122 414 μετὰ
1141 347 1210 407 δέ,
1238 348 1302 402 ὡς
1331 349 1476 400 τοῦτό
1494 354 1590 415 σφι
1620 347 1912 415 ἐξέργαστο,

250 430 550 496 ἐποιήσαντο
582 434 793 501 ἰσχυρὰς
825 431 1037 499 κατ-ᾀρας
1065 437 1132 502 τῶ
1173 431 1547 502 ὑπολειπομένῳ
1594 435 1787 484 ἑωυτῶν
1826 437 1914 484 τοῦ

249 517 450 568 στόλου.
525 516 646 584 πρὸς
671 521 722 569 δὲ
744 518 953 589 ταύτῃσι
974 517 1052 568 καὶ
1074 517 1258 585 μύδρον
1278 515 1506 584 σιδήρεον
1528 517 1912 570 κατεπόντωσαν
1924 519 2098 576 3²4*

249 602 327 653 καὶ
358 601 563 666 ὤμοσαν
593 601 658 667 μὴ
702 602 815 668 πρὶν
853 603 903 655 ἐς
941 602 1176 654 Φώκαιαν
1217 601 1354 667 ἥξειν
1395 602 1509 667 πρὶν
1541 596 1571 665 ἢ
1612 600 1698 653 τὸν
1727 601 1911 669 μύδρον
1934 624 1957 667 5

246 690 420 737 τοῦτον
451 687 784 753 ἀναφανῆναι.
859 686 1211 752 στελλομένων
1252 690 1305 739 δὲ
1341 685 1500 738 αὐτῶν
1538 686 1618 738 ἐπὶ
1657 685 1746 750 τὴν
1780 687 1907 753 Κύρ-

246 791 332 821 νον
362 771 696 837 ὑπερημίσεας
725 775 822 823 τῶν
855 773 1023 823 ἀστῶν
1053 771 1213 837 ἔλαβε
1237 772 1390 824 πόθος
1420 792 1474 823 τε
1511 771 1589 839 καὶ
1632 769 1794 826 οἶκτος,
1823 774 1911 836 τῆς

247 855 422 909 πόλιος
462 856 540 907 καὶ
571 860 669 907 τῶν
700 854 859 920 ἠθέων
889 859 976 920 τῆς
1015 857 1197 923 χώρης,
1230 856 1520 922 ψευδόρκιοι
1559 858 1611 907 δὲ
1651 855 1910 922 γενόμενοι

248 938 503 991 ἀπέπλεον
522 941 683 992 ὀπίσω
706 942 755 994 ἐς
778 939 868 1005 τὴν
889 940 1141 992 Φώκαιαν.
1197 941 1243 992 οἳ
1267 942 1319 992 δὲ
1344 941 1503 992 αὐτῶν
1522 943 1578 991 τὸ
1599 941 1764 1006 ὅρκιον
1786 939 1906 1007 ἐφύ-

247 1030 463 1083 λασσον,
491 1023 748 1090 ἀερθέντες
773 1026 826 1076 ἐκ
855 1030 953 1076 τῶν
984 1023 1312 1078 Οἰνουσσέων
1343 1025 1542 1076 ἔπλεον.
1589 1025 1751 1076 ἐπείτε
1774 1026 1828 1076 δὲ
1859 1025 1910 1079 ἐς
1937 1045 1986 1074 10

247 1107 335 1172 τὴν
367 1108 560 1176 Κύρνον
591 1110 843 1169 ἀπίκοντο,
879 1110 1040 1162 οἴκεον
1073 1117 1212 1183 κοινῇ
1230 1110 1364 1176 ,μετὰ
1393 1114 1492 1161 τῶν
1527 1109 1766 1176 πρότερον
1803 1110 1909 1161 ἀπι·

248 1191 468 1257 κομένων
500 1193 576 1245 ἐπ’
607 1195 721 1246 ἔτεα
750 1192 898 1247 πέντε
924 1195 1002 1246 καὶ
1040 1196 1118 1261 ἱρὰ
1149 1194 1484 1261 ἐνιδρύσαντο.
1553 1194 1630 1245 καὶ
1660 1191 1784 1260 ἦγον
1813 1195 1909 1261 γὰρ

246 1276 302 1341 δὴ
343 1277 422 1328 καὶ
459 1277 642 1345 ἔφερον
682 1278 795 1332 τοὺς
832 1280 1106 1345 περιοίκους
1151 1278 1387 1337 ἅπαντας,
1436 1277 1789 1344 στρατεύονται
1839 1274 1908 1330 ὧν

246 1361 322 1412 ἐπ’
355 1362 531 1416 αὐτοὺς
563 1367 708 1432 κοινῷ
739 1364 877 1432 λόγῳ
909 1363 1218 1430 χρησάμενοι
1245 1363 1499 1429 Τυρσηνοὶ
1532 1363 1610 1414 καὶ
1643 1362 1904 1430 Καρχηδό-

244 1467 339 1498 νιοι
372 1447 518 1511 νηυσὶ
551 1447 772 1514 ἑκάτεροι
805 1446 1057 1512 ἑξήκοντα.
1132 1450 1177 1500 οἱ
1203 1450 1254 1499 δὲ
1276 1446 1528 1500 Φωκαιέες
1551 1446 1981 1512 πληρώσαντεςῚε

242 1531 322 1582 ’καὶ
353 1531 493 1588 ,αὐτοὶ
522 1533 584 1583 τὰ
614 1537 783 1590 πλοῖα,
821 1532 967 1584 ἐόντα
997 1532 1205 1598 ἀριθμὸν
1237 1530 1489 1596 ἑξήκοντα,
1516 1530 1747 1594 ἀντίαζον
1777 1531 1827 1583 ἐς
1851 1534 1907 1582 τὸ

244 1616 513 1681 Σαρδόνιον
547 1617 848 1680 καλεόμενον
880 1615 1116 1683 πέλαγος.
1194 1616 1580 1682 συμμισγόντων
1611 1617 1664 1667 δὲ
1700 1621 1761 1687 τῇ
1791 1635 1904 1666 ναυ-

243 1701 398 1771 μαχίῃ
432 1702 653 1770 Καδμείη
676 1722 751 1754 τις
788 1702 897 1766 νίκη
939 1705 1074 1752 τοῖσι
1117 1704 1401 1753 Φωκαιεῦσι
1436 1698 1650 1767 ἐγένετο.
1724 1701 1774 1750 αἱ
1815 1701 1906 1764 μὲν

242 1786 339 1850 γὰρ
378 1784 750 1852 τεσσεράκοντά
792 1791 890 1852 σφι
931 1784 1039 1839 νέες
1080 1783 1437 1852 διεφθάρησαν,
1471 1786 1522 1836 αἱ
1562 1785 1617 1835 δὲ
1657 1784 2095 1881 εἴκοσιαέἑφικῴ

244 1873 531 1934 περιεοῦσαι
551 1869 682 1934 ἦσαν
706 1868 966 1937 ἄχρηστοι·
1004 1868 1363 1937 ἀπεστράφατο
1382 1870 1476 1936 γὰρ
1501 1866 1613 1929 τοὺς
1636 1867 1904 1933 ἐμβόλους.
1933 1886 1983 1914 20
2003 1882 2098 1918 mx

245 1954 663 2008 καταπλώσαντες
695 1956 748 2006 δὲ
779 1956 829 2008 ἐς
851 1954 942 2018 τὴν
973 1953 1219 2019 Ἀλαλίην
1252 1952 1509 2018 ἀνέλαβον
1539 1954 1600 2003 τὰ
1642 1950 1790 2003 τέκνα
1828 1950 1906 2002 καὶ

243 2039 332 2090 τὰς
371 2043 606 2104 γυναῖκας
642 2039 720 2090 καὶ
763 2038 852 2102 τὴν
891 2038 1055 2103 ἄλλην
1096 2040 1271 2102 κτῆσιν
1302 2038 1430 2102 ὅσην
1461 2037 1563 2088 οῗαί
1588 2057 1643 2088 τε
1683 2036 1906 2103 ἐγίνοντο

244 2124 294 2172 αἱ
324 2121 431 2175 νέες
463 2130 562 2190 σφι
590 2122 745 2189 ἄγειν,
782 2123 861 2174 καὶ
893 2123 1063 2175 ἔπειτα
1105 2121 1313 2175 ἀπέντες
1355 2121 1445 2185 τὴν
1488 2121 1680 2187 Κύρνον
1721 2119 1905 2171 ἔπλεον

245 2207 294 2258 ἐς
317 2204 531 2272 Ῥήγιον.
604 2212 702 2258 τῶν
732 2209 785 2272 δὲ
816 2205 1216 2274 διαφθαρεισέων
1248 2211 1373 2258 νεῶν
1406 2205 1519 2257 τοὺς
1550 2204 1729 2271 ἄνδρας
1765 2204 1817 2254 οἵ
1851 2192 2098 2304 τεφαῇἣιριιΙ

246 2290 580 2358 Καρχηδόνιοι
618 2291 695 2341 καὶ
731 2293 777 2342 οἱ
807 2291 1059 2357 Τυρσηνοὶ
1089 2311 1122 2348 >k
1151 2312 1184 2349 >k
1215 2290 1403 2357 ἔλαχόν
1437 2310 1490 2340 τε
1531 2288 1690 2357 αὐτῶν
1729 2292 1904 2357 πολλῷ
1931 2306 1977 2347 25

245 2372 428 2438 πλέους
453 2375 532 2425 καὶ
555 2375 755 2428 τούτους
779 2372 1107 2442 ἐξαγαγόντες
1134 2373 1454 2446 κατέλευσαν.
1502 2374 1626 2437 μετὰ
1646 2374 1698 2424 δὲ
1718 2371 2098 2437 ’AyvA-sbmd

243 2459 434 2509 λαίοισι
464 2457 626 2510 πάντα
660 2460 722 2509 τὰ
751 2459 991 2526 παριόντα
1029 2463 1114 2511 τὸν
1154 2463 1334 2526 χῶρον,
1369 2459 1422 2508 ἐν
1461 2462 1528 2526 τῷ
1570 2458 1615 2508 οἱ
1652 2454 1904 2508 Φωκαιέες

247 2542 665 2596 καταλευσθέντες
705 2542 892 2602 ἐκέατο,
927 2543 1116 2609 ἐγίνετο
1163 2541 1446 2610 διάσζροφα
1483 2541 1560 2592 καὶ
1601 2540 1794 2607 ἔμπηρα
1825 2540 1903 2590 καὶ
1931 2540 2098 2603 “W

246 2626 558 2691 ἀπόπληκτα,
592 2628 770 2692 ὁμοίως
799 2628 1032 2693 πρόβατα
1061 2627 1137 2678 καὶ
1168 2626 1406 2693 ὑποζύγια
1437 2627 1515 2677 καὶ
1547 2624 1809 2692 ἄνθρωποι.
1856 2625 1902 2674 οἱ

299 2766 326 2802 6
355 2765 601 2818 ἀναφανῆναι
623 2764 784 2804 Reiske
804 2778 813 2803 ε
843 2766 1041 2817 ἀναφῆναι
1060 2764 1115 2804 L:
1147 2766 1333 2805 ἀναδῦναι
1354 2761 1524 2801 Bekker
1620 2773 1642 2810 7
1673 2759 1769 2814 ὑπὲρ
1784 2760 1850 2811 ἦμ.
1868 2758 1901 2800 L

243 2821 270 2857 8
299 2822 372 2867 τῆς
395 2820 526 2872 χώρης
547 2819 629 2859 del.
657 2819 928 2859 Herwerden
1097 2831 1147 2858 10
1177 2816 1404 2859 Οἱνουσέων
1425 2818 1458 2855 C
1512 2843 1522 2851 -
1626 2829 1673 2854 12
1703 2817 1805 2876 ἄγον
1822 2815 1901 2867 γὰρ

242 2875 319 2922 ἤδη
340 2874 373 2912 C
392 2874 424 2912 P
620 2887 669 2923 19
697 2889 865 2927 τεσσαρ.
887 2874 922 2912 Β
940 2874 972 2912 C
989 2873 1021 2911 P
1159 2873 1277 2925 σφίσι
1298 2871 1385 2910 ΑΒ
1402 2871 1435 2909 Ρ
1574 2872 1663 2918 νῆες
1685 2869 1718 2908 L
1742 2874 1806 2918 (lt.
1827 2870 1899 2919 23)

243 2942 297 2966 20
327 2928 608 2981 ἀπεστρέφατο
628 2928 666 2969 Α
683 2928 716 2966 Β
838 2942 908 2978 >23
938 2927 1109 2980 ἀφέντες
1127 2927 1160 2966 L
1289 2938 1341 2975 25
1370 2926 1565 2964 lacunam
1586 2923 1688 2963 vidit
1712 2923 1871 2962 Reiske
1889 2935 1899 2962 ε

242 2983 450 3035 διέλαχον,
467 2987 549 3024 τῶν
569 2983 612 3024 δὲ
632 2988 845 3036 Τυρσηνῶν
866 2985 902 3024 οἱ
921 2981 1159 3036 Ἀγυλλαῖοι
1180 2981 1318 3033 suppl.
1341 2979 1463 3020 Stein
1597 2980 1650 3017 26
1679 2978 1899 3030 πλείστους

240 3038 365 3077 Stein
531 3051 582 3088 27
612 3038 683 3090 τὰ]
705 3055 797 3080 τινα
816 3038 850 3077 C
