2098 3320
703 119 1082 172 ΙΣΤΟΡΙΩΝ
1147 126 1191 171 Δ
1822 129 1906 180 IV.
1934 130 2024 192 138

114 256 323 323 λόγιμος
367 257 547 319 μοῦνος
595 251 959 320 Ἀρισταγόρης
1005 258 1239 320 Κυμαῖος.
1330 256 1465 308 οῦτοι
1509 254 1577 310 ὧν
1621 259 1784 312 ἐπείτε
1822 275 1915 324 139

113 337 470 404 τῆνἹστιαίου
508 335 734 409 αἱρέοντο
766 338 986 404 γνώμην,
1021 338 1159 404 ἔδοξέ
1194 346 1291 408 σφι
1331 340 1452 408 πρὸς
1487 341 1638 414 ταύτῃ
1669 342 1785 396 τάδε

61 446 66 482 ζ
115 424 238 491 ἔργα
267 443 320 475 τε
352 422 432 474 καὶ
456 421 577 474 ἔπεα
603 425 910 488 προσθεῖναι,
938 425 1024 486 τῆς
1053 425 1145 488 μὲν
1170 425 1389 491 γεφύρης
1418 426 1557 478 λύειν
1579 428 1640 479 τὰ
1666 430 1788 479 κατὰ

115 507 229 562 τοὺς
268 507 459 560 Σκύθας
498 506 659 564 ἐόντα,
701 505 841 558 λύειν
879 508 931 558 δὲ
971 508 1093 559 ὅσον
1130 506 1342 574 τόξευμα
1382 508 1667 573 ἐξικνέεται,
1706 513 1787 564 ἵνα

2 588 5 589 ⁷
66 616 88 657 5
119 592 197 644 καὶ
232 589 420 645 ποιέειν
455 612 502 643 τι
543 588 756 642 δοκέωσι
798 595 1049 644 ποιεῦντες
1087 594 1239 657 μηδὲν
1281 592 1360 644 καὶ
1404 595 1450 646 οἱ
1491 595 1675 647 Σκύθαι
1717 596 1784 662 μὴ

116 674 359 747 πειρῴατο
398 675 642 742 βιώμενοι
682 670 781 740 [καὶ
826 672 1149 741 βουλόμενοι]
1189 679 1423 743 διαβῆναι
1463 678 1549 730 τὸν
1582 678 1786 746 Ἵστρον

119 763 242 814 κατὰ
270 759 359 826 τὴν
383 758 624 828 γέφυραν,
655 761 811 812 εἰπεῖν
842 779 895 810 τε
925 759 1138 813 λύοντας
1167 763 1254 825 τῆς
1276 763 1496 828 γεφύρης
1526 762 1582 813 τὸ
1614 766 1664 817 ἐς
1693 764 1784 828 τὴν

116 843 361 910 Σκυθικὴν
405 844 525 912 ἕχον
573 843 636 898 ὡς
682 842 843 896 πάντα
887 842 1159 908 ποιήσουσι
1203 846 1264 897 τὰ
1308 847 1532 918 Σκύθῃσί
1574 848 1685 899 ἐστι
1730 850 1785 901 ἐν

115 930 284 1002 ἡδονῇ.
350 933 503 981 ταῦτα
533 931 627 994 μὲν
651 926 967 995 προσέθηκαν
991 936 1050 1001 τῇ
1074 929 1260 1001 γνώμῃ,
1285 932 1407 995 μετὰ
1431 933 1484 983 δὲ
1508 933 1561 983 ἐκ
1585 930 1784 985 πάντων

0 1032 2 1035 “
40 1038 91 1070 10
116 1014 408 1082 ὑπεκρίνατο
444 1012 681 1067 Ἱστιαῖος
722 1012 838 1065 τάδε
878 1011 1060 1080 λέγων·
1099 1012 1308 1081 ’Άνδρες
1349 1015 1547 1075 Σκύθαι,
1585 1019 1784 1083 χρηστὰ

117 1099 259 1164 ἥκετε
303 1097 670 1166 φέροντεςγκαὶ
715 1099 766 1151 ἐς
811 1097 979 1165 καιρὸν
1026 1099 1307 1165 ἐπείγεσθε·
1370 1100 1448 1151 καὶ
1492 1099 1553 1152 τά
1597 1121 1652 1153 τε
1698 1102 1783 1154 ἀπ’

116 1182 280 1250 ὑμέων
319 1183 436 1248 ἡμῖν
476 1187 710 1251 χρηστῶς
751 1183 969 1234 ὁδοῦται
994 1182 1072 1234 καὶ
1112 1184 1173 1234 τὰ
1215 1182 1299 1235 ἀπ’
1339 1182 1502 1248 ἡμέων
1543 1186 1593 1237 ἐς
1633 1184 1785 1251 ὑμέας

119 1267 388 1334 ἐπιτηδέως
410 1266 746 1334 ὑπηρετέεται.
815 1267 880 1321 ὡς
904 1268 998 1334 γὰρ
1023 1268 1183 1333 ὁρᾶτε,
1214 1268 1290 1319 καὶ
1313 1268 1498 1333 λύομεν
1520 1268 1606 1321 τὸν
1630 1270 1785 1337 πόρον

10 1363 37 1413 ι(
120 1353 199 1405 καὶ
231 1353 505 1420 προθυμίην
535 1355 703 1404 πᾶσαν
736 1350 928 1417 ἕξομεν,
963 1351 1194 1406 θέλοντες
1227 1351 1353 1404 εἶναι
1384 1353 1650 1420 ἐλεύθεροι.
1731 1356 1784 1406 ἐν
1820 1371 1845 1414 3
1934 1354 1941 1359 ’

40 1462 86 1503 ¹5
118 1435 156 1508 ᾧ
187 1439 239 1490 δὲ
269 1437 410 1503 ἡμεῖς
431 1436 549 1489 τάδε
571 1437 774 1503 λύομεν,
797 1435 949 1502 ὑμέας
975 1437 1140 1503 καιρός
1165 1437 1275 1488 ἐστι
1300 1437 1527 1501 δίζησθαι
1552 1438 1780 1498 ἐκείνους,
1889 1434 1892 1438 ’

86 1553 91 1556 -
120 1523 349 1590 εὑρόντας
373 1523 426 1574 δὲ
448 1520 571 1588 ὑπέρ
594 1542 647 1574 τε
670 1520 835 1586 ἡμέων
861 1520 940 1572 καὶ
970 1520 1132 1587 ὑμέων
1155 1521 1315 1574 αὐτῶν
1340 1522 1608 1574 τείσασθαι
1632 1523 1785 1575 οὕτως

119 1607 184 1660 ὡς
221 1607 409 1660 κείνους
439 1605 631 1673 πρέπει.
721 1605 907 1659 Σκύθαι
943 1607 1033 1671 μὲν
1065 1605 1121 1657 τὸ
1151 1606 1380 1673 δεύτερον
1405 1604 1550 1658 Ἴωσι
1580 1607 1781 1658 πιστεύ-
1823 1624 1914 1673 140

118 1712 299 1744 σαντες
328 1689 497 1758 λέγειν
523 1689 713 1756 ἀληθέα
734 1690 1052 1758 ὑπέστρεφον
1076 1691 1158 1743 ἐπὶ
1193 1689 1404 1759 (firmo-w·
1419 1695 1517 1742 τῶν
1542 1690 1786 1757 Περσέων

119 1776 197 1828 καὶ
220 1774 501 1843 ἡμάρτανον
524 1774 692 1840 πάσης
713 1778 800 1840 τῆς
825 1776 1026 1828 ἐκείνων
1050 1773 1286 1840 διεξόδου.
1345 1768 1503 1827 ἀἴτιοι
1533 1778 1586 1828 δὲ
1609 1775 1784 1827 τούτου

39 1885 88 1914 20
117 1860 254 1913 αὑτοὶ
291 1863 336 1913 οἱ
374 1860 558 1912 Σκύθαι
594 1859 841 1928 ἐγένοντο,
875 1861 963 1914 τὰς
999 1861 1152 1926 νομὰς
1185 1865 1284 1912 τῶν
1314 1861 1479 1912 ἵππων
1509 1861 1597 1914 τὰς
1632 1860 1785 1932 ταύτῃ

116 1945 494 2014 διαφθείραντες
526 1946 604 1998 καὶ
629 1946 691 1997 τὰ
714 1945 868 1996 ὕδατα
898 1945 1271 2013 συγχώσαντες.
1349 1946 1391 1996 εἰ
1415 1946 1511 2012 γὰρ
1534 1948 1687 1996 ταῦτα
1717 1944 1784 2010 μὴ
1823 1966 1849 1998 2

117 2031 377 2096 ἐποίησαν,
413 2034 621 2099 παρεῖχε
653 2029 714 2082 ἄν
745 2036 860 2097 σφι,
894 2018 937 2082 εἷ
970 2028 1539 2095 ἐβούλοντο,,εὐπετέως
1568 2027 1784 2095 ἐξευρεῖν

115 2114 229 2170 τοὺς
260 2113 483 2181 Πέρσας·
531 2119 618 2167 νῦν
649 2117 703 2166 δὲ
739 2113 801 2166 τά
837 2121 935 2182 σφι
973 2114 1140 2167 ἐδόκεε
1173 2113 1353 2180 ἄριστα
1387 2116 1781 2179 βεβουλεῦσθαι,

116 2190 239 2251 κατᾶ
283 2204 436 2252 ταῦτα
488 2198 813 2267 ἐσφάλησαν.
905 2200 1090 2251 Σκύθαι
1135 2199 1227 2264 μέν
1271 2220 1357 2250 νυν
1400 2201 1487 2263 τῆς
1535 2196 1785 2265 σφετέρης
1822 2219 1848 2263 3

39 2306 87 2347 25
113 2284 279 2352 χώρης
326 2291 388 2357 τῇ
435 2284 583 2353 χιλός
630 2305 685 2336 τε
731 2288 867 2336 τοῖσι
918 2285 1118 2354 ἵπποισι
1172 2284 1250 2335 καὶ
1299 2284 1454 2334 ὕδατα
1504 2281 1581 2347 ἥν,
1631 2282 1782 2353 ταύτῃ
1817 2291 1980 2367 {mg

112 2366 376 2432 διεξιόντες
413 2369 634 2434 ἐδίζηντο
672 2368 786 2423 τοὺς
825 2367 1205 2434 ἆντιπολέμους,
1245 2366 1499 2421 δοκέοντες
1540 2366 1619 2418 καὶ
1656 2367 1779 2418 ἐκεί-

113 2473 226 2508 νους
250 2455 331 2521 διᾲ
353 2446 590 2506 τοιούτων
615 2453 705 2519 τὴν
729 2453 1008 2520 ἀπόδρησιν
1033 2451 1308 2505 ποιέεσθαι·
1355 2453 1401 2503 οἱ
1424 2453 1478 2504 δὲ
1501 2450 1559 2515 δὴ
1585 2448 1784 2516 Πέρσαι

1819 955 1844 986 N

171 2604 189 2630 1
216 2594 238 2632 ὁ
254 2597 352 2642 Κυμ.
372 2590 403 2631 S
515 2603 541 2630 2
569 2589 770 2645 αἱρέοντος
789 2591 897 2630 RV:
925 2607 1011 2632 -τες
1025 2590 1056 2630 S
1170 2591 1267 2643 πρὸς
1282 2592 1413 2630 ταῦτα
1427 2587 1555 2627 RSV
1664 2591 1691 2627 6
1716 2591 1782 2631 καὶ

112 2645 355 2697 βουλόμενοι
375 2658 456 2685 om.
480 2644 515 2684 C
665 2659 687 2696 7
718 2650 853 2687 λιπεῖν
876 2645 905 2684 S
927 2659 934 2683 ε
967 2648 1110 2686 λυπεῖν
1133 2645 1172 2684 R
1187 2644 1226 2682 V
1368 2644 1394 2682 8
1423 2644 1623 2691 ποιήσωσι
1647 2643 1684 2682 R
1701 2643 1731 2682 S
1745 2644 1784 2682 V

116 2713 162 2740 11
197 2701 389 2754 ἐπίγεσθε
420 2700 460 2740 R
686 2713 735 2740 12
767 2704 864 2751 ὑμᾶς
888 2700 1047 2738 CPV:
1079 2701 1181 2751 ἡμᾶς
1211 2698 1250 2736 R
1476 2709 1523 2746 13
1554 2701 1678 2751 ηρᾶτε
1700 2698 1782 2737 SV

115 2766 164 2805 15
193 2755 369 2807 δίζεσθαι
388 2755 429 2794 Α
442 2755 482 2794 R
497 2755 527 2796 S
540 2755 578 2795 V
692 2758 742 2795 16
771 2755 924 2797 αὐτέων
945 2754 984 2793 Α
1003 2755 1036 2792 Β
1152 2754 1342 2795 τίσασθαι
1365 2753 1398 2791 L
1515 2765 1561 2802 17
1593 2753 1781 2796 ἐκείνοισι

114 2810 153 2851 R
169 2810 200 2850 S
212 2810 251 2850 V
360 2810 621 2854 πιστεύοντες
643 2809 677 2849 Ρ
691 2810 731 2850 R
746 2811 775 2850 S
788 2810 826 2849 V
961 2811 1010 2848 18
1042 2809 1295 2862 ἐπέστρεφον
1317 2807 1347 2846 S
1359 2807 1397 2846 V
1529 2821 1583 2846 20
1613 2807 1683 2847 alt.
1707 2808 1782 2849 τὰς

112 2878 194 2906 om.
220 2865 261 2905 R
372 2878 426 2915 23
454 2869 699 2914 βουλεῦσθαι
722 2864 762 2905 R
778 2865 816 2904 V
927 2875 979 2914 25
1008 2864 1162 2912 ταύτην
1180 2864 1217 2901 R
1234 2862 1315 2902 SV
1426 2863 1479 2900 26
1508 2861 1781 2915 διεξελθόντες

112 2919 153 2959 Α
166 2919 201 2959 Β
217 2919 251 2959 C
380 2919 539 2971 δίζηντο
562 2919 600 2958 R
617 2919 647 2959 S
662 2920 700 2959 V
829 2918 1137 2972 ἀντιπολεμίους
1159 2918 1198 2956 Α
1213 2917 1247 2957 Β
1265 2917 1298 2956 C
1314 2917 1348 2956 P
1541 2930 1593 2967 27
1624 2915 1781 2958 τούτων

115 2974 156 3028 R
170 2973 252 3025 SV
362 2978 410 3026 δὴ
427 2988 507 3016 om.
534 2975 574 3016 R
592 2974 622 3015 S
635 2975 674 3015 V

170 3067 271 3098 um.
294 3069 323 3098 1.
1561 3054 1615 3096 25
