2098 3320
146 114 232 164 IV.
258 126 322 178 74

19 247 197 312 &peut

263 431 325 481 75

300 853 324 885 2

304 1026 324 1041 ἢ

302 1042 326 1069 Q

977 114 1405 163 ΗΡΟΔΟΤΟὙ

362 244 503 298 ὅστις
536 243 601 309 μὴ
636 241 792 311 κάρτα
821 245 1012 312 τρίβ-ων
1043 246 1115 309 ε’ίη
1149 243 1313 310 αὐτῆς,
1347 246 1571 312 διαγνοίη
1609 246 1753 299 λίνου
1780 242 1811 311 ἢ
1843 244 2021 300 καννά-
2090 300 2098 306 ,,

362 329 477 392 βιός
508 329 635 380 ἐστι·
680 327 734 381 ὃς
765 331 819 380 δὲ
847 328 913 393 μὴ
947 326 1047 380 εἶδέ
1080 350 1145 380 κω
1177 329 1268 393 τὴν
1300 330 1591 394 κανναβίδα,
1617 331 1787 383 λίνεον
1818 330 2024 397 δοκήσει

363 412 488 463 εἶναι
535 411 594 463 τὸ
645 413 772 477 εἷμα.
859 410 1036 478 ταύτης
1083 411 1152 465 iim
1200 416 1246 466 οἱ
1296 411 1478 466 Σκύθαι
1520 416 1608 478 τῆς
1652 413 1923 480 καννάβιος
1965 420 2023 468 τὸ
2057 428 2071 432 ”

364 493 563 562 σπέρμα
611 497 761 549 ἐπεὰν
808 494 1029 562 λάβωσι,
1078 494 1376 550 ὑποδύνουσι
1422 497 1517 550 ὑπὸ
1563 498 1679 553 τοὺς
1725 499 1900 553 πίλους
1943 500 2023 552 καὶ

362 580 534 633 ἔπειτα
570 578 912 646 ἐπιβάλλουσι
953 580 1009 632 τὸ
1041 579 1242 649 σπέρμα
1279 583 1360 634 ἐπὶ
1396 582 1510 636 τοὺς
1546 580 1820 650 διαφανέας
1851 585 2023 639 λίθους
2044 606 2069 650 5

361 660 447 734 [τῷ
478 662 633 732 πυρί]·
675 670 732 717 τὸ
761 668 814 717 δὲ
846 668 1076 731 θυμιᾶται
1108 667 1517 732 ἐπιβαλλόμενον
1550 667 1628 718 καὶ
1659 668 1839 733 ἀτμίδα
1867 665 2018 735 παρέ-

361 770 504 817 χεται
534 746 783 814 τοσαύτην
814 749 946 802 ὥστε
975 748 1248 815 Ἑλληνικὴ
1280 750 1483 817 οὐδεμία
1513 750 1574 802 ἄν
1602 772 1687 817 μιν
1717 753 1863 819 πυρίη
1895 753 2098 824 ἀπο-σαι

364 832 642 899 κρατήσειε.
731 836 777 886 οἱ
826 836 880 887 δὲ
932 832 1116 887 Σκύθαι
1167 832 1407 902 ἀγάμενοι
1457 836 1517 908 τῇ
1564 837 1712 907 πυρίῃ
1765 833 2098 906 ὧρύο-νταιᾞ,

362 918 506 968 τοῦτό
535 924 632 984 σφι
663 918 771 970 ἀντὶ
801 922 1012 984 λουτροῦ
1041 920 1168 970 ἐστι·
1215 919 1272 970 οὐ
1306 921 1402 986 γὰρ
1439 919 1496 984 δὴ
1532 917 1765 973 λούονται
1794 922 1936 973 ὕδατι
1963 919 2022 973 τὸ

362 999 597 1069 παράπαν
628 1002 684 1054 τὸ
716 1007 877 1068 σῶμα·
919 1005 970 1055 αἱ
1001 1005 1055 1055 δὲ
1084 1008 1313 1071 γυναῖκες
1336 1003 1496 1056 αὐτῶν
1524 1006 1654 1072 ὕδωρ
1676 1001 2022 1074 παραχέουσαι

0 1091 166 1148 βου-μοι
187 1080 717 1157 τοόὦηκατασρχουσι
746 1086 858 1153 περὶ
886 1087 1031 1139 λίθον
1060 1088 1248 1156 τρηχὺν
1277 1091 1366 1153 τῆς
1396 1089 1709 1156 κυπαρίσσου
1739 1089 1818 1141 καὶ
1850 1087 2022 1156 κέδρου

255 1604 324 1665 76

302 1784 326 1815 2

364 1172 442 1223 καὶ
488 1169 705 1236 λιβάνου
751 1169 920 1236 ξύλου,
973 1173 1052 1225 καὶ
1097 1171 1269 1224 ἔπειτα
1313 1171 1370 1224 τὸ
1416 1173 1836 1241 κατασωχόμενον
1877 1177 2022 1224 τοῦτο

363 1255 497 1323 παχὺ
529 1255 611 1307 ἐὸν
643 1253 1092 1309 καταπλάσσονται
1122 1260 1221 1312 πᾶν
1251 1256 1310 1309 τὸ
1342 1261 1488 1322 σῶμα
1524 1258 1603 1309 καὶ
1639 1257 1696 1309 τὸ
1732 1257 2020 1325 πρόσωπον·

364 1341 442 1391 καὶ
473 1338 574 1405 ἅμα
602 1343 695 1406 μὲν
726 1340 900 1405 εὐωδίη
934 1338 1099 1407 σφέας
1130 1340 1227 1393 ἀπὸ
1255 1338 1432 1393 τούτου
1461 1343 1614 1412 ἴσχει,
1648 1340 1748 1407 ἅμα
1783 1344 1837 1394 δὲ
1874 1343 2018 1395 ἀπαι-

359 1421 566 1490 ρέουσαι
589 1432 648 1497 τῇ
672 1422 872 1497 δευτέρῃ
896 1422 1052 1498 ἡμέρῃ
1077 1425 1167 1491 τὴν
1191 1425 1547 1479 καταπλαστὺν
1569 1427 1792 1494 γίνονται
1815 1426 2021 1494 καθαραὶ

362 1509 442 1561 καὶ
471 1510 709 1576 λαμπραί.

446 1594 725 1647 Ξεινικοῖσι
770 1596 823 1646 δὲ
863 1594 1118 1659 νομαίοισι
1159 1594 1238 1646 καὶ
1279 1594 1413 1646 οὗτοι
1438 1595 1602 1649 ,αἰνῶς
1639 1597 1861 1663 χρᾶσθαι
1901 1588 2022 1664 φεύ-

361 1698 521 1743 γουσι,
564 1676 687 1743 μήτε
728 1682 853 1730 τεῶν
893 1677 1080 1755 ἄλλων,
1113 1676 1462 1743 Ἑλληνικοῖσι
1503 1682 1556 1730 δὲ
1597 1679 1676 1731 καὶ
1715 1679 1912 1743 ἥκιστα,
1956 1680 2022 1734 ὡς

362 1759 586 1826 διέδεξαν
609 1760 918 1830 Ἀνάχαρσίς
941 1784 997 1814 τε
1020 1751 1098 1814 καὶ
1124 1760 1324 1830 δεύτερα
1348 1763 1485 1816 αὖτις
1508 1760 1714 1828 Σκύλης.
1763 1768 1908 1815 τοῦτο
1929 1766 2022 1829 μὲν

361 1847 456 1913 γὰρ
489 1843 796 1914 Ἀνάχαρσις
830 1847 993 1899 ἐπείτε
1023 1849 1118 1913 γῆν
1149 1845 1635 1914 πολλὴνᾼθεωρήσας
1669 1848 1747 1899 καὶ
1779 1845 2019 1913 ἀποδεξά-

360 1951 508 1995 μενος
560 1930 662 1982 κατ’
711 1930 863 1995 αὐτὴν
912 1931 1100 1997 σοφίην
1148 1930 1345 1996 πολλὴν
1393 1931 1643 1996 ἐκομίζετο
1694 1933 1746 1986 ἐς
1794 1930 1918 1996 ἤθεα
1961 1934 2023 1984 τὰ

361 2014 605 2073 Σκυθέων,
648 2014 818 2068 πλέων
858 2015 920 2066 δι’
960 2014 1345 2079 Ἑλλησπόντου
1386 2017 1661 2084 προσίσχει
1702 2016 1752 2070 ἐς
1793 2015 2018 2080 Κύζικον,

362 2099 440 2151 καὶ
471 2099 579 2165 εὗρε
610 2101 705 2167 γὰρ
734 2107 793 2172 τῇ
826 2099 989 2164 Μητρὶ
1013 2103 1109 2150 τῶν
1140 2103 1266 2151 θεῶν
1291 2099 1566 2166 ἀνάγοντας
1584 2099 1700 2155 ,τοὺς
1725 2099 2023 2165 Κυζικηνοὺς

361 2182 511 2250 ὁρτὴν
535 2182 687 2250 κάρτα
708 2182 1147 2250 μεγαλοπρεπέως,
1175 2181 1348 2247 εὔξατο
1371 2191 1432 2256 τῇ
1457 2183 1623 2250 Μητρὶ
1647 2185 1674 2234 ὁ
1696 2182 2023 2252 Ἀνάχαρσις,

360 2263 422 2332 ἢν
463 2272 565 2321 σῶς
603 2267 680 2319 καὶ
720 2267 862 2335 ὑγιὴς
902 2266 1229 2340 ἀπονοστήσῃ
1271 2269 1322 2321 ἐς
1362 2270 1560 2326 ἑωυτοῦ,
1593 2268 1766 2320 θύσειν
1804 2289 1859 2320 τε
1900 2269 2022 2320 κατὰ

415 2418 441 2444 2
480 2405 678 2453 καναβίδα
707 2405 740 2443 C
760 2405 799 2444 V
929 2409 1043 2447 λΐνον
1074 2405 1113 2443 R
1136 2405 1166 2445 S
1184 2406 1221 2445 V
1401 2420 1426 2457 5
1466 2407 1746 2455 ὑποβάλλουσι
1778 2407 1811 2447 C
1829 2407 1862 2447 P
1878 2408 1918 2447 R
1936 2408 1967 2448 S
1982 2409 2022 2448 V

359 2464 388 2501 6
416 2466 473 2513 τῷ
493 2461 584 2514 πυρί
605 2460 686 2499 del.
708 2458 844 2499 Cobet
927 2461 1040 2512 τῶζι)
1060 2460 1104 2501 δὲ
1122 2461 1155 2499 C
1171 2461 1204 2500 P
1218 2461 1257 2499 R
1344 2465 1530 2511 θυμιῆται
1544 2462 1584 2502 Α
1599 2462 1633 2501 Β
1647 2463 1680 2502 C
1695 2463 1729 2501 P
1813 2466 2016 2511 ὑποβαλλ.

363 2518 403 2555 R
418 2516 501 2555 SV
653 2529 674 2565 7
708 2515 900 2566 ἂποκρατ.
923 2545 932 2554 .
954 2545 962 2554 .
983 2545 993 2555 .
1011 2516 1128 2568 πυρίῃ
1150 2530 1231 2556 om.
1259 2515 1298 2555 R
1313 2515 1393 2555 SV
1534 2519 1561 2556 8
1590 2517 1756 2570 ὠρύεται
1779 2517 1809 2557 S
1832 2518 1935 2569 (non
1957 2518 2019 2568 R)

360 2585 388 2621 9
416 2574 583 2612 λοῦνται
603 2570 685 2611 CP
826 2582 875 2608 10
904 2570 1153 2622 παραχέουσι
1176 2571 1238 2610 C:
1266 2570 1513 2623 παρέχουσαι
1535 2571 1574 2609 R
1715 2585 1764 2611 12
1793 2575 2021 2620 λιβανωτοῦ

364 2626 404 2664 R
420 2626 502 2665 SV
583 2624 651 2676 τὸ]
675 2641 738 2665 τοι
761 2625 800 2663 R
820 2639 828 2663 :
860 2637 942 2665 om.
961 2624 991 2663 S
1009 2623 1084 2676 [V]
1201 2638 1250 2675 13
1282 2627 1348 2667 ε’ὸν
1366 2627 1431 2667 καὶ
1452 2625 1492 2663 Α
1506 2626 1540 2664 Β
1557 2626 1590 2664 C
1705 2639 1754 2676 14
1784 2627 1946 2676 εὗωδίης
1962 2627 2016 2668 C:

365 2682 490 2729 εὐώδη
512 2679 552 2717 R
572 2693 582 2719 τ
611 2680 767 2720 εὐώδεις
789 2678 819 2717 S
836 2678 914 2731 [V]
1048 2679 1135 2732 ἔχει
1159 2680 1198 2719 R
1366 2690 1414 2730 15
1443 2682 1740 2731 καταπλαστὺν
1760 2681 1794 2720 C
1808 2680 1862 2733 (2)
1881 2680 1920 2719 R
1935 2680 1966 2720 S
1981 2682 2022 2721 V

369 2749 417 2787 17
449 2733 626 2783 νομέοισι
649 2733 740 2773 RV
862 2732 1059 2787 φεύγουσι
1080 2736 1195 2776 αἰνῶς
1215 2738 1389 2787 χρᾶσθαι
1409 2735 1448 2774 Α
1463 2735 1496 2773 Β
1513 2735 1546 2774 C
1716 2737 1765 2775 18
1792 2736 1897 2787 μήτε
1916 2734 2020 2778 τέων

367 2791 590 2839 Krueger:
618 2789 714 2840 μήτι
733 2806 785 2842 ’γε
805 2793 859 2830 ὣν
881 2788 915 2827 L
1045 2790 1183 2831 ἄλλων
1209 2790 1259 2829 G.
1286 2790 1506 2829 Hermann
1528 2805 1537 2830 ε
1566 2791 1762 2840 ἀλλήλων
1782 2792 1816 2830 L
1953 2792 2018 2832 καὶ

364 2858 446 2886 om.
478 2845 513 2884 C
536 2844 570 2883 P
793 2857 842 2894 19
874 2843 1095 2897 Ἀναχάρσι
1126 2843 1165 2882 R
1184 2844 1214 2884 S
1231 2845 1269 2883 V
1433 2844 1581 2888 Σκύλις
1610 2846 1672 2884 C:
1710 2844 1847 2894 Σκύλη
1877 2844 1918 2884 R
1935 2843 2020 2884 SV

366 2913 418 2938 22
448 2898 496 2941 δι’
520 2899 580 2938 P:
615 2898 659 2940 δὲ
690 2898 758 2940 R:
793 2900 827 2940 δ’
851 2898 955 2939 SV:
997 2898 1040 2939 δὲ
1070 2898 1121 2940 δι’
1142 2898 1230 2937 ΑΒ
1247 2899 1280 2938 C
1445 2900 1635 2952 προίσχει
1664 2900 1728 2939 B:
1757 2899 1948 2953 προσίχει
1976 2898 2016 2937 R

367 2967 418 3003 24
448 2952 577 3008 κάρτα
592 2959 689 3005 post
702 2963 850 3008 μεγαλ.
869 2953 925 2995 P:
947 2966 1027 2994 om.
1048 2952 1087 2992 A
1102 2952 1137 2993 B
1154 2953 1187 2992 C
1270 2955 1418 3007 ηὔξατο
1438 2953 1476 2993 R
1492 2954 1523 2994 S
1536 2953 1575 2994 V
1669 2966 1722 3005 25
1744 2953 2016 3005 ἀπονοστήσει

365 3015 409 3050 et
429 3008 539 3051 θύσει
562 3009 594 3048 C

2048 1025 2098 1056 10

2049 1445 2097 1489 15

2047 1867 2098 1897 20

2046 2287 2096 2329 25
