2098 3320
764 97 1138 146 ΙΣΤΟΡΙΩΝ
1204 97 1242 143 B
1274 95 1279 105 '

170 230 227 295 δὴ
277 234 411 282 τοῖσι
459 227 617 282 ἅπασι
665 227 724 292 ἧν
774 226 1148 294 ἐξαραιρημένα,
1198 225 1315 279 τάδε
1363 228 1418 278 δὲ
1465 227 1519 278 ἐν
1566 233 1839 299 περιτροπῇ

170 317 471 382 ἐκαρποῦντο
529 314 609 365 καὶ
666 312 855 378 οὐδαμὰ
914 312 1074 364 ὡυτοί·
1153 312 1474 379 Καλασιρίων
1538 311 1695 378 χίλιοι
1759 309 1839 362 καὶ

168 399 511 467 Ἑρμοτυβίων
571 396 719 449 ἄλλοι
785 396 1115 463 ἐδορυφόρεον
1182 395 1405 448 ἐνιαυτὸν
1473 395 1687 447 ἕκαστον
1753 394 1838 447 τὸν

169 481 410 550 βασιλέα·
483 482 705 534 τούτοισι
759 479 827 533 ὧν
878 479 995 533 τάδε
1047 478 1209 548 πάρεξ
1257 485 1355 532 τῶν
1407 478 1654 546 ἀρουρέων
1703 478 1840 531 ἄλλα

123 589 146 630 5
170 569 362 622 ἐδίδοτο
394 566 470 619 ἐπ’
502 566 657 638 ἡμέρῃ
689 564 892 637 ἑκάστῃ,
920 566 1073 618 ὀπτοῦ
1105 566 1245 617 σίτου
1272 568 1493 630 σταθμὸς
1524 562 1670 616 πέντε
1693 563 1839 630 μνέαι

171 651 382 722 ἑκάστῳ,
418 656 570 718 κρεῶν
600 649 767 716 βοέων
799 650 884 701 δύο
914 649 1075 714 μνέαι,
1111 651 1246 701 οἴνου
1275 649 1515 716 τέσσερες
1547 649 1837 717 ἀρυξτῆρες.

170 741 322 789 ταῦτα
350 740 484 788 τοῖσι
514 735 610 787 αἰεὶ
641 733 998 802 δορυφορέουσι
1031 734 1237 785 ἐδίδοτο.

252 820 451 872 Ἐπείτε
481 821 533 872 δὲ
565 819 823 872 συνιόντες
856 820 885 869 ὅ
913 839 966 870 τε
997 818 1205 886 Ἀπρίης
1235 817 1370 885 ἄγων
1402 816 1516 871 τοὺς
1554 818 1839 885 ἐπικούρους

172 906 250 958 καὶ
286 906 312 956 ὁ
344 903 567 970 ’Ἄμασις
607 902 796 958 πάντας
835 904 1133 970 Αἰγυπτίους
1179 904 1414 955 ἀπίκοντο
1457 903 1507 955 ἐς
1548 902 1838 969 Μώμεμφιν

100 1014 148 1043 10
171 974 337 1048 πόλιν,
372 987 676 1054 συνέβαλον·
724 988 804 1039 καὶ
836 986 1151 1056 ἐμαχέσαντο
1180 989 1271 1052 μὲν
1304 987 1356 1038 εῦ
1379 988 1424 1037 οἱ
1455 985 1623 1051 ξεῖνοι,
1657 985 1839 1051 πλήθεϊ

169 1077 223 1127 δὲ
243 1078 417 1143 πολλῷ
439 1071 718 1126 ἐλάσσονες
743 1073 909 1126 ἐόντες
929 1073 1052 1123 κατὰ
1072 1077 1216 1124 τοῦτο
1238 1071 1558 1135 ἑσσώθησαν.
1623 1070 1837 1138 Ἀπρίεω

170 1161 224 1210 δὲ
269 1157 472 1225 λέγεται
520 1156 645 1209 εἶναι
693 1157 780 1221 ἥδε
827 1155 1033 1215 διάνοια,
1084 1156 1195 1222 μηδ’
1245 1155 1307 1207 ἂν
1355 1157 1467 1207 θεόν
1518 1175 1602 1220 μιν
1652 1154 1840 1221 μηδένα

170 1239 412 1294 δύνασθαι
462 1246 650 1293 παῦσαι
693 1244 781 1306 τῆς
824 1242 1115 1307 βασιληίης·
1184 1241 1310 1292 οὕτω
1356 1238 1631 1307 ἀσφαλέως
1676 1242 1838 1310 ἑωυτῷ

172 1327 398 1394 ἱδρῦσθαι
458 1326 638 1378 ἐδόκεε.
728 1325 808 1377 καὶ
867 1325 924 1388 δη
985 1325 1097 1377 τότε
1156 1325 1436 1390 συμβαλὼν
1495 1324 1697 1389 ἑσσώθη
1759 1325 1839 1376 καὶ

99 1435 146 1477 15
174 1411 439 1479 ζωγρηθεὶς
498 1408 699 1478 ἀπήχθη
754 1411 805 1464 ἐς
856 1408 981 1461 Σάϊν
1032 1410 1199 1469 πόλιν,
1257 1411 1306 1462 ἐς
1357 1411 1419 1460 τὰ
1473 1412 1656 1460 ἑωυτοῦ
1708 1408 1839 1461 οἰκία

171 1496 411 1563 πρότερον
441 1495 601 1554 ἐόντα,
635 1494 749 1546 τότε
780 1495 832 1546 δὲ
865 1493 1107 1559 Ἀμάσιος
1144 1493 1234 1559 ἤδη
1273 1492 1539 1559 βασιλήια.
1630 1495 1838 1545 ἐνθαῦτα

171 1582 225 1633 δὲ
253 1579 373 1633 τέως
401 1582 492 1645 μὲν
524 1578 761 1646 ἐτρέφετο
787 1580 840 1630 ἐν
863 1583 996 1630 τοῖσι
1027 1580 1366 1644 βασιληίοισι,
1403 1580 1487 1630 καί
1511 1599 1595 1642 μιν
1617 1577 1838 1643 ’Άμασις

172 1664 225 1717 εὖ
259 1670 498 1731 περιεῖπε·
543 1663 689 1717 τέλος
726 1666 779 1715 δὲ
814 1661 1150 1731 μεμφομένων
1188 1664 1473 1730 Αἰγυπτίων
1512 1662 1576 1715 ὡς
1613 1662 1669 1714 οὐ
1706 1666 1841 1715 ποιοῖ

171 1748 334 1801 δίκαια
374 1747 571 1815 τρέφων
607 1747 694 1799 τὸν
732 1749 889 1815 σφίσι
923 1769 976 1799 τε
1012 1747 1090 1799 καὶ
1128 1751 1289 1817 ἑωυτῷ
1328 1747 1581 1815 ἔχθιστον,
1617 1747 1742 1798 οὕτω
1779 1746 1838 1810 δὴ

98 1857 148 1887 20
171 1836 433 1900 παραδιδοῖ
447 1832 534 1884 τὸν
555 1831 767 1899 Ἀπρίην
785 1836 919 1883 τοῖσι
940 1833 1273 1899 Αἰγυπτίοισι.
1322 1834 1367 1884 οἱ
1388 1830 1442 1883 δέ
1459 1853 1543 1896 μιν
1563 1829 1839 1895 ἀπέπνιξαν

172 1917 251 1969 καὶ
286 1917 457 1971 ἔπειτα
493 1916 691 1984 ἔθαψαν
725 1919 777 1968 ἐν
813 1924 931 1989 τῇσι
967 1917 1246 1988 πατρωίῃσι
1275 1922 1485 1989 ταφῇσι.
1574 1917 1623 1967 αἱ
1654 1914 1709 1967 δέ
1740 1917 1839 1967 εἶσι

172 2003 227 2054 ἐν
265 1997 332 2072 τῷ
376 2004 461 2071 ἱρῷ
502 2004 589 2066 τῆς
629 2000 910 2066 Ἀθηναίης,
949 1999 1213 2068 ἀγχοτάτω
1250 2005 1336 2052 τοῦ
1371 1999 1604 2067 μεγάρου,
1650 1999 1839 2051 ἐσιόντι

171 2087 434 2153 ἀριστερῆς
465 2085 647 2154 χειρός.
738 2085 935 2152 ἔθαψαν
966 2088 1019 2137 δὲ
1053 2076 1229 2136 Σαῗται
1259 2083 1449 2138 πάντας
1472 2084 1585 2137 τοὺς
1608 2086 1663 2136 ἐκ
1688 2089 1839 2149 νομοῦ

171 2170 344 2222 τούτου
381 2168 676 2238 γενομένους
713 2168 966 2234 βασιλέας
1004 2169 1106 2221 ἔσω
1147 2171 1200 2222 ἐν
1237 2174 1303 2239 τῷ
1343 2171 1445 2239 ἱρῷ.
1536 2170 1614 2221 καὶ
1650 2171 1747 2235 γὰρ
1784 2172 1839 2219 τὸ

98 2277 146 2319 25
171 2259 256 2306 τοῦ
294 2253 538 2321 Ἀμάσιος
581 2258 719 2319 σῆμα
758 2252 1011 2321 ἑκαστέρω
1050 2252 1143 2319 μέν
1186 2255 1297 2305 ἐστι
1337 2258 1422 2304 τοῦ
1462 2252 1678 2320 μεγάρου
1717 2248 1746 2316 ἢ
1784 2252 1840 2303 τὸ

169 2343 255 2390 τοῦ
293 2338 507 2407 Ἀπρίεω
549 2338 627 2390 καὶ
667 2343 767 2390 τῶν
802 2338 976 2390 τούτου
1018 2339 1359 2406 προπατόρων,
1402 2337 1511 2389 ἔστι
1550 2335 1721 2402 μέντοι
1763 2336 1840 2388 καὶ

170 2427 314 2475 τοῦτο
361 2425 414 2476 ἐν
463 2431 523 2496 τῇ
571 2422 698 2495 αὐλῇ
745 2426 832 2473 τοῦ
887 2424 1006 2488 ἱροῦ,
1059 2424 1255 2476 παστὰς
1302 2424 1468 2487 λιθίνη
1517 2421 1712 2489 μεγάλη
1760 2422 1840 2473 καὶ

170 2506 424 2574 ἠσκημένη
467 2507 706 2559 στύλοισί
740 2528 793 2558 τε
837 2508 1069 2574 φοίνικας
1110 2508 1168 2558 τᾶ
1211 2506 1414 2574 δένδρεα
1453 2504 1839 2572 μεμιμημένοισι

171 2592 251 2644 καὶ
281 2599 341 2664 τῇ
371 2590 503 2664 ἄλλῃ
534 2590 742 2662 δαπάνῃ.
832 2590 932 2642 ἔσω
957 2593 1011 2664 δὲ
1035 2593 1089 2643 ἐν
1113 2598 1173 2663 τῇ
1198 2590 1415 2643 παστάδι
1442 2589 1839 2660 διξὰ-θυρώματα

227 2742 245 2769 1
270 2729 332 2782 δὲ]
355 2731 406 2779 δὴ
421 2729 461 2768 R
476 2728 557 2770 SV
678 2740 703 2777 3
727 2728 844 2770 ἄλλοι
861 2741 942 2768 orn.
961 2727 1048 2767 AB
1063 2728 1095 2767 C
1111 2728 1168 2768 P:
1193 2729 1315 2770 ἄλλοι
1337 2729 1466 2781 χίλιοι
1491 2728 1711 2779 Krueger:
1733 2744 1776 2780 χ.
1799 2728 1834 2769 ἄ.

171 2783 359 2825 Schenkl
512 2783 675 2825 ἕκαστοι
695 2781 735 2821 Α
749 2781 784 2822 Β
802 2783 835 2821 C
854 2798 862 2822 :
893 2781 1075 2837 ἑκάτεροι
1098 2783 1297 2834 Krueger
1515 2797 1540 2833 4
1570 2787 1604 2825 δ’
1625 2783 1680 2825 ὧν
1703 2783 1741 2821 R
1755 2783 1786 2822 S
1800 2781 1839 2822 V

172 2850 221 2878 12
250 2840 326 2889 ἥδη
347 2840 372 2890 ἦ
393 2839 422 2879 S
560 2839 714 2890 μηδένα
733 2851 813 2878 om.
841 2838 874 2876 C
889 2837 922 2875 P
1127 2850 1174 2887 17
1207 2838 1279 2880 ἕως
1303 2838 1342 2878 R
1358 2836 1438 2878 SV
1654 2839 1703 2877 18
1733 2841 1843 2879 ποιεῖ

169 2894 203 2933 C
217 2893 299 2934 SV
450 2907 503 2933 22
531 2893 716 2946 μεγάλου
734 2892 775 2931 Α
789 2893 824 2931 Β
838 2893 874 2930 V
985 2891 1153 2934 εἰσιόντι
1178 2893 1217 2931 R
1231 2891 1271 2932 V
1435 2907 1488 2943 24
1517 2895 1566 2935 τὸ
1588 2899 1630 2933 et
1651 2906 1703 2943 25
1727 2894 1839 2945 σῆμα

170 2961 253 2989 om.
279 2948 317 2987 R
335 2949 365 2989 S
378 2948 416 2987 V
581 2959 633 2998 25
664 2947 838 3001 ἑκατέρω
861 2947 898 2985 R
914 2946 944 2986 S
957 2947 994 2986 V
1007 2947 1040 2985 C
1063 2947 1162 2999 (-ου)
1294 2949 1319 2997 ἡ
1340 2948 1489 2990 τούτου
1510 2950 1678 3002 Ἀπρίεω
1702 2949 1740 2988 R
1757 2947 1837 2989 SV

1877 94 1941 143 11.
1970 94 2062 142 168

1873 657 1929 705 *su
1948 654 2097 710 vsa-k

1875 824 1974 885 169

1858 2593 2098 2639 ads-ubst<
