2098 3320
0 0 20 101 „Lm

741 119 1113 188 ιΣΤοΡΙΩΝ
1176 142 1214 188 Γ
1850 142 1940 192 111.
1970 146 2062 193 126

141 271 458 325 Δασκυλείου
503 271 746 339 ὕπαρχον,
796 271 850 324 ὅς
898 273 943 322 οἱ
993 271 1221 323 ὠνείδισε
1267 273 1328 322 τὰ
1381 274 1431 326 ἐς
1480 269 1808 338 Πολυκράτεα

137 357 334 426 ἔχοντα,
379 356 502 407 κατὰ
546 357 600 408 δὲ
640 359 728 406 τοῦ
773 354 1103 422 Μιτροβάτεω
1147 360 1233 408 τὸν
1279 359 1432 408 παῖδα
1476 354 1803 424 Κρανάσπην,

135 440 316 509 ἄνδρας
345 441 400 492 ἐν
422 438 660 511 Πέρσῃσι
691 440 935 505 δοκίμους,
969 438 1104 492 ἄλλα
1134 462 1188 492 τε
1221 438 1460 508 ἐξύβρισε
1485 444 1695 492 παντοῖα
1728 441 1811 492 καί

135 546 246 578 τινα
277 524 356 577 καὶ
386 522 662 592 ἀγγαρήιον
687 525 901 591 Δαρείου
934 525 1148 576 ἐλθόντα
1178 524 1293 591 παρ’
1318 524 1484 584 αὐτόν,
1512 524 1576 578 ὡς
1606 524 1662 575 οὐ
1685 528 1807 591 πρὸς

87 633 111 676 5
134 607 316 676 ἡδονήν
355 611 401 662 οἱ
441 607 502 673 ἧν
541 610 603 661 τὰ
643 609 1014 676 ἀγγελλόμενα,
1058 609 1239 662 κτείνει
1277 630 1363 675 μιν
1403 610 1567 661 ὀπίσω
1609 609 1800 674 κομιζό-

132 715 283 761 μενον
303 692 483 761 ἄνδρας
507 696 553 746 οἱ
576 694 786 761 ὑπείσας
808 693 910 746 κατ’
931 693 1062 753 ὁδόν,
1085 692 1379 748 ἀποκτείνας
1403 692 1457 746 δέ
1480 715 1565 759 μιν
1582 686 1992 766 ἠφάνισειιῑῐᾶαῧ
2010 691 2098 742 dm:

134 778 263 850 αὐτῷ
295 780 444 849 ἵππῳ.
535 782 748 847 Δαρεῖος
777 780 832 830 δὲ
863 778 929 833 ὡς
957 777 1085 846 ἔσχε
1114 778 1204 843 τὴν
1237 776 1413 847 ἀρχήν,
1449 779 1687 846 ἐπεθύμεε
1717 778 1804 831 τὸν
1842 793 1929 845 127
2014 747 2098 793 (ω’

135 862 366 931 Ὀροίτεα
394 864 664 915 τείσασθαι
694 861 893 916 πάντων
924 885 978 915 τε
1008 868 1107 915 τῶν
1145 862 1459 929 ἀδικημάτων
1497 864 1682 915 εἵνεκεν
1725 863 1804 914 καὶ

131 939 359 1015 μάλιστά
386 947 721 1015 Μιτροβάτεω
754 948 834 1000 καὶ
864 952 951 999 τοῦ
980 948 1171 1002 παιδός.
1250 950 1304 1000 ἐκ
1339 950 1431 1013 μὲν
1462 947 1520 1012 δὴ
1552 950 1638 1012 τῆς
1669 946 1803 1013 ἰθέης

60 1050 110 1081 10
134 1032 349 1102 στρατὸν
389 1032 468 1085 ἐπ’
508 1032 658 1084 αὑτὸν
698 1032 785 1084 οὐκ
827 1033 994 1085 ἐδόκεε
1035 1030 1265 1098 πέμπειν,
1299 1031 1386 1084 ἅτε
1427 1033 1690 1084 οἰδεόντων
1730 1032 1803 1084 ἔτι

131 1123 228 1170 τῶν
251 1116 552 1186 πρηγμάτων
579 1117 657 1168 καὶ
682 1119 864 1170 νεωστὶ
889 1117 1022 1186 ἔχων
1046 1117 1137 1181 τὴν
1167 1116 1328 1185 ἀρχὴν
1353 1117 1430 1168 καὶ
1454 1116 1541 1169 τὸν
1572 1115 1803 1183 Ὀροίτεα

129 1201 357 1270 μεγάλην
406 1201 497 1266 τὴν
547 1202 698 1270 ἰσχὺν
747 1203 1118 1267 πυνθανόμενος
1166 1201 1318 1269 ἔχειν,
1368 1201 1455 1253 τὸν
1506 1203 1663 1269 χίλιοι
1709 1204 1802 1265 μὲν

131 1285 374 1353 Περσέων
418 1286 764 1353 ἐδορυφόρεον,
801 1287 908 1355 εἶχε
951 1289 1004 1338 δὲ
1046 1290 1197 1351 νομὸν
1238 1287 1324 1337 τόν
1365 1308 1419 1338 τε
1461 1286 1680 1353 Φρύγιον
1723 1287 1802 1338 καὶ

130 1371 310 1423 Λύδιον
352 1371 431 1423 καὶ
471 1369 710 1423 Ἰωνικόν.
800 1370 922 1437 πρὸς
963 1375 1113 1422 ταῦτα
1158 1369 1215 1434 δὴ
1258 1368 1325 1421 ὧν
1365 1371 1391 1420 ὁ
1434 1375 1645 1436 Δαρεῖος
1684 1369 1802 1423 τάδε
1834 1391 1859 1422 2

55 1473 104 1515 15
129 1454 501 1524 ἐμηχανήσατο·
579 1454 902 1523 συγκαλέσας
963 1453 1205 1522 Περσέων
1262 1454 1375 1508 τοὺς
1433 1453 1802 1520 λογιμωτάτους

128 1538 276 1608 ἔλεγέ
299 1547 397 1608 σφι
421 1539 555 1592 τάδε·
595 1539 669 1591 ’ἓΩ
694 1539 909 1608 Πέρσαι,
937 1540 1009 1593 τίς
1033 1538 1093 1591 ἄν
1116 1561 1200 1604 μοι
1223 1544 1366 1590 τοῦτο
1392 1538 1552 1604 ὑμέων
1577 1540 1799 1594 ὑποστὰς

129 1624 435 1678 ἐπιτελέσειε
455 1626 616 1697 σοφίῃ
641 1626 722 1677 καὶ
745 1624 811 1690 μὴ
836 1626 926 1696 βίῃ
952 1645 1007 1675 τε
1032 1625 1110 1676 καὶ
1135 1625 1291 1693 ὁμίλῳ
1301 1645 1316 1683 ;
1350 1623 1468 1675 ἔνθα
1491 1626 1586 1690 γὰρ
1611 1624 1799 1690 σοφίης

127 1712 217 1770 δεῖ,
249 1711 368 1776 βίης
398 1710 547 1777 ἔργον
577 1708 736 1762 οὐδέν.
827 1708 990 1774 ὑμέων
1026 1708 1084 1773 δὴ
1118 1705 1185 1760 ὧν
1213 1710 1288 1762 τίς
1319 1705 1424 1774 <ἄν>
1454 1729 1537 1773 μοι
1567 1707 1798 1774 Ὀροίτεα
1832 1730 1856 1773 3

127 1789 158 1859 ἢ
191 1795 346 1859 ζῶντα
376 1794 557 1862 ἀγάγοι
587 1790 617 1859 ἢ
647 1795 978 1853 ἀποκτείνειε;
1018 1792 1072 1847 ὃς
1104 1792 1344 1861 ὠφέλησε
1374 1791 1467 1858 μέν
1499 1814 1565 1844 κω
1591 1791 1798 1859 Πέρσας

54 1894 105 1923 20
127 1878 284 1940 οὐδέν,
312 1882 435 1945 κακὰ
465 1882 518 1932 δὲ
540 1879 738 1947 μεγάλα
761 1879 921 1946 ἔοργε·
968 1883 1112 1930 τοῦτο
1142 1880 1234 1943 μὲν
1258 1877 1343 1929 δύο
1366 1876 1530 1943 ἡμέων
1552 1877 1792 1942 ἠίστωσε,

129 1963 455 2032 Μιτροβάτεά
483 1986 539 2016 τε
564 1966 642 2016 καὶ
665 1964 753 2016 τὸν
777 1968 930 2016 παῖδα
960 1964 1125 2021 αὐτοῦ,
1159 1967 1301 2014 τοῦτο
1332 1964 1384 2014 δὲ
1408 1962 1519 2015 τοὺς
1548 1961 1792 2014 ἀνακαλέ-

127 2069 274 2103 οντας
316 2048 465 2102 αὑτὸν
507 2050 586 2101 καὶ
627 2047 973 2115 πεμπομένους
1013 2047 1094 2099 ὑπ’
1126 2048 1242 2111 ἐμεῦ
1285 2047 1477 2106 κτείνει,
1519 2046 1669 2112 ὕβριν
1707 2047 1795 2098 οὐκ

127 2134 410 2203 ἀνασχετὸν
451 2136 661 2202 φαίνων.
750 2134 867 2199 πρίν
911 2154 957 2184 τι
998 2130 1067 2184 ὧν
1105 2130 1255 2197 μέζον
1297 2130 1670 2199 ἐξεργάσασθαί
1709 2153 1794 2196 μιν

127 2217 332 2286 Πέρσας
363 2219 528 2279 κακόν,
563 2217 941 2283 καταλαμπτέος
982 2217 1091 2268 ἐστὶ
1128 2216 1246 2282 ἡμῖν
1280 2214 1491 2286 θανάτῳ.
1584 2220 1794 2282 Δαρεῖος
1833 2219 1922 2267 128

55 2319 102 2362 25
125 2305 217 2369 μὲν
251 2309 404 2356 ταῦτα
440 2304 697 2371 ἐπειρώτα,
731 2308 829 2355 τῶν
869 2305 922 2354 δὲ
963 2301 1137 2368 ἄνδρες
1176 2299 1440 2367 τριήκοντα
1478 2299 1789 2364 ὑπέστησαν,

180 2455 205 2481 2
234 2446 307 2485 τοῦ
330 2450 447 2497 Μιτρ.
477 2444 550 2484 τὸν
573 2445 696 2484 παῖδα
721 2441 810 2480 ΑΒ
827 2441 859 2479 C
880 2455 888 2480 ε
918 2442 991 2482 τὸν
1020 2447 1137 2492 Μιτρ.
1163 2456 1203 2479 π.
1231 2439 1292 2478 P:
1323 2441 1384 2480 καὶ
1412 2439 1483 2479 τὸν
1511 2445 1628 2492 Μιτρ.
1654 2456 1696 2479 π.
1722 2439 1790 2478 R:

126 2503 243 2552 Μιτρ.
276 2515 319 2539 π.
353 2498 419 2538 V:
454 2505 570 2551 Μιτρ.
603 2514 643 2537 π.
675 2499 738 2538 καὶ
770 2498 893 2538 αὐτὸν
923 2495 1185 2545 Μιτροβάτεα
1213 2494 1242 2534 S
1410 2493 1654 2546 Κρανάσπην
1681 2494 1789 2533 CP:

108 2553 339 2606 ,Κρανάπην
357 2552 475 2592 AB:
507 2551 718 2606 Κρανάτην
739 2551 854 2591 RV:
887 2550 1104 2604 κρανοὶτους
1125 2550 1155 2589 S
1332 2562 1356 2598 4
1391 2551 1454 2589 καὶ
1485 2561 1566 2588 om.
1600 2547 1690 2587 AB
1708 2549 1791 2588 CP

125 2607 346 2663 ἀγγαρήιον
367 2608 450 2648 SV
468 2622 476 2647 :
499 2611 624 2662 ·ρεῖον
646 2606 686 2645 R
705 2620 715 2646 t
745 2605 1048 2659 ἀγγελιηφόρον
1066 2604 1106 2643 Α
1124 2605 1158 2643 Β
1176 2604 1208 2642 C
1224 2604 1257 2643 P
1370 2607 1455 2645 ἐλθ.
1478 2607 1574 2657 Δαρ.
1601 2602 1640 2641 Α
1655 2603 1689 2641 Β
1705 2604 1738 2642 C
1756 2605 1788 2642 P

124 2674 149 2712 5
180 2662 381 2716 ἆγγελόμ,
407 2663 441 2702 C
456 2663 495 2702 V
604 2660 862 2713 κομιζόμενος
878 2661 912 2700 C
1025 2661 1052 2698 6
1082 2662 1188 2701 ὑπεὶς
1211 2659 1243 2697 Ρ
1260 2658 1297 2696 R
1316 2659 1344 2698 S
1357 2659 1395 2697 V
1508 2671 1529 2707 7
1562 2657 1788 2709 ἐπεθύμησε

125 2716 281 2758 Suidas
301 2731 334 2758 S.
345 2732 385 2758 V.
411 2722 519 2760 τῖσαι
631 2718 656 2755 8
686 2717 876 2757 τίσασθαι
899 2716 932 2754 L
1026 2732 1072 2755 τε
1093 2719 1174 2755 τῶν
1196 2714 1226 2754 S
1240 2714 1277 2752 V
1295 2728 1304 2752 :
1330 2731 1376 2754 τε
1400 2713 1439 2751 R
1460 2727 1469 2751 z
1498 2717 1579 2754 τῶν
1600 2712 1641 2752 Α
1656 2713 1690 2752 Β
1706 2713 1739 2752 C
1755 2713 1789 2752 P

123 2784 152 2822 9
178 2771 248 2823 δὴ]
268 2775 347 2827 γὰρ
370 2773 409 2812 R
424 2773 455 2814 S
470 2773 508 2811 V
618 2772 740 2821 ἰθείης
764 2771 796 2810 L
939 2783 989 2809 10
1017 2769 1273 2811 οἶδαινόντων
1293 2768 1327 2808 C
1344 2768 1378 2807 Ρ
1525 2781 1573 2807 12
1601 2767 1790 2820 μεγάλην

124 2838 206 2867 om.
230 2826 270 2866 A
284 2828 319 2867 B
334 2828 368 2867 C
538 2840 585 2877 15
615 2825 910 2877 δοκιμωτάτους
930 2824 970 2863 Α
983 2824 1019 2864 Β
1035 2824 1069 2863 C
1221 2825 1270 2863 18
1299 2822 1378 2864 δέει
1401 2823 1434 2862 L
1546 2823 1596 2873 δὴ
1619 2822 1759 2862 Aldus
1777 2842 1786 2864 :

123 2880 167 2923 δὲ
202 2882 238 2922 L
403 2884 452 2925 ἄν
484 2883 580 2923 add.
619 2881 826 2921 Schaefer
1048 2892 1096 2929 19
1142 2878 1291 2929 ζώοντα
1332 2878 1421 2918 BR
1436 2879 1492 2917 Vc
1511 2891 1520 2917 :
1562 2876 1714 2929 ζόωντα
1753 2878 1788 2917 C

123 2947 173 2975 21
205 2954 251 2978 τε
270 2950 352 2977 om.
378 2937 417 2976 R
433 2937 516 2977 SV
628 2939 750 2978 αὐτοῦ
770 2948 852 2975 om.
876 2934 964 2973 AB
981 2934 1014 2973 C
1127 2933 1190 2985 δὲ]
1219 2937 1260 2974 δὲ
1287 2934 1350 2974 καὶ
1374 2933 1406 2971 C
1528 2946 1580 2971 22
1608 2934 1675 2975 καὶ
1695 2933 1789 2974 τοὺς

125 2992 448 3044 ἐκπεμπομένους
470 2992 510 3031 R
527 2992 556 3031 S
571 2992 607 3030 V
810 3003 861 3039 24
893 2988 1207 3040 καταλαμπτέον
1236 2988 1266 3027 S
1432 2991 1500 3039 μῖν
1523 2988 1561 3026 R
1582 3003 1591 3027 :
1618 3005 1687 3038 μιν
1709 2987 1789 3028 SV

124 3058 176 3096 25
205 3047 421 3100 npABC
