2098 3320
785 117 1166 165 ΙΣΤΟΡΙΩΝ
1224 116 1269 165 Δ

197 247 353 316 πηγαὶ
397 250 524 301 δυῶν
571 245 776 300 δέουσαι
820 246 1208 315 τεσσεράκοντα,
1249 247 1304 299 ἐκ
1348 246 1532 314 πέτρης
1577 250 1665 312 τῆς
1713 245 1863 312 αὐτῆς

193 331 414 401 ῥέουσαι·
469 331 548 384 καὶ
594 334 645 384 αἱ
691 334 784 397 μὲν
830 331 1018 394 αὐτέων
1066 332 1167 385 εἶσὶ
1210 333 1421 400 ψυχραί,
1472 333 1522 384 αἱ
1569 333 1623 384 δὲ
1669 331 1860 399 θερμαί.

195 415 308 471 ὁδὸς
339 416 381 469 δ’
413 415 491 470 ἐπ’
532 415 683 470 αὐτάς
718 418 829 468 ἐστι
863 418 951 481 ἴση
988 415 1047 481 ἐξ
1072 415 1286 483 “Ηραίου
1320 437 1376 469 τε
1405 416 1582 470 πόλιος
1611 418 1697 481 τῆς
1729 417 1861 483 παρὰ

197 502 424 572 Περίνθῳ
473 501 551 553 καὶ
597 499 656 566 ἐξ
688 499 1037 566 Ἀπολλωνίης
1072 503 1159 565 τῆς
1196 502 1251 553 ἐν
1286 505 1354 571 τῷ
1407 498 1627 571 Εὐξείνῳ
1675 502 1858 570 πόντῳ,

147 589 324 649 5δυῶν
352 585 577 653 ἡμερέων
614 584 836 653 ἑκατέρη.
923 586 1109 637 ἐκδιδοῖ
1143 587 1196 637 δὲ
1229 586 1255 636 6
1284 584 1476 652 Τέαρος
1516 585 1659 639 οὗτος
1695 586 1745 639 ἐς
1774 584 1860 638 τὸν

196 668 547 723 Κοντάδεσδον
576 670 818 735 ποταμόν,
852 671 878 720 6
909 672 964 722 δὲ
996 668 1342 723 Κοντάδεσδος
1374 670 1425 723 ἐς
1454 668 1540 721 τὸν
1571 667 1857 736 Ἀγριάνην,

195 755 222 806 ὁ
252 757 306 807 δὲ
336 754 604 822 Ἀγριάνης
641 756 693 808 ἐς
730 754 817 806 τὸν
839 752 1054 822 “Ἐβρον,
1090 755 1116 804 6
1145 756 1199 806 δὲ
1232 756 1283 808 ἐς
1318 753 1590 806 θάλασσαν
1626 753 1716 818 τὴν
1746 753 1860 821 παρ’

194 841 327 909 Αἴνῳ
375 838 510 892 πόλι.
611 839 694 890 ἐπὶ
740 843 915 891 τοῦτον
961 836 1031 891 ὧν
1076 838 1164 891 τὸν
1216 838 1438 904 ποταμὸν
1488 839 1788 905 ἀπικόμενος
1835 839 1862 889 6

196 928 410 991 Δαρεῖος
455 923 521 978 ὣς
564 923 1076 990 ἐστρατοπεδεύσατο,
1112 923 1287 989 ἡσθεὶς
1322 928 1390 994 τῷ
1427 928 1630 994 ποταμῷ
1668 921 1862 989 στήλην

122 1029 170 1059 ιο
193 1008 383 1074 ἔστησε
431 1008 510 1060 καὶ
568 1010 797 1067 ἐνθαῦτα,
845 1006 1110 1075 γράμματα
1156 1007 1419 1076 ἐγγράψας
1465 1007 1681 1076 λέγοντα
1727 1006 1859 1060 τάδε·

192 1091 385 1160 Τεάρου
426 1096 648 1158 ποταμοῦ
691 1093 908 1160 κεφαλαὶ
947 1094 1076 1159 ὕδωρ
1117 1091 1326 1159 ἄριστόν
1365 1115 1419 1145 τε
1459 1094 1539 1145 καὶ
1584 1091 1861 1144 κάλλιστον

195 1176 500 1246 παρέχονται
518 1176 720 1231 πάντων
745 1181 997 1242 ποταμῶν·
1046 1177 1124 1229 καὶ
1146 1176 1223 1229 ἐπ’
1245 1178 1395 1231 αὐτὰς
1414 1178 1618 1243 ἀπίκετο
1638 1176 1861 1230 ἐλαύνων

134 1304 154 1318 .
195 1262 278 1315 ἐπὶ
309 1263 501 1316 Σκύθας
534 1261 751 1329 στρατὸν
781 1261 906 1328 ἀνὴρ
938 1261 1141 1328 ἄριστός
1171 1284 1225 1314 τε
1247 1263 1324 1313 καὶ
1358 1260 1630 1315 κάλλιστος
1660 1259 1862 1314 πάντων

194 1346 483 1414 ἀνθρώπων,
524 1351 737 1413 Δαρεῖος
779 1347 805 1397 6
839 1345 1175 1406 Ὑστάσπεος,
1210 1345 1453 1412 ’Περσέων
1487 1368 1542 1397 τε
1580 1346 1660 1397 καὶ
1696 1345 1862 1410 πάσης

121 1453 169 1495 15
193 1435 281 1504 τῆς
301 1431 507 1498 ἠπείρου
527 1431 792 1497 βασιλεύς.
868 1435 1020 1482 ταῦτα
1050 1429 1107 1494 δὴ
1130 1432 1341 1482 ἐνθαῦτα
1360 1429 1572 1497 ἐγράφη.
1650 1435 1860 1498 Δαρεῖος

194 1517 247 1568 δὲ
279 1517 504 1568 ἐνθεῦτεν
534 1516 765 1582 ὁρμηθεὶς
795 1516 998 1567 ἀπίκετο
1029 1514 1107 1567 ἐπ’
1138 1514 1299 1567 ἄλλον
1331 1515 1555 1580 ποταμὸν
1584 1515 1651 1585 τῷ
1674 1515 1860 1580 οὕνομα

195 1599 473 1668 Ἀρτησκός
521 1602 649 1664 ἐστι,
701 1598 755 1654 ὃς
803 1602 883 1651 διὰ
930 1598 1220 1667 Ὀδρυσέων
1265 1598 1381 1665 ῥέει.
1475 1599 1556 1651 ἐπὶ
1591 1603 1763 1651 τοῦτον
1800 1598 1858 1663 δὴ

193 1689 282 1737 τὸν
311 1683 534 1750 ποταμὸν
571 1684 871 1750 ἀπικόμενος
909 1686 1115 1749 ἐποίησε
1145 1684 1353 1736 τοιόνδε·
1401 1682 1645 1749 ἀποδέξας
1675 1684 1860 1751 χωρίον

192 1776 253 1843 τῇ
301 1777 510 1843 στρατιῇ
558 1768 756 1821 ἐκέλευε
803 1768 966 1821 πάντα
1014 1768 1170 1835 ἄνδρα
1228 1769 1372 1820 λίθον
1431 1769 1518 1820 ἕνα
1564 1766 1861 1835 παρεξιόντα

122 1880 172 1910 20
194 1853 383 1907 τιθέναι
423 1856 475 1908 ἐς
519 1853 577 1906 τὸ
619 1852 1014 1921 ἀποδεδεγμένον
1050 1857 1193 1905 τοῦτο
1229 1853 1429 1921 χωρίον.
1519 1852 1584 1906 ὡς
1619 1855 1673 1904 δὲ
1708 1857 1861 1904 ταῦτα

193 1938 453 2006 ἡστρατιὴ
487 1937 773 1998 ἐπετέλεσε,
799 1939 1012 1990 ἐνθαῦτα
1043 1937 1290 1991 κολωνοὺς
1318 1935 1569 2004 μεγάλους
1588 1938 1686 1989 τῶν
1704 1937 1860 1988 λίθων

197 2023 482 2097 καταλιπὼν
513 2022 770 2088 ἀπήλαυνε
800 2022 891 2088 τὴν
922 2021 1176 2090 στρατιήν.
1265 2021 1380 2088 πρὶν
1400 2023 1453 2073 δὲ
1478 2020 1747 2074 ἀπικέσθαι
1776 2020 1860 2073 ε’πὶ

194 2107 282 2161 τὸν
304 2106 527 2176 Ἴστρον,
561 2108 784 2175 πρώτους
817 2106 970 2173 αἱρέει
1002 2105 1157 2160 Γέτας
1186 2105 1300 2159 τοὺς
1336 2106 1735 2171 ἀθανατίζοντας.
1814 2127 1840 2156 ο

194 2195 284 2257 μὲν
330 2194 425 2260 γὰρ
472 2192 530 2257 δὴ
578 2191 666 2245 τόν
715 2190 1083 2257 Σαλμυδησσὸν
1118 2191 1321 2259 ἔχοντες
1371 2188 1587 2256 Θρήικες
1623 2191 1702 2242 καὶ
1737 2191 1860 2256 ὑπὲρ

122 2302 169 2344 25
194 2276 543 2342 Ἀπολλωνίης
578 2298 633 2329 τε
669 2276 748 2328 καὶ
785 2275 1127 2343 Μεσαμβρίης
1163 2276 1339 2328 πόλιος
1375 2274 1642 2339 οἰκημένοι,
1683 2275 1858 2327 καλεύ-

196 2383 336 2416 μενοι
381 2364 436 2415 δὲ
482 2360 784 2430 Σκυρμιάδαι
831 2360 912 2412 καὶ
952 2363 1185 2427 Νιψαῖοι,
1226 2359 1444 2427 ἀμαχητὶ
1482 2357 1647 2426 σφέας
1685 2358 1861 2413 αὐτοὺς

253 2513 272 2540 1
302 2515 471 2555 τεσσαρ.
498 2500 532 2539 C
547 2499 638 2539 RV
760 2498 908 2552 πέτρας
928 2499 966 2538 V
1151 2511 1175 2535 2
1206 2499 1336 2538 αὐτῶν
1358 2497 1397 2535 R
1413 2496 1495 2536 SV
1673 2510 1699 2547 3
1730 2500 1794 2549 ἐξ.
1816 2526 1826 2537 .
1847 2527 1857 2536 .

197 2557 240 2598 ἐν
259 2560 316 2609 τῷ
337 2569 418 2595 om.
444 2556 478 2594 C
671 2566 697 2604 5
727 2554 906 2607 ἡμερέων
926 2566 1007 2592 om.
1035 2552 1064 2591 S
1079 2552 1118 2590 V
1309 2554 1335 2590 6
1365 2551 1611 2592 Κοντάδεστ.
1638 2551 1703 2590 bis
1725 2551 1763 2590 R
1780 2551 1810 2591 S
1825 2552 1862 2590 V

195 2612 222 2650 8
250 2611 370 2652 Αἶνον
390 2610 421 2650 S
515 2609 639 2651 πόλιν
661 2610 699 2648 R
716 2609 746 2648 S
767 2624 776 2648 :
806 2608 925 2649 πόλει
948 2608 981 2646 C
1081 2610 1102 2647 6
1124 2616 1218 2660 Δαρ.
1242 2608 1349 2647 ἀπικ.
1377 2606 1416 2643 R
1432 2606 1462 2644 S
1476 2606 1513 2644 V
1628 2618 1677 2645 10
1704 2605 1861 2658 γράψας

195 2664 284 2704 ΑΒ
301 2665 335 2704 C
462 2678 506 2704 11
532 2664 654 2706 κάλλ.
678 2666 743 2705 καὶ
765 2665 927 2717 ἄριστος
949 2663 987 2701 Α
1004 2662 1038 2700 Β
1053 2663 1087 2700 C
1216 2674 1264 2712 15
1287 2662 1335 2710 δὴ
1358 2660 1388 2699 S
1406 2675 1415 2701 ε
1447 2660 1490 2701 δὲ
1512 2660 1600 2699 rell.
1691 2663 1862 2702 ἐνταῦθα

197 2719 289 2760 RV
514 2721 564 2758 16
602 2722 643 2761 ἐς
672 2719 761 2758 ΑΒ
778 2719 811 2756 C
1038 2729 1084 2766 17
1117 2715 1327 2769 Ἀρτισκός
1359 2715 1513 2754 PSV:
1554 2715 1766 2769 Ἀρτίσκος
1797 2715 1832 2754 Β
1852 2730 1861 2754 :

195 2774 377 2827 Ἀρτικός
400 2775 437 2815 R
553 2774 758 2827 Ὀδρυσῶν
778 2773 816 2811 Α
832 2773 866 2810 Β
884 2772 916 2811 C
933 2773 967 2811 P
1154 2772 1203 2809 18
1233 2774 1366 2823 χῶρον
1390 2769 1430 2808 Α
1444 2770 1478 2808 Β
1496 2770 1529 2807 C
1712 2782 1762 2820 19
1791 2770 1862 2812 ἕνα

195 2831 310 2871 λίθον
331 2830 365 2868 C
558 2842 613 2867 20
641 2830 715 2869 τὸν
736 2828 775 2866 R
962 2840 1010 2865 21
1043 2826 1235 2878 μεγάλων
1255 2825 1296 2863 Α
1311 2825 1345 2863 Β
1362 2824 1395 2863 C
1577 2839 1628 2863 22
1660 2826 1860 2866 ἀπέλαυνε

197 2885 237 2923 R
252 2883 334 2923 SV
518 2897 570 2933 24
601 2885 650 2933 δὴ
671 2896 754 2923 om.
775 2882 813 2921 A
831 2883 864 2920 B
883 2882 914 2921 C
932 2882 965 2920 P
1075 2882 1208 2922 -δισὸν
1230 2880 1260 2920 S
1280 2894 1289 2919 τ
1320 2882 1463 2921 -δυσὸν
1483 2880 1520 2918 V
1631 2881 1695 2920 καὶ
1718 2893 1799 2919 om.
1827 2879 1860 2918 C

194 2938 293 3032 ῗῗὲ
301 2952 405 3032 ἓῗῖ
419 2938 524 3037 δεῖν
557 2951 685 3034 νιάῖἶι
697 2945 800 3032 Ἐξ·
825 2954 872 3030 ἶῖ
892 2937 992 3040 ’ἕζὲ
1004 2937 1064 3030 cs
1090 2935 1338 3043 νκαέἷῖῗω
1360 2934 1624 3042 Qus}
1637 2934 1861 3042 ῧᾞὲἑέαἶιῗ

197 3047 301 3099 Byz.
322 3059 330 3087 2
363 3011 593 3102 Νυψαῖοίιὶἶ
611 3061 619 3086 :
654 3005 827 3099 Mvnpafg
848 3044 888 3085 A
902 3045 936 3084 Β
954 3020 1036 3085 0οΡ
1069 3020 1077 3031 ·
1119 3020 1128 3030 ·
1148 3044 1290 3087 αὐτοὺς
1311 3056 1396 3086 om.
1421 3045 1458 3083 R
1475 3045 1505 3084 S
1520 3042 1559 3083 V
1849 3019 1858 3031 ·

1903 118 1989 166 IV.
2017 131 2092 181 90

1899 437 1925 470 2

1898 854 1961 904 91

1900 1452 1970 1500 92

1900 2035 2027 2089 93ι

1845 2097 2098 2184 ῑΐξέἕ
