2098 3320
792 60 1166 110 ΙΣΤΟΡΙΩΝ
1234 63 1269 110 Β

184 191 404 258 Ἄμασις
422 190 588 260 (ἔτυχε
616 193 712 260 γὰρ
737 191 814 244 ἐπ’
838 193 990 245 ἵππου
1022 188 1311 258 κατήμενος)
1343 190 1529 258 ἐπάρας
1552 188 1865 256 ἀπεματάϊσε

195 277 274 328 καὶ
318 277 465 328 τοῦτό
510 297 594 342 μιν
640 275 838 328 ἐκέλευε
886 276 1066 349 Ἀπρίῃ
1120 276 1348 344 ἀπάγειν.
1437 276 1570 341 ὅμως
1615 277 1668 327 δὲ
1713 273 1864 326 αὐτὸν

192 359 362 425 ἀξιοῦν
413 360 510 412 τὸν·
552 358 889 427 Πατάρβημιν
942 360 1191 426 βασιλέος
1236 358 1683 426 μεταπεμπομένου
1736 357 1863 412 ἰέναι

193 443 314 512 πρὸς
354 444 520 496 αὐτόν·
567 444 654 497 τὸν
699 447 754 497 δὲ
801 444 931 515 αὐτῷ
974 446 1351 512 ὑποκρίνασθαι,
1397 444 1461 497 ὡς
1509 449 1662 496 ταῦτα
1702 442 1861 496 πάλαι

145 551 167 592 5
191 527 615 596 παρασκευάζεται
659 528 865 589 ποιέειν,
910 531 989 581 καὶ
1034 529 1163 600 αὐτῷ
1199 529 1255 581 οὐ
1299 528 1591 595 μέμψεσθαι
1631 527 1857 594 Ἀπρίην·

192 612 505 680 παρέσεσθαι
535 615 630 680 γὰρ
655 614 733 666 καὶ
757 613 904 667 αὐτὸς
929 613 1007 665 καὶ
1031 613 1218 667 ἄλλους
1243 612 1394 678 ἄξειν.
1470 616 1555 664 τὸν
1578 614 1630 664 δὲ
1656 611 1856 678 Πατάρ-

191 703 349 764 βημιν
389 698 443 750 ἔκ
478 720 532 750 τε
568 702 666 750 τῶν
701 697 991 765 λεγομένων
1028 698 1114 749 οὐκ
1151 699 1353 764 ἀγνοεῖν
1394 697 1483 761 τὴν
1517 695 1737 749 διάνοιαν
1780 695 1860 748 καὶ

191 783 687 848 παρασκευαζόμενον
717 783 907 850 ὁρῶντα
938 786 1132 855 σπουδῇ
1172 781 1386 846 ἀπιέναι,
1418 782 1732 847 βουλόμενον
1769 780 1861 846 τὴν

190 868 434 934 ταχίστην
450 866 907 933 βασιλέ’ἶδηλῶσαι
930 868 991 917 τὰ
1011 867 1356 933 πρησσόμενα.
1434 866 1499 920 ὡς
1518 869 1571 918 δὲ
1592 865 1863 918 ἀπικέσθαι

120 970 168 999 ιο
190 950 340 1002 αὐτὸν
379 950 501 1018 πρὸς
541 949 628 1003 τὸν
669 950 878 1018 Ἀπρίην
918 951 1004 1002 οὐκ
1044 950 1233 1018 ἄγοντα
1277 950 1364 1003 τὸν
1395 949 1638 1015 ''Anao-w,
1681 949 1862 1003 οὐδένα

0 1040 142 1098 ,ας
189 1035 344 1110 λόγον
403 1034 531 1106 αὐτῷ
586 1035 736 1087 δόντα
794 1037 930 1087 ἀλλὰ
988 1036 1340 1106 περιθύμως-ῃ
1330 1034 1513 1103 ἔχοντα
1571 1027 1890 1101 περιταμεῖν’

0 1104 468 1228 ξψπροστόιξαι
499 1119 646 1172 αὐτοῦ
682 1118 744 1171 τά
784 1141 839 1172 τε
878 1117 981 1177 ῶτα
1021 1121 1100 1172 καὶ
1140 1119 1232 1183 τὴν
1269 1120 1396 1186 ῥῖνα.
1488 1119 1704 1184 ἰδόμενοι
1740 1118 1782 1170 δ’
1814 1120 1860 1171 οἱ

189 1205 358 1256 λοιποὶ
393 1209 493 1256 τῶν
534 1205 834 1272 Αἰγυπτίων,
873 1205 920 1256 οἳ
957 1204 1029 1256 ἔτι
1067 1205 1129 1255 τὰ
1171 1205 1362 1256 ἐκείνου
1401 1203 1663 1271 ἐφρόνεον,
1707 1202 1860 1270 ἄνδρα

189 1287 277 1341 τὸν
319 1289 654 1354 δοκιμώτατον
695 1292 890 1341 ἑωυτῶν
929 1289 1054 1340 οὕτω
1096 1290 1320 1356 αἰσχρῶς
1359 1288 1493 1360 λύμῃ
1531 1289 1856 1352 διακείμενον,

116 1393 162 1433 15
189 1371 366 1425 οὐδένα
396 1373 454 1437 δὴ
485 1374 671 1442 χρόνον
704 1374 1002 1442 ἐπισχόντες
1039 1372 1315 1426 ἀπιστέατο
1354 1372 1477 1439 πρὸς
1512 1371 1626 1426 τοὺς
1662 1370 1859 1438 ἑτέρους

189 1457 268 1508 καὶ
322 1458 555 1509 ἐδίδοσαν
617 1457 782 1524 σφέας
826 1456 1003 1511 αὐτοὺς
1049 1456 1250 1522 Ἀμάσι.
1358 1458 1633 1522 πυθόμενος
1677 1459 1731 1508 δὲ
1778 1458 1858 1509 καὶ

187 1546 340 1594 ταῦτα
381 1543 407 1592 ὁ
448 1541 656 1608 Ἀπρίης
700 1543 886 1606 ὥπλιζε
931 1541 1045 1594 τοὺς
1086 1541 1374 1607 ἐπικούρους
1421 1541 1498 1592 καὶ
1542 1540 1727 1606 ἤλαυνε
1773 1541 1857 1592 ἐπὶ

186 1625 300 1679 τοὺς
331 1627 647 1692 Αἰγυπτίους.
738 1627 844 1694 εἶχε
875 1629 928 1678 δὲ
954 1626 1065 1693 περὶ
1097 1629 1280 1678 ἑωυτὸν
1305 1624 1472 1692 Κᾶράς
1495 1647 1549 1677 τε
1574 1626 1652 1676 καὶ
1675 1624 1855 1678 Ἴωνας

186 1708 365 1777 ἄνδρας
409 1711 697 1777 ἐπικούρους
741 1711 1072 1778 τρισμυρίους,
1116 1708 1177 1774 ἧν
1217 1709 1273 1762 δέ
1315 1713 1363 1762 οἱ
1406 1711 1468 1761 τὰ
1507 1707 1758 1775 βασιλήια
1799 1711 1854 1761 ἐν

112 1812 163 1841 20
184 1792 279 1845 Σάϊ
309 1795 443 1853 πόλι,
476 1794 673 1862 μεγάλα
705 1795 852 1847 ἐόντα
883 1796 963 1847 καὶ
993 1793 1277 1859 ἀξιοθέητα.
1367 1794 1445 1844 καὶ
1476 1795 1600 1845 οἵτε
1624 1793 1735 1860 περὶ
1765 1792 1852 1845 τὸν

183 1876 394 1946 Ἀπρίην
424 1880 506 1931 ἐπὶ
534 1878 649 1932 τοὺς
679 1880 978 1946 Αἰγυπτίους
1008 1877 1159 1942 ἤισαν
1193 1879 1271 1930 καὶ
1301 1881 1347 1930 οἱ
1379 1878 1489 1944 περὶ
1519 1877 1606 1929 τὸν
1627 1876 1852 1943 ’Άμασιν

184 1962 266 2014 ἐπὶ
294 1981 297 1987 ¹
324 1963 439 2016 τοὺς
490 1962 696 2028 ξείνους.
802 1964 856 2015 ἔν
907 1985 961 2015 τε
1013 1962 1072 2026 δὴ
1134 1961 1393 2030 Μωμέμφι
1447 1963 1568 2014 πόλι
1620 1960 1851 2029 ἐγένοντο

184 2047 461 2115 ἀμφότεροι
495 2048 573 2100 καὶ
604 2045 938 2114 πειρήσεσθαι
968 2047 1185 2112 ἔμελλον
1213 2045 1470 2111 ἀλλήλων.

259 2129 415 2183 Ἔστι
446 2134 500 2184 δὲ
530 2132 814 2199 Αἰγυπτίων
845 2134 969 2183 ἑπτὰ
1001 2129 1165 2198 γένεα,
1194 2132 1273 2184 καὶ
1303 2131 1488 2183 τούτων
1519 2133 1565 2182 οἱ
1589 2132 1680 2196 μὲν
1705 2128 1847 2197 ἱρέες,

110 2232 158 2275 25
182 2217 228 2268 οἳ
260 2218 313 2269 δὲ
341 2214 551 2284 μάχιμοι
584 2215 859 2274 κεκλέαται,
893 2218 939 2268 οἱ
976 2219 1027 2268 δὲ
1064 2216 1322 2281 βουκόλοι,
1357 2217 1403 2267 οἱ
1434 2218 1488 2267 δὲ
1525 2219 1768 2280 συβῶται,
1804 2216 1849 2266 οἱ

182 2301 236 2351 δὲ
267 2299 497 2365 κάπηλοι,
532 2302 578 2352 οἱ
619 2303 672 2352 δὲ
709 2298 957 2366 ἑρμηνέες,
991 2302 1037 2352 οἱ
1074 2302 1128 2352 δὲ
1170 2302 1482 2367 κυβερνῆται.
1571 2298 1719 2366 γένεα
1757 2301 1849 2363 μὲν

182 2385 469 2452 Αἰγυπτίων
499 2383 875 2444 τοσαῦτάέστι,
909 2383 1158 2450 οὐνόματα
1194 2382 1248 2436 δέ
1284 2390 1381 2452 σφι
1423 2388 1578 2436 κεῖται
1615 2382 1712 2434 ἀπὸ
1749 2388 1849 2435 τῶν

180 2467 412 2536 τεχνέων.
503 2471 549 2521 οἱ
580 2471 633 2520 δὲ
667 2468 878 2537 μάχιμοι
915 2469 1076 2521 αὐτῶν
1114 2467 1377 2520 καλέονται
1410 2470 1503 2533 μὲν
1541 2467 1849 2534 Καλασίριές

180 2572 233 2604 τε
265 2552 346 2604 καὶ
375 2552 720 2620 Ἑρμοτύβιες,
759 2555 813 2604 ἐκ
850 2558 1014 2618 νομῶν
1051 2555 1104 2605 δὲ
1140 2552 1295 2604 τῶνδέ
1334 2554 1450 2605 εἰσι·
1499 2553 1621 2603 κατὰ
1657 2553 1750 2621 γὰρ
1788 2550 1846 2616 δὴ

236 2703 255 2730 1
289 2690 450 2742 ἐπάιρας
470 2690 558 2730 ΑΒ
718 2691 983 2742 ἀπεματαίϊσε
1006 2690 1098 2730 RV
1303 2705 1328 2740 4
1359 2690 1637 2742 ὑποκρίνεσθαι
1657 2688 1696 2727 Α
1710 2689 1745 2728 Β
1763 2689 1848 2729 CP

179 2758 204 2795 5
245 2745 567 2799 παρεσκευάζετο
607 2745 793 2785 ABCP
920 2746 1153 2798 μέμψασθαι
1191 2745 1470 2786 ABCPSV
1652 2746 1680 2782 6
1722 2746 1847 2785 αὐτὸν

181 2801 316 2840 RSV
536 2814 557 2850 7
590 2803 635 2842 ἐκ
654 2804 737 2842 τῶν
764 2818 811 2842 τε
841 2800 980 2854 λόγων
1003 2801 1041 2839 R
1058 2800 1139 2839 SV
1364 2813 1409 2839 11
1444 2802 1577 2851 ἑωυτῷ
1597 2798 1846 2848 Wesseling

179 2867 228 2894 21
274 2855 380 2904 ἦσαν
416 2855 451 2895 C
474 2855 568 2895 PR
591 2855 680 2896 SV
844 2868 897 2894 22
940 2855 1051 2907 δήμω
1092 2854 1229 2906 Μέμφι
1271 2855 1435 2895 RSV:
1484 2856 1531 2904 δὴ
1574 2853 1711 2905 Μέμφι
1750 2853 1841 2893 rell.

179 2910 363 3006 {trgivwro
386 2909 522 3004 {SV
659 2923 709 2960 27
740 2909 875 2952 κέεται
898 2910 931 2949 L
1061 2912 1114 2949 28
1141 2908 1216 2961 μὲν
1238 2922 1320 2949 om.
1349 2910 1390 2949 R
1405 2909 1484 2950 SV
1596 2922 1649 2960 29
1679 2910 1755 2949 εἶσι
1770 2937 1779 2948 .
1801 2939 1809 2948 .
1829 2937 1840 2948 .

179 2981 199 3004 ο
243 2982 262 3006 ε
283 2977 364 3005 om.

1905 60 1972 109 II.
2000 61 2094 111 162

1895 1461 1991 1521 163

1889 2134 1984 2194 164
