2098 3320
752 165 753 171 ¹
787 174 1164 222 ΙΣΤΟΡΙΩΝ
1226 174 1268 222 Α
1894 178 2043 226 Ῐ.108

190 305 268 358 καὶ
292 303 490 358 πάντων
515 304 782 372 ἐπίτροπον
799 308 899 356 τῶν
923 306 1120 362 ἑωυτοῦ,
1146 303 1293 370 ἔλεγέ
1316 305 1361 355 οἱ
1385 302 1567 354 τοιάδε·
1604 300 1913 369 Ἀρπαγε,4

189 393 391 457 πρῆγμα
419 387 476 440 τὸ
506 387 567 441 ἄν
597 410 673 441 τοι
704 387 953 454 προσθέω,
988 391 1222 453 μηδαμῶς
1258 385 1574 459 παραχρήση,
1608 388 1730 487 μηδὲ
1768 386 1855 451 ἐμέ
1885 392 2098 453 edomam-

0 474 118 520 “⁸3⁹⁹-
189 495 244 526 τε
287 472 560 576 παραβάλῃ
604 473 683 524 καὶ
728 472 915 526 ἄλλους
959 473 1197 538 ἑλόμενος
1243 471 1304 537 ἐξ
1339 471 1550 537 ὑστέρης
1596 471 1680 522 σοὶ
1724 470 1852 540 αὐτῷ

191 556 482 629 περιπέσῃς.
567 555 703 624 λάβε
747 557 834 609 τὸν
895 556 1139 621 Μανδάνη
1191 557 1327 608 ἔτεκε
1378 559 1543 614 παῖδα,
1591 554 1758 623 φέρων
1802 558 1854 607 δὲ

72 655 79 677 “
144 667 166 708 5
191 645 242 697 ἐς
279 646 498 695 σεωυτοῦ
537 643 847 694 ἀπόκτεινον·
891 643 1016 708 μετὰ
1053 644 1103 693 δὲ
1144 641 1310 708 θάψον
1346 642 1509 710 τρόπῳ
1551 642 1671 709 ὅτεῳ
1711 639 1856 694 αὐτὸς

192 727 420 794 βούλεαι.
511 727 537 777 6
584 729 639 779 δὲ
685 728 966 792 ἀμείβεται·
1004 724 1078 778 ⁹ss
1123 729 1359 792 βασιλεῦ,
1403 725 1514 776 οὔτε
1555 724 1741 776 ἄλλοτέ
1789 745 1855 775 κω
1896 741 1917 787 5

0 833 145 914 m
193 815 421 882 παρ-ε-ῖδες
458 810 598 878 ἀνδρὶ
634 814 759 864 τῶδε
793 810 945 879 ἄχαρι
985 810 1144 870 οὐδέν,
1189 803 1561 877 φυλασσόμεθα
1605 811 1658 860 δὲ
1706 811 1756 862 ἐς
1795 797 2098 884 σὲῶὼὲζέ

195 897 275 948 καὶ
307 898 358 950 ἐς
387 896 474 948 τὸν
503 894 767 962 μετέπειτα
797 896 982 964 χρόνον
1011 897 1166 961 μηδὲν
1198 893 1504 961 ἐξαμαρτεῖν.
1573 892 1687 945 ἀλλ’
1720 895 1765 945 εἴ
1780 896 1944 945 τοιῶθ
2026 902 2098 940 ‘tf'

196 981 351 1048 φίλον
374 985 519 1032 τοῦτο
551 982 676 1033 οὕτω
701 982 948 1047 γίνεσθαι,
975 979 1072 1047 χρὴ
1098 979 1154 1044 δὴ
1180 980 1238 1030 τό
1260 1000 1318 1046 γε
1350 977 1469 1044 ἐμὸν
1500 976 1858 1044 ὑπηρετέεσθαι

122 1090 172 1119 10
197 1064 480 1130 ἐπιτηδέως.
527 1065 750 1116 τούτοισι
781 1063 1123 1132 ἀμειψάμενος
1155 1065 1180 1114 6
1208 1062 1484 1130 “Ἀρπαγος,
1518 1063 1584 1116 ὥς
1624 1065 1670 1114 οἱ
1706 1083 1854 1129 παρε-
1895 1077 1994 1127 109

197 1151 315 1214 δόθη
347 1149 404 1200 τὸ
435 1151 631 1201 παιδίον
663 1148 1035 1214 κεκοσμημένον
1066 1148 1157 1212 τὴν
1200 1148 1280 1200 ἐπὶ
1318 1146 1526 1216 θανάτῳ,
1560 1146 1636 1216 ἤιε
1674 1148 1858 1198 κλαίων

197 1236 248 1287 ἐς
287 1236 348 1285 τὰ
393 1235 538 1285 οἰκία·
587 1235 849 1300 παρελθὼν
891 1236 943 1285 δὲ
988 1233 1172 1299 ἔφραζε
1212 1240 1273 1305 τῇ
1318 1235 1499 1283 ἑωυτοῦ
1540 1231 1732 1298 γυναικὶ
1771 1230 1858 1282 τὸν

196 1318 359 1371 πάντα
389 1317 694 1385 Ἀστυάγεος
723 1317 937 1384 ῥηθέντα
967 1317 1138 1384 λόγον.
1216 1317 1246 1381 ἡ
1280 1319 1330 1368 δὲ
1363 1315 1484 1382 πρὸς
1509 1315 1656 1367 αὑτὸν
1700 1314 1855 1381 λέγει·
1891 1335 1916 1366 2
1980 1310 1985 1314 ¹

198 1407 308 1455 Νῦν
333 1391 413 1455 1ὧν
450 1403 502 1454 τί
535 1423 619 1454 σοι
657 1405 710 1454 ἐν
750 1403 846 1471 νόῳ
889 1402 999 1453 ἐστὶ
1038 1400 1249 1461 ποιέειν,·
1298 1401 1323 1450 6
1364 1403 1416 1452 δὲ
1458 1401 1734 1465 ἀμείβεται·
1782 1398 1858 1449 Οὐ

125 1511 171 1554 ¹5
197 1495 257 1559 τῇ
330 1486 621 1539 ἐνετέλλετο
674 1485 976 1553 Ἀστυάγης,
1023 1485 1123 1536 οὐδ’
1171 1487 1213 1537 εἰ
1257 1483 1636 1551 παραφρονήσει
1680 1505 1733 1535 τε
1780 1484 1858 1534 καὶ

196 1570 431 1636 μανέεται
463 1570 633 1623 κάκιον
662 1566 692 1635 ἢ
726 1576 811 1623 νῦν
842 1571 1083 1636 μαίνεται,
1128 1570 1183 1621 οὔ
1226 1572 1272 1621 οἱ
1313 1569 1471 1636 ἔγωγε
1509 1566 1860 1635 προσθήσομαι

197 1662 258 1728 τῇ
287 1656 458 1727 γνώμῃ
496 1655 607 1708 οὐδὲ
645 1657 696 1709 ἐς
729 1655 888 1723 φόνον
923 1659 1147 1706 τοιοῦτον
1182 1652 1493 1721 ὑπηρετήσω.
1568 1657 1772 1704 πολλῶν
1809 1654 1861 1704 δὲ
1902 1673 1926 1717 3

199 1741 362 1792 εἵνεκα
391 1740 448 1791 οὐ
480 1739 712 1807 φονεύσω
743 1761 842 1804 μιν,
884 1739 962 1791 καὶ
1004 1740 1080 1790 ὅτι
1117 1740 1246 1809 αὐτῷ
1288 1759 1371 1803 μοι
1410 1735 1660 1804 συγγενής
1694 1739 1805 1788 ἐστι
1835 1737 1861 1786 6

199 1828 329 1884 παῖς,
365 1824 445 1876 καὶ
475 1825 553 1876 ὅτι
575 1822 860 1891 Ἀστυάγης
891 1822 982 1888 μέν
1012 1825 1124 1875 ἐστι
1154 1822 1328 1890 γέρων,
1350 1822 1430 1873 καὶ
1467 1821 1616 1889 ἄπαις
1656 1820 1861 1887 ἔρσενος

125 1927 175 1955 20
197 1909 366 1976 γόνου·
413 1910 456 1960 εἰ
495 1908 538 1959 δ’
576 1906 811 1973 ἐθελήσει
852 1908 1026 1959 τούτου
1063 1906 1456 1971 τελευτήσαντος
1493 1908 1543 1959 ἐς
1583 1904 1673 1969 τὴν
1710 1908 1859 1971 θυγα-
1898 1925 1926 1967 4

198 1992 317 2060 τέρα
346 1992 529 2058 ταύτην
559 1992 861 2058 ἆναβῆναιὴ
894 1994 1137 2059 τυραννίς,
1172 1994 1257 2056 τῆς
1299 1995 1385 2043 νῦν
1424 1990 1511 2042 τὸν
1547 1990 1653 2042 υἱὸν
1685 1990 1863 2042 κτείνει

200 2076 260 2129 δι’
296 2078 428 2142 ἐμεῦ,
473 2076 602 2129 ἄλλο
638 2098 685 2129 τι
721 2073 751 2141 ἢ
787 2077 1012 2129 λείπεται
1049 2076 1106 2127 τὸ
1148 2077 1374 2127 ἐνθεῦτεν
1412 2074 1519 2140 ἐμοὶ
1566 2074 1800 2125 κινδύνων
1837 2073 1863 2123 6

198 2159 460 2228 μέγιστος;
499 2162 633 2213 ἀλλὰ
668 2166 754 2214 τοῦ
793 2163 886 2227 μὲν
917 2159 1178 2228 ἀσφαλέος
1221 2161 1385 2212 εἵνεκα
1425 2158 1534 2224 ἐμοὶ
1574 2162 1651 2210 δεῖ
1686 2161 1862 2209 τοῦτον

198 2248 436 2298 τελευτᾶν
465 2245 553 2298 τὸν
583 2250 750 2306 παῖδα,
783 2249 860 2298 δεῖ
885 2243 1056 2311 μέντοι
1095 2249 1194 2297 τῶν
1231 2265 1344 2313 τινα
1374 2241 1685 2310 Ἀστυάγεος
1715 2241 1863 2293 αὐτοῦ

126 2349 174 2391 25
199 2328 362 2396 φονέα
390 2329 630 2397 γενέσθαι
667 2331 745 2382 καὶ
786 2329 853 2396 μὴ
889 2334 984 2381 τῶν
1021 2331 1166 2394 ἐμῶν.
1231 2333 1383 2380 ταῦτα
1429 2328 1536 2380 εἶπε
1579 2326 1655 2378 καὶ
1693 2326 1866 2378 αὐτίκα
1901 2340 1986 2377 110

199 2413 420 2482 ἄγγελον
464 2414 652 2481 ἔπεμπε
697 2415 779 2467 ἐπὶ
823 2419 922 2466 τῶν
965 2414 1231 2480 βουκόλων
1277 2417 1376 2465 τῶν
1419 2411 1726 2478 Ἀστυάγεος
1778 2410 1864 2462 τὸν

198 2497 447 2563 ἠπίστατο
476 2498 629 2565 νομάς
659 2520 713 2552 τε
745 2497 1128 2569 ἐπιτηδεοτάτας
1160 2497 1374 2564 νέμοντα
1415 2496 1493 2548 καὶ
1530 2499 1647 2563 ὄρεα
1687 2498 1862 2563 θηριω-
1885 2500 2098 2542 tmvtm's

258 2648 276 2675 1
308 2635 407 2677 τάδε
430 2635 468 2674 R
488 2636 570 2676 SV
735 2650 760 2675 2
789 2635 874 2688 τοι]
895 2653 936 2676 τι
957 2635 995 2674 V
1105 2639 1269 2687 μηδαμα
1291 2635 1323 2673 Ρ
1341 2634 1379 2672 R
1395 2635 1431 2672 V
1450 2648 1459 2672 ε
1490 2637 1552 2674 -οῦ
1574 2634 1604 2673 S
1745 2646 1769 2682 3
1801 2634 1864 2689 σοὶ

200 2692 321 2731 αὐτῶι
344 2691 399 2732 P:
433 2692 497 2731 σοὶ
520 2693 669 2732 ἑωυτῶι
692 2690 729 2729 Α
745 2691 780 2729 Β
801 2704 810 2728 :
842 2692 893 2731 σὺ
914 2691 1106 2739 {nummo
1128 2690 1162 2729 C
1180 2690 1217 2728 R
1234 2690 1314 2730 SV
1511 2703 1535 2738 4
1566 2690 1638 2729 τὸν
1659 2689 1707 2729 ἂν
1729 2688 1767 2726 R
1786 2688 1866 2727 SV

199 2758 224 2795 5
257 2748 296 2787 ἐς
317 2747 467 2786 ἑωυτοῦ
487 2745 520 2784 C
537 2746 641 2785 SV:
676 2747 825 2786 ἑωυτοῦ
848 2745 885 2783 R
1043 2758 1063 2794 7
1094 2745 1260 2798 παρίδον
1283 2744 1321 2781 R
1338 2743 1418 2783 SV
1562 2745 1588 2783 8
1617 2742 1699 2795 τοι]
1722 2760 1762 2783 τι
1784 2742 1814 2782 S
1830 2742 1866 2780 V

204 2812 249 2838 11
281 2801 402 2853 η(ι)ει
422 2800 462 2839 Α
478 2800 513 2839 Β
529 2801 562 2840 C
579 2800 612 2839 P
626 2800 686 2839 5.·
714 2803 766 2841 ἵει
790 2800 827 2838 R
844 2801 881 2839 V
998 2812 1045 2849 14
1071 2802 1116 2839 οὐ
1131 2802 1182 2853 τῇ
1201 2800 1373 2838 struve:
1401 2801 1472 2838 οὐκ
1488 2801 1512 2846 ἣ
1532 2798 1565 2836 L
1659 2800 1710 2836 16
1729 2800 1866 2845 μανεΐ-

199 2871 265 2895 ται
287 2855 322 2893 L
516 2855 696 2916 Ίφόρον
714 2854 754 2893 R
770 2854 867 2894 SV¹
1058 2867 1107 2903 19
1137 2856 1303 2906 ἄρσενος
1327 2853 1366 2891 R
1383 2853 1412 2892 S
1427 2853 1463 2891 V
1627 2865 1681 2891 20
1711 2852 1754 2893 δὲ
1776 2857 1861 2893 θελ.

201 2909 235 2948 C
251 2909 339 2948 PR
354 2909 437 2949 SV
591 2923 640 2950 21
674 2909 722 2959 ῆς
743 2910 776 2949 L
887 2912 957 2951 νῦν
977 2923 1059 2948 om.
1085 2908 1124 2946 R
1265 2910 1318 2947 26
1346 2909 1419 2948 τὸν
1439 2906 1642 2955 βουκόλον
1662 2908 1736 2948 τὸν
1756 2907 1790 2946 C
1807 2906 1839 2944 P
1857 2920 1866 2945 :

199 2964 274 3006 τὸν
292 2953 493 3013 βουκόλον
512 2968 587 3007 τοῦ
609 2964 648 3004 R
666 2964 696 3004 S
710 2964 747 3003 V
935 2976 985 3014 27
1018 2963 1349 3012 ἐπιτηδειοτάτας
1364 2962 1402 3001 Α
1419 2962 1483 3002 B:
1513 2961 1736 3004 ·δεωτάτας
1757 2962 1791 3002 C
1807 2961 1840 3001 P
1857 2975 1866 3002 t

201 3018 357 3062 -δειότα
377 3019 417 3058 R
432 3019 463 3059 S
477 3019 516 3060 V
626 3022 744 3074 οὔρεα
765 3018 798 3059 Ρ
813 3018 853 3058 R
868 3018 899 3060 S
912 3019 950 3059 V
