1968 3236
685 73 1200 125 PRAEFATIO

119 215 401 283 utriusque
432 214 621 283 stirpis
653 215 846 268 eadem
884 214 992 267 fere
1023 217 1162 268 ratio
1197 217 1449 268 habenda
1483 223 1581 281 est,
1608 216 1684 269 ita
1718 224 1779 268 ut

115 318 295 369 neque
340 301 705 354 Florentinae·
738 302 907 355 nimia
949 302 1084 354 fides
1126 303 1392 356 habeatur
1435 322 1612 372 neque
1651 320 1779 354 vero

119 387 369 440 Romana
401 405 620 455 semper
652 387 707 439 in
733 389 1106 456 ‘suspicionem
1132 399 1370 443 vocetur.
1448 390 1707 443 Ceterum
1738 389 1802 441 S-

117 483 170 526 et
196 474 252 527 V
277 475 494 527 codices
518 474 658 526 inter
688 491 746 526 se
782 476 950 527 artius
984 475 1294 541 cohaerent,
1320 479 1381 529 ut
1413 477 1469 528 in
1504 476 1779 544 scripturis

117 570 232 614 tam
282 561 442 613 bonis
491 578 659 628 quam
711 562 871 613 malis
906 564 1237 632 'praebendis
1279 564 1554 616 interdum
1606 561 1679 614 ab
1724 562 1775 612 R

117 649 427 717 discrepent
449 666 461 712 3
500 649 596 699 sed
623 665 750 701 cum
776 649 831 700 V
856 650 928 702 ab
957 649 1009 700 R
1036 651 1257 719 propior
1281 651 1365 710 sit,
1394 649 1433 702 S
1462 649 1778 718 saepissime

116 734 400 787 audaciam
453 733 861 801 interpolatoris
913 744 1174 802 expertus
1223 745 1322 800 est,
1361 744 1420 788 ut
1461 735 1778 788 testimonio

118 820 231 871 eius
278 820 447 872 solius
498 837 715 873 summa
764 822 949 873 cautio
999 822 1311 874 adhibenda
1362 823 1448 876 sit.
1541 823 1778 874 Restant

117 906 331 959 codices
365 905 408 958 C
442 914 497 957 et
532 906 590 968 P,
622 925 857 975 quorum
892 916 948 960 et
981 909 1133 975 origo
1167 909 1446 961 obscurior
1479 918 1534 961 et
1571 908 1788 960 utilitas>

118 994 290 1045 minor
327 1000 422 1045 est.
505 993 699 1045 Codex
741 993 784 1045 C
826 994 1009 1062 stirpis
1047 1003 1128 1046 est
1172 995 1538 1058 Florentinae,
1579 994 1673 1045 sed
1721 1002 1775 1045 ct

115 1098 309 1147 parum
335 1080 627 1149 diligenter
652 1081 886 1148 scriptus
918 1090 999 1134 est
1037 1090 1107 1144 et,
1135 1082 1284 1150 quod
1319 1082 1390 1133 ad
1427 1082 1625 1133 formas
1655 1098 1775 1133 ver-

115 1167 309 1238 borum
348 1167 559 1230 attinet,
589 1166 735 1219 haud
774 1185 896 1219 raro
934 1177 1139 1225 temere
1178 1168 1494 1220 immutatas
1533 1167 1775 1236 praebet,

115 1255 208 1307 sed
236 1254 314 1306 ita
340 1261 399 1306 ut
425 1255 666 1323 speciem
693 1256 970 1323 quandam
1007 1256 1235 1308 rationis
1259 1255 1614 1324 veritatisque
1647 1272 1774 1323 prae

115 1359 172 1392 se
208 1341 381 1392 ferant
401 1358 412 1404 ;
451 1349 533 1392 est
567 1350 753 1393 autem
790 1341 883 1393 ubi
920 1359 1044 1395 cum
1080 1341 1250 1394 altera
1283 1342 1451 1411 stirpe
1486 1341 1773 1410 conspiret.

117 1427 313 1480 Codex
343 1428 383 1478 P
410 1445 540 1479 vero
573 1429 894 1480 memoriam
931 1430 1009 1481 ita
1045 1429 1279 1480 mixtam
1315 1429 1556 1492 exhibet,
1581 1429 1678 1479 vix
1716 1437 1775 1479 ut
1831 1477 1838 1481 ,

114 1516 268 1582 origo
294 1515 409 1567 eius
434 1522 580 1567 certe
600 1502 816 1567 definiri
829 1517 1018 1583 possit,
1034 1524 1089 1568 et
1110 1524 1256 1568 recte
1275 1514 1539 1567 iudicasse
1558 1515 1774 1566 videtur

117 1601 455 1668 Kallenberg
494 1600 571 1667 (in
609 1601 960 1669 ephemeride
998 1620 1047 1670 q.
1072 1621 1121 1653 v.
1155 1601 1353 1653 Plcz'lol.
1385 1600 1516 1666 xliv,
1551 1619 1603 1668 p.
1648 1602 1773 1669 740)

114 1685 273 1740 huius
301 1688 508 1740 codicis
535 1688 896 1756 archetypum
929 1691 998 1741 ad
1031 1689 1246 1742 codices
1282 1688 1559 1755 utriusque
1594 1688 1773 1754 stirpis

114 1776 419 1828 confectum
467 1792 616 1839 esse3
675 1775 730 1826 in
777 1774 961 1828 formis
1012 1783 1192 1828 autem
1236 1775 1525 1827 verborum
1579 1776 1770 1826 eadem

115 1863 286 1914 libido
330 1870 497 1929 atque
542 1861 596 1912 in
637 1862 679 1914 C
720 1862 906 1914 codice
950 1870 1194 1931 grassata
1228 1869 1326 1913 est.
1405 1860 1548 1913 Sunt
1586 1869 1772 1913 tamen

113 1950 217 2001 loci
260 1949 353 2000 ubi
390 1949 444 2000 in
483 1948 568 2000 his
607 1949 817 2000 duobus
856 1949 942 2000 vel
982 1949 1280 2002 alteroutro
1324 1948 1623 2017 scripturae
1660 1965 1769 2017 non

112 2037 288 2088 solum
324 2035 614 2103 speciosae,
650 2037 745 2088 sed
779 2054 940 2088 verae
975 2042 1209 2102 exstent,
1247 2043 1307 2086 ut
1337 2050 1447 2086 non
1481 2034 1643 2103 plane
1676 2034 1770 2087 ab—

114 2124 307 2175 iciendi
335 2124 460 2175 sint.
529 2113 856 2176 ’Deteriores
889 2123 1140 2191 denique,
1165 2109 1314 2174 velut
1342 2122 1768 2174 Laurentianum

115 2211 298 2272 LXX,
349 2210 399 2272 6,
453 2210 974 2278 Cantabrigiensem‚
1033 2209 1437 2276 Remigianum‚
1494 2208 1771 2261 Parisinos

120 2299 251 2364 1635
285 2304 340 2348 et
372 2294 549 2363 1405,¹
579 2297 855 2349 interdum
889 2296 1126 2359 laudavi,
1149 2313 1273 2347 cum
1310 2294 1505 2363 papyri
1539 2295 1769 2348 aliorum

110 2384 431 2450 scriptorum
470 2382 554 2433 his
594 2383 752 2434 annis
791 2384 843 2434 in
881 2383 1148 2451 Aegypto
1184 2381 1435 2433 inventae
1472 2383 1770 2450 scripturas

111 2470 360 2522 codicum
381 2469 710 2521 deteriorum
729 2486 836 2521 non
853 2469 1078 2538 impune
1095 2467 1309 2535 neglegi
1325 2468 1455 2521 satis
1473 2468 1764 2520 declarent.

182 2556 388 2607 Verum
414 2555 485 2606 ad
513 2554 860 2607 difficultates
887 2555 1209 2606 recensionis
1228 2552 1374 2605 haud
1394 2571 1605 2621 parvaS,
1626 2571 1766 2620 quae

112 2661 183 2694 ex
229 2641 474 2693 dissensu
520 2641 775 2709 stirpium
819 2641 1064 2693 codicum
1106 2640 1369 2701 oriuntur,
1407 2640 1617 2691 accedit
1659 2657 1765 2691 una

109 2730 194 2781 vel
246 2728 504 2791 maxima,
557 2745 677 2779 eam
729 2728 854 2779 dico
905 2744 1046 2794 quae
1099 2726 1170 2778 ad
1219 2726 1509 2778 verborum
1560 2726 1765 2777 formas

111 2823 253 2866 rccte
277 2813 687 2865 constituendas
714 2814 926 2864 attinet.
992 2812 1136 2864 Sane
1154 2811 1469 2863 testimonia
1490 2811 1759 2868 librorum,

286 2911 299 2936 ¹
331 2911 455 2952 Conf.
480 2911 630 2950 Steinii
652 2912 785 2963 praef.
810 2913 876 2951 ed.
898 2910 1067 2950 maioris
1090 2909 1170 2951 vol.
1195 2909 1207 2947 i
1228 2909 1285 2961 (a.
1306 2912 1586 2962 MDCCCLXIX).

895 2997 978 3029 vlu
