2098 3320
76 64 166 115 IV.
194 45 294 128 196

1810 42 1822 61 1

950 65 1385 114 ΗΡΟΔΟΤΟΤ

335 196 414 248 καὶ
459 197 629 249 ἔπειτα
674 197 784 249 ἀντὶ
827 202 925 249 τῶν
971 199 1190 264 φορτίων
1234 198 1424 267 χρυσὸν
1468 197 1655 252 τιθέναι
1700 199 1778 251 καὶ
1824 199 1997 266 ἐξανα-

271 306 296 337 2
332 281 542 350 χωρέειν
581 282 754 348 πρόσω
798 281 895 334 ἀπὸ
933 287 1030 334 τῶν
1063 284 1299 350 φορτίων.
1387 283 1499 337 τοὺς
1539 286 1592 336 δὲ
1628 286 1998 353 Καρχηδονίους

332 365 581 431 ἐκβάντας
633 364 954 425 σκέπτεσθαι,
1004 366 1084 418 καὶ
1128 362 1187 430 ἢν
1230 369 1322 433 μὲν
1366 369 1608 434 φαίνηταί
1645 374 1744 436 σφι
1789 367 1927 433 ἄξιος
1970 371 1998 420 ὃ

330 450 518 517 χρυσὸς
553 455 651 501 τῶν
682 450 917 518 φορτίων,
951 451 1244 516 ἀνελόμενοι
1281 451 1718 512 ἀπαλλάσσονται,
1750 448 1811 517 ἣν
1839 455 1894 505 δὲ
1929 452 1995 520 μὴ

329 533 483 598 ἄξιος,
512 534 762 599 ἐσβάντες
791 535 953 586 ὀπίσω
985 537 1036 589 ἐς
1066 537 1127 587 τὰ
1158 541 1310 588 πλοῖα
1342 535 1590 596 κατέαται,
1617 539 1663 589 οἱ
1694 539 1746 589 δὲ
1778 545 1994 604 προσελ-

331 619 502 672 θόντες
547 618 707 671 ἄλλον
748 618 871 686 πρὸς
912 618 980 671 ὧν
1017 619 1198 685 ἔθηκαν
1234 622 1441 688 χρυσόν,
1482 623 1532 675 ἐς
1571 621 1627 672 οὐ
1666 619 1727 673 ἂν
1767 623 1994 674 πείθωσι.

271 725 297 768 3
334 700 547 755 ἀδικέειν
568 706 619 755 δὲ
644 701 943 771 οὐδετέρους·
981 705 1094 756 οὔτε
1116 706 1211 772 γὰρ
1233 705 1408 759 αὐτοὺς
1430 710 1518 757 τοῦ
1540 710 1730 774 χρυσοῦ
1752 704 1997 758 ἅπτεσθαι

198 973 292 1024 197

265 1146 291 1179 2

196 1559 291 1619 198

271 2326 297 2370 υ.»

330 789 446 854 πρὶν
469 787 530 839 ἄν
555 794 651 855 σφι
676 789 905 860 ἀπισωθῇ
930 789 988 860 τῇ
1014 787 1128 860 ἀξίῃ
1152 794 1250 841 τῶν
1274 791 1512 856 φορτίων,
1539 789 1637 841 οὔτ’
1662 790 1876 843 ἐκείνους
1898 795 1996 843 τῶν

332 873 552 939 φορτίων
583 871 830 925 ἅπτεσθαι
862 874 1102 940 πρότερον
1131 868 1160 937 ἢ
1193 873 1331 925 αὐτοὶ
1361 878 1416 925 τὸ
1448 875 1658 941 χρυσίον
1687 873 1911 940 λάβωσι.

413 957 568 1008 Οὗτοι
599 956 690 1021 μέν
723 959 821 1008 εἶσι
852 956 965 1011 τοὺς
995 957 1135 1022 ἡμεῖς
1167 958 1348 1025 ἔχομεν
1372 958 1578 1024 Λιβύων
1609 957 1869 1023 ὀνομάσαι·
1917 959 1995 1011 καὶ

329 1042 516 1092 τούτων
557 1043 603 1093 οἱ
643 1042 827 1093 πολλοὶ
872 1040 1118 1106 βασιλέος
1160 1046 1250 1093 τοῦ
1288 1040 1475 1106 Μήδων
1515 1043 1627 1094 οὔτε
1666 1063 1714 1093 τι
1756 1047 1842 1094 νῦν
1883 1043 1995 1095 οὔτε

329 1126 443 1178 τότε
475 1126 767 1193 ἐφρόντιζον
797 1125 956 1178 οὐδέν.
1029 1126 1240 1178 τοσόνδε
1271 1129 1323 1178 δὲ
1354 1126 1426 1178 ἔτι
1456 1125 1555 1195 ἔχω
1588 1129 1744 1179 εἰπεῖν
1767 1128 1878 1193 περὶ
1908 1130 1994 1191 τῆς

329 1211 495 1279 χώρης
524 1210 719 1274 ταύτης,
747 1211 823 1261 ὅτι
845 1209 1065 1277 τέσσερα
1095 1211 1240 1263 ἔθνεα
1269 1210 1469 1276 νέμεται
1500 1210 1651 1275 αὐτὴν
1677 1211 1755 1262 καὶ
1779 1210 1835 1262 οὐ
1857 1210 1994 1263 πλέω

329 1295 533 1353 τούτων,
573 1295 698 1346 ὅσον
734 1294 873 1359 ἡμεῖς
911 1296 1068 1360 ἴδμεν,
1108 1295 1186 1346 καὶ
1224 1297 1284 1346 τὰ
1323 1298 1414 1361 μὲν
1454 1295 1539 1347 δύο
1581 1295 1861 1362 αὐτόχθονα
1896 1300 1994 1347 τῶν

330 1378 528 1439 ἐθνέων,
563 1380 624 1429 τὰ
654 1381 706 1430 δὲ
739 1379 823 1430 δύο
854 1379 925 1438 οὔ,
961 1381 1146 1444 Λίβυες
1175 1382 1266 1444 μὲν
1299 1379 1377 1431 καὶ
1408 1381 1644 1434 Αἰθίοπες
1675 1379 1991 1448 αὐτόχθονες,

330 1465 375 1515 οἱ
420 1466 511 1528 μὲν
551 1465 612 1514 τὰ
652 1463 773 1529 πρὸς
813 1462 995 1529 βορέω,
1041 1466 1087 1515 οἱ
1127 1467 1180 1515 δὲ
1223 1467 1284 1515 τὰ
1324 1463 1445 1531 πρὸς
1490 1465 1634 1516 νότου
1674 1466 1761 1528 τῆς
1802 1463 1994 1529 Λιβύης

331 1546 592 1606 οἰκέοντες,
631 1549 861 1600 Φοίνικες
902 1549 954 1598 δὲ
996 1549 1074 1599 καὶ
1102 1546 1355 1613 ’Έλληνες
1395 1547 1651 1613 ἐπήλυδες.
1743 1546 1902 1599 δοκέει
1941 1547 1996 1599 δέ

329 1653 413 1697 μοι
450 1631 550 1683 οὐδ’
584 1630 761 1698 ἀρετὴν
801 1631 931 1683 εῖναί
963 1652 1036 1685 τις
1070 1632 1300 1697 ἡΛιβύη
1338 1633 1582 1697 σπουδαίη
1621 1632 1752 1684 ὥστε
1785 1627 1815 1695 ἢ
1845 1631 1993 1703 Ἀσίῃ

329 1712 359 1780 ἢ
393 1716 602 1787 Εὐρώπῃ
634 1718 1037 1782 παραβληθῆναι,
1071 1715 1202 1780 πλὴν
1234 1718 1451 1770 Κίνυπος
1479 1717 1678 1782 μούνης·
1725 1715 1782 1767 τὸ
1810 1717 1905 1783 γὰρ
1935 1714 1993 1779 δὴ

330 1800 447 1852 αὐτὸ
493 1801 679 1865 οὕνομα
722 1800 751 1864 ἡ
798 1803 860 1867 γῆ
906 1805 974 1870 τῷ
1020 1805 1223 1870 ποταμῷ
1272 1800 1393 1868 ἔχει.
1483 1801 1602 1865 αὕτη
1649 1802 1703 1851 δὲ
1747 1800 1889 1865 ὁμοίη
1934 1806 1994 1872 τῇ

331 1885 511 1956 ἀρίστῃ
555 1883 685 1951 γέων
732 1884 996 1950 Δήμητρος
1041 1884 1228 1951 καρπὸν
1273 1883 1501 1952 ἐκφέρειν
1545 1883 1657 1936 οὐδὲ
1703 1883 1806 1935 οῖκε
1852 1883 1994 1949 οὐδὲν

330 1977 390 2041 τῇ
414 1969 545 2040 ἄλλῃ
570 1969 754 2040 Λιβύῃ·
800 1967 1107 2036 μελάγγαιός
1136 1990 1189 2021 τε
1211 1967 1307 2036 γάρ
1331 1971 1441 2021 ἐστι
1473 1969 1551 2020 καὶ
1581 1968 1786 2034 ἔπυδρος
1808 1966 1990 2031 πίδαξι,

332 2054 411 2105 καὶ
435 2054 546 2104 οὔτε
570 2052 761 2120 αὐχμοῦ
784 2053 1118 2120 φροντίζουσα
1136 2052 1278 2105 οὐδὲν
1296 2053 1408 2105 οὔτε
1432 2055 1624 2120 ὄμβρον
1647 2050 1784 2104 πλέω
1807 2056 1994 2103 πιοῦσα

2021 558 2044 600 5

2025 979 2070 1007 10

2025 1400 2070 1440 ¹5

2021 1818 2070 1846 20

331 2135 613 2202 δεδήληται·
654 2137 792 2189 ὕεται
815 2139 911 2203 γὰρ
935 2135 991 2200 δὴ
1016 2141 1168 2188 ταῦτα
1190 2140 1276 2201 τῆς
1299 2137 1508 2203 Λιβύης·
1548 2140 1646 2188 τῶν
1669 2137 1723 2187 δὲ
1747 2135 1994 2206 ἐκφορίων
2010 2143 2098 2208 pv·

331 2226 419 2272 τοῦ
474 2226 659 2288 καρποῦ
710 2219 862 2272 ταύτὰ
912 2219 1070 2287 μέτρα
1116 2229 1176 2294 τῇ
1226 2222 1526 2292 Βαβυλωνίῃ
1573 2227 1638 2293 γῇ
1686 2220 1990 2271 κατίσταται.
2019 2236 2066 2277 25

332 2305 491 2372 ἀγαθὴ
534 2308 586 2357 δὲ
626 2307 689 2372 γῆ
727 2304 805 2356 καὶ
845 2303 936 2369 τὴν
967 2305 1300 2371 Εὐεσπερῖται
1341 2304 1588 2371 νέμονται·
1633 2302 1709 2356 ἐπ’
1747 2305 1993 2355 ἑκατοστὰ

387 2456 413 2493 3
445 2443 647 2492 ἐσβάντας
671 2442 704 2481 Ρ
717 2443 756 2481 R
772 2442 802 2482 S
816 2442 864 2481 V'
992 2441 1065 2494 μὲν
1086 2457 1166 2483 om.
1191 2443 1229 2481 R
1246 2443 1276 2483 S
1289 2444 1327 2482 V
1541 2458 1565 2493 4
1595 2439 1835 2492 ἀπελόμενοι
1855 2440 1894 2480 Α
1908 2439 1942 2479 Β
1959 2441 1992 2479 C

333 2499 389 2549 μὴ
411 2502 470 2547 εἴη
491 2499 528 2536 Α
545 2498 578 2536 Β
594 2498 627 2537 C
850 2509 875 2547 5
907 2499 947 2539 ἐς
968 2499 1021 2538 τὰ
1041 2502 1165 2539 πλοῖα
1186 2499 1314 2539 ὀπίσω
1333 2497 1373 2536 Α
1388 2498 1421 2536 Β
1438 2498 1471 2536 C
1638 2494 1827 2537 καθέαται
1859 2494 1897 2533 R
1912 2496 1942 2534 S
1958 2495 1994 2534 V

334 2555 362 2591 6
391 2554 496 2595 ἄλλο
520 2553 557 2591 R
573 2552 654 2591 SV
792 2552 961 2605 χρυσίον
983 2551 1022 2589 R
1038 2552 1067 2590 S
1080 2552 1119 2590 V
1257 2553 1472 2593 ἀπείθωσιν
1491 2552 1530 2590 V
1733 2561 1755 2599 7
1787 2552 1908 2593 αὐτου
1928 2550 1963 2588 Β
1983 2563 1992 2589 2

335 2610 445 2648 αὐτοὶ
478 2608 650 2646 Bekker
806 2606 977 2659 χρυσίου
1007 2606 1045 2643 R
1061 2606 1090 2644 S
1103 2606 1141 2645 V
1358 2609 1384 2646 8
1424 2607 1521 2658 ἀξίοι
1554 2606 1591 2644 R
1818 2617 1864 2644 11
1907 2606 1992 2645 οὔτ’

336 2662 399 2703 ἔτι
440 2662 471 2701 S
709 2674 758 2700 12
798 2660 970 2702 τοσόνδε
1010 2659 1054 2701 δὲ
1094 2662 1120 2699 d
1140 2675 1148 2699 :
1195 2661 1366 2703 τοσόνδε
1404 2661 1443 2700 Α
1465 2661 1499 2699 Β
1520 2674 1528 2699 :
1577 2662 1776 2701 τοσοῦτον
1814 2658 1860 2700 δὲ
1898 2659 1987 2697 rell.

340 2729 389 2767 13
409 2716 591 2770 τέσσαρα
611 2716 645 2754 C
659 2716 699 2754 R
713 2716 743 2755 S
853 2713 1007 2763 ταύτην
1027 2715 1067 2752 Α
1080 2715 1114 2753 Β
1131 2716 1164 2754 C
1347 2729 1394 2765 14
1423 2719 1541 2766 ἴσμεν
1560 2715 1600 2754 Α
1615 2715 1649 2753 Β
1665 2715 1698 2752 C
1865 2716 1916 2752 18
1943 2713 1989 2764 ἡ]

335 2771 387 2820 ἦν
407 2772 522 2810 RV:
556 2774 600 2812 ἐν
621 2771 653 2810 S
846 2783 899 2808 20
929 2772 1050 2810 αὐτοῦ
1072 2770 1195 2820 ὄνομα
1216 2770 1249 2809 C
1428 2779 1481 2809 '21
1514 2773 1640 2822 γαιῶν
1662 2770 1692 2808 S
1821 2768 1990 2818 ἔοικε<ν)

334 2827 376 2865 Α
389 2827 424 2865 Β
439 2827 479 2865 R
495 2826 524 2865 S
538 2826 576 2864 V
708 2837 762 2863 22
789 2823 1021 2876 μελάγγεός
1041 2823 1082 2862 A
1095 2824 1130 2862 B
1146 2825 1179 2863 C
1204 2825 1336 2876 (πελ.)
1365 2826 1404 2863 R
1419 2825 1448 2864 S
1461 2825 1499 2863 V
1521 2825 1654 2877 (μεγ.)
1785 2836 1836 2872 23
1865 2821 1993 2863 πλέον

336 2882 376 2919 R
392 2881 474 2920 SV
602 2883 774 2921 ποιοῦσα
794 2879 829 2917 Β
845 2878 960 2917 RV:
990 2882 1160 2920 ποιεῦσα
1181 2879 1210 2918 S
1393 2892 1445 2928 24
1475 2880 1698 2926 δεδήλωται
1721 2879 1753 2916 C
1864 2879 1990 2917 οἴεται
2057 2876 2073 2883 “

335 2936 376 2974 Α
389 2937 424 2975 Β
589 2947 641 2984 25
670 2937 723 2976 τὰ
742 2934 844 2975 αὐτὰ
866 2933 905 2972 R
920 2933 950 2973 S
963 2932 1003 2972 V
1113 2937 1324 2982 Βαβυλῶνι
1345 2934 1370 2982 ἡ
1390 2937 1445 2985 ’γῆ
1468 2933 1507 2971 R
1523 2933 1602 2972 SV
1765 2933 1818 2970 26
1848 2931 1992 2971 ἑκατὸν

335 2993 390 3033 τὰ
410 2992 448 3030 R
463 2991 522 3030 V:
555 2991 703 3032 ἑκατὸν
724 2990 754 3029 S
