<?xml version="1.0" encoding="UTF-8"?>
<!DOCTYPE html PUBLIC "-//W3C//DTD XHTML 1.0 Transitional//EN"
    "http://www.w3.org/TR/xhtml1/DTD/xhtml1-transitional.dtd">
<html xmlns="http://www.w3.org/1999/xhtml" xml:lang="en" lang="en">
 <head>
  <title>
</title>
<meta http-equiv="Content-Type" content="text/html;charset=utf-8" />
  <meta name='ocr-system' content='tesseract 3.04.00' />
  <meta name='ocr-capabilities' content='ocr_page ocr_carea ocr_par ocr_line ocrx_word'/>
</head>
<body>
  <div class='ocr_page' id='page_1' title='image "./herodotihistoria01herouoft_0292.png"; bbox 0 0 2098 3320; ppageno 0'>
   <div class='ocr_carea' id='block_1_1' title="bbox 80 72 1346 150">
    <p class='ocr_par' dir='ltr' id='par_1_1' title="bbox 80 72 1346 150">
     <span class='ocr_line' id='line_1_1' title="bbox 80 72 1346 150; baseline -0.001 -29"><span class='ocrx_word' id='word_1_1' title='bbox 80 72 255 150; x_wconf 50' lang='lat' dir='ltr'>IIIS&amp;</span> <span class='ocrx_word' id='word_1_2' title='bbox 914 72 1346 121; x_wconf 73' lang='lat' dir='ltr'><strong>HPOAOTOT</strong></span> 
     </span>
    </p>
   </div>
   <div class='ocr_carea' id='block_1_2' title="bbox 0 201 2098 2461">
    <p class='ocr_par' dir='ltr' id='par_1_2' title="bbox 0 201 2098 2461">
     <span class='ocr_line' id='line_1_2' title="bbox 297 201 2029 274; baseline 0.003 -20"><span class='ocrx_word' id='word_1_3' title='bbox 297 202 468 261; x_wconf 83' lang='grc' dir='ltr'>ποιέει,</span> <span class='ocrx_word' id='word_1_4' title='bbox 496 202 757 269; x_wconf 76' lang='grc' dir='ltr'>γινώσκων</span> <span class='ocrx_word' id='word_1_5' title='bbox 790 201 961 261; x_wconf 83' lang='grc' dir='ltr'>ποιέει,</span> <span class='ocrx_word' id='word_1_6' title='bbox 995 208 1061 272; x_wconf 77' lang='grc' dir='ltr'>τῷ</span> <span class='ocrx_word' id='word_1_7' title='bbox 1093 204 1146 254; x_wconf 79' lang='grc' dir='ltr'>δὲ</span> <span class='ocrx_word' id='word_1_8' title='bbox 1177 202 1288 256; x_wconf 78' lang='grc' dir='ltr'>οὐδὲ</span> <span class='ocrx_word' id='word_1_9' title='bbox 1317 204 1583 271; x_wconf 79' lang='grc' dir='ltr'>γινώσκειν</span> <span class='ocrx_word' id='word_1_10' title='bbox 1613 204 1701 257; x_wconf 86' lang='grc' dir='ltr'>ἔνι·</span> <span class='ocrx_word' id='word_1_11' title='bbox 1750 208 1962 274; x_wconf 79' lang='grc' dir='ltr'>κῶςγδιρ</span> <span class='ocrx_word' id='word_1_12' title='bbox 2024 220 2029 225; x_wconf 85' lang='grc'><strong>’</strong></span> 
     </span>
     <span class='ocr_line' id='line_1_3' title="bbox 295 285 1963 357; baseline 0.002 -19"><span class='ocrx_word' id='word_1_13' title='bbox 295 286 357 338; x_wconf 83' lang='grc' dir='ltr'>ἂν</span> <span class='ocrx_word' id='word_1_14' title='bbox 394 287 634 353; x_wconf 83' lang='grc' dir='ltr'>γινώσκοι</span> <span class='ocrx_word' id='word_1_15' title='bbox 670 285 722 339; x_wconf 84' lang='grc' dir='ltr'>ὃς</span> <span class='ocrx_word' id='word_1_16' title='bbox 763 285 862 338; x_wconf 80' lang='grc' dir='ltr'>οὔτ’</span> <span class='ocrx_word' id='word_1_17' title='bbox 895 286 1129 355; x_wconf 82' lang='grc' dir='ltr'>ἐδιδάχθη</span> <span class='ocrx_word' id='word_1_18' title='bbox 1172 288 1283 340; x_wconf 84' lang='grc' dir='ltr'>οὔτε</span> <span class='ocrx_word' id='word_1_19' title='bbox 1321 287 1419 340; x_wconf 77' lang='grc' dir='ltr'>εἶδε</span> <span class='ocrx_word' id='word_1_20' title='bbox 1456 289 1610 340; x_wconf 88' lang='grc' dir='ltr'>καλὸν</span> <span class='ocrx_word' id='word_1_21' title='bbox 1647 289 1790 342; x_wconf 80' lang='grc' dir='ltr'>οὐδὲν</span> <span class='ocrx_word' id='word_1_22' title='bbox 1825 286 1963 357; x_wconf 86' lang='grc' dir='ltr'>[οὐδ’]</span> 
     </span>
     <span class='ocr_line' id='line_1_4' title="bbox 298 368 1962 445; baseline 0.004 -26"><span class='ocrx_word' id='word_1_23' title='bbox 298 369 500 434; x_wconf 82' lang='grc' dir='ltr'>οἰκήιον,</span> <span class='ocrx_word' id='word_1_24' title='bbox 529 368 670 421; x_wconf 84' lang='grc' dir='ltr'>ὠθέει</span> <span class='ocrx_word' id='word_1_25' title='bbox 701 391 754 422; x_wconf 92' lang='grc' dir='ltr'>τε</span> <span class='ocrx_word' id='word_1_26' title='bbox 785 371 1017 436; x_wconf 85' lang='grc' dir='ltr'>ἐμπεσὼν</span> <span class='ocrx_word' id='word_1_27' title='bbox 1040 373 1100 423; x_wconf 80' lang='grc' dir='ltr'>τὰ</span> <span class='ocrx_word' id='word_1_28' title='bbox 1124 370 1388 439; x_wconf 86' lang='grc' dir='ltr'>πρήγματα</span> <span class='ocrx_word' id='word_1_29' title='bbox 1418 372 1533 424; x_wconf 83' lang='grc' dir='ltr'>ἄνευ</span> <span class='ocrx_word' id='word_1_30' title='bbox 1558 374 1687 431; x_wconf 83' lang='grc' dir='ltr'>νόου,</span> <span class='ocrx_word' id='word_1_31' title='bbox 1713 372 1962 445; x_wconf 72' lang='grc' dir='ltr'>χειμάρρῳ</span> 
     </span>
     <span class='ocr_line' id='line_1_5' title="bbox 236 453 1959 528; baseline 0.002 -22"><span class='ocrx_word' id='word_1_32' title='bbox 236 475 260 519; x_wconf 88' lang='lat'><em>3</em></span> <span class='ocrx_word' id='word_1_33' title='bbox 301 459 499 524; x_wconf 78' lang='grc' dir='ltr'>ποταμῷ</span> <span class='ocrx_word' id='word_1_34' title='bbox 538 456 726 514; x_wconf 84' lang='grc' dir='ltr'>ἵκελος;</span> <span class='ocrx_word' id='word_1_35' title='bbox 775 453 911 524; x_wconf 80' lang='grc' dir='ltr'>δήμῳ</span> <span class='ocrx_word' id='word_1_36' title='bbox 952 454 1042 520; x_wconf 91' lang='grc' dir='ltr'>μέν</span> <span class='ocrx_word' id='word_1_37' title='bbox 1075 476 1176 514; x_wconf 87' lang='grc' dir='ltr'>νυν,</span> <span class='ocrx_word' id='word_1_38' title='bbox 1209 456 1255 507; x_wconf 79' lang='grc' dir='ltr'>οἳ</span> <span class='ocrx_word' id='word_1_39' title='bbox 1286 455 1522 528; x_wconf 86' lang='grc' dir='ltr'>Πέρσῃσι</span> <span class='ocrx_word' id='word_1_40' title='bbox 1561 456 1709 509; x_wconf 84' lang='grc' dir='ltr'>κακὸν</span> <span class='ocrx_word' id='word_1_41' title='bbox 1746 457 1959 517; x_wconf 78' lang='grc' dir='ltr'>νοέουσι,</span> 
     </span>
     <span class='ocr_line' id='line_1_6' title="bbox 297 537 2010 607; baseline 0.004 -18"><span class='ocrx_word' id='word_1_42' title='bbox 297 538 431 589; x_wconf 74' lang='grc' dir='ltr'>οὗτοι</span> <span class='ocrx_word' id='word_1_43' title='bbox 469 537 722 607; x_wconf 80' lang='grc' dir='ltr'>χράσθων,</span> <span class='ocrx_word' id='word_1_44' title='bbox 761 539 901 604; x_wconf 83' lang='grc' dir='ltr'>ἡμεῖς</span> <span class='ocrx_word' id='word_1_45' title='bbox 940 541 992 590; x_wconf 81' lang='grc' dir='ltr'>δὲ</span> <span class='ocrx_word' id='word_1_46' title='bbox 1031 540 1223 606; x_wconf 88' lang='grc' dir='ltr'>ἀνδρῶν</span> <span class='ocrx_word' id='word_1_47' title='bbox 1257 544 1355 592; x_wconf 90' lang='grc' dir='ltr'>τῶν</span> <span class='ocrx_word' id='word_1_48' title='bbox 1393 541 1610 607; x_wconf 87' lang='grc' dir='ltr'>ἀρίστων</span> <span class='ocrx_word' id='word_1_49' title='bbox 1647 539 1964 607; x_wconf 80' lang='grc' dir='ltr'>ἐπιλέξαντες</span> <span class='ocrx_word' id='word_1_50' title='bbox 1988 563 2010 604; x_wconf 91' lang='lat'>5</span> 
     </span>
     <span class='ocr_line' id='line_1_7' title="bbox 297 622 1963 692; baseline 0.004 -19"><span class='ocrx_word' id='word_1_51' title='bbox 297 623 498 688; x_wconf 87' lang='grc' dir='ltr'>ὁμιλίην</span> <span class='ocrx_word' id='word_1_52' title='bbox 527 622 748 674; x_wconf 89' lang='grc' dir='ltr'>τούτοισι</span> <span class='ocrx_word' id='word_1_53' title='bbox 785 622 1088 689; x_wconf 84' lang='grc' dir='ltr'>περιθέωμεν</span> <span class='ocrx_word' id='word_1_54' title='bbox 1119 623 1176 674; x_wconf 87' lang='grc' dir='ltr'>τὸ</span> <span class='ocrx_word' id='word_1_55' title='bbox 1208 622 1398 690; x_wconf 88' lang='grc' dir='ltr'>κράτος·</span> <span class='ocrx_word' id='word_1_56' title='bbox 1445 626 1498 676; x_wconf 90' lang='grc' dir='ltr'>ἐν</span> <span class='ocrx_word' id='word_1_57' title='bbox 1527 626 1624 692; x_wconf 81' lang='grc' dir='ltr'>γὰρ</span> <span class='ocrx_word' id='word_1_58' title='bbox 1653 625 1712 690; x_wconf 80' lang='grc' dir='ltr'>δὴ</span> <span class='ocrx_word' id='word_1_59' title='bbox 1742 625 1963 679; x_wconf 88' lang='grc' dir='ltr'>τούτοισι</span> 
     </span>
     <span class='ocr_line' id='line_1_8' title="bbox 298 706 1961 775; baseline 0.002 -17"><span class='ocrx_word' id='word_1_60' title='bbox 298 706 377 758; x_wconf 87' lang='grc' dir='ltr'>καὶ</span> <span class='ocrx_word' id='word_1_61' title='bbox 401 706 538 758; x_wconf 84' lang='grc' dir='ltr'>αὐτοὶ</span> <span class='ocrx_word' id='word_1_62' title='bbox 563 707 852 772; x_wconf 82' lang='grc' dir='ltr'>ἐνεσόμεθα,</span> <span class='ocrx_word' id='word_1_63' title='bbox 875 707 1094 774; x_wconf 86' lang='grc' dir='ltr'>ἀρίστων</span> <span class='ocrx_word' id='word_1_64' title='bbox 1115 710 1169 759; x_wconf 81' lang='grc' dir='ltr'>δὲ</span> <span class='ocrx_word' id='word_1_65' title='bbox 1189 708 1379 774; x_wconf 89' lang='grc' dir='ltr'>ἀνδρῶν</span> <span class='ocrx_word' id='word_1_66' title='bbox 1401 707 1533 761; x_wconf 85' lang='grc' dir='ltr'>οἰκὸς</span> <span class='ocrx_word' id='word_1_67' title='bbox 1552 707 1731 775; x_wconf 86' lang='grc' dir='ltr'>ἄριστα</span> <span class='ocrx_word' id='word_1_68' title='bbox 1749 711 1961 774; x_wconf 85' lang='grc' dir='ltr'>βουλεύ-</span> 
     </span>
     <span class='ocr_line' id='line_1_9' title="bbox 295 790 1962 861; baseline 0.002 -19"><span class='ocrx_word' id='word_1_69' title='bbox 295 812 427 856; x_wconf 88' lang='grc' dir='ltr'>ματα</span> <span class='ocrx_word' id='word_1_70' title='bbox 449 792 694 858; x_wconf 89' lang='grc' dir='ltr'>γίνεσθαι.</span> <span class='ocrx_word' id='word_1_71' title='bbox 764 790 1066 857; x_wconf 77' lang='grc' dir='ltr'>Μεγάβυζος</span> <span class='ocrx_word' id='word_1_72' title='bbox 1095 793 1187 856; x_wconf 80' lang='grc' dir='ltr'>μὲν</span> <span class='ocrx_word' id='word_1_73' title='bbox 1218 791 1275 856; x_wconf 77' lang='grc' dir='ltr'>δὴ</span> <span class='ocrx_word' id='word_1_74' title='bbox 1299 791 1481 857; x_wconf 89' lang='grc' dir='ltr'>ταύτην</span> <span class='ocrx_word' id='word_1_75' title='bbox 1504 793 1704 859; x_wconf 89' lang='grc' dir='ltr'>γνώμην</span> <span class='ocrx_word' id='word_1_76' title='bbox 1734 792 1962 861; x_wconf 88' lang='grc' dir='ltr'>ἐσέφερε,</span> 
     </span>
     <span class='ocr_line' id='line_1_10' title="bbox 193 875 1969 943; baseline 0.001 -15"><span class='ocrx_word' id='word_1_77' title='bbox 193 881 257 928; x_wconf 86' lang='grc'>82</span> <span class='ocrx_word' id='word_1_78' title='bbox 296 877 461 941; x_wconf 85' lang='grc' dir='ltr'>τρίτος</span> <span class='ocrx_word' id='word_1_79' title='bbox 491 877 544 927; x_wconf 79' lang='grc' dir='ltr'>δὲ</span> <span class='ocrx_word' id='word_1_80' title='bbox 578 879 791 941; x_wconf 83' lang='grc' dir='ltr'>Δαρεῖος</span> <span class='ocrx_word' id='word_1_81' title='bbox 821 875 1139 927; x_wconf 84' lang='grc' dir='ltr'>ἀπεδείκνυτο</span> <span class='ocrx_word' id='word_1_82' title='bbox 1171 876 1389 942; x_wconf 90' lang='grc' dir='ltr'>γνώμην,</span> <span class='ocrx_word' id='word_1_83' title='bbox 1421 875 1604 943; x_wconf 89' lang='grc' dir='ltr'>λέγων·</span> <span class='ocrx_word' id='word_1_84' title='bbox 1647 877 1792 942; x_wconf 87' lang='grc' dir='ltr'>Ἐμοὶ</span> <span class='ocrx_word' id='word_1_85' title='bbox 1823 881 1876 930; x_wconf 82' lang='grc' dir='ltr'>δὲ</span> <span class='ocrx_word' id='word_1_86' title='bbox 1904 880 1969 929; x_wconf 79' lang='grc' dir='ltr'>τὰ</span> 
     </span>
     <span class='ocr_line' id='line_1_11' title="bbox 294 957 2040 1029; baseline 0.003 -19"><span class='ocrx_word' id='word_1_87' title='bbox 294 962 386 1024; x_wconf 82' lang='grc' dir='ltr'>μὲν</span> <span class='ocrx_word' id='word_1_88' title='bbox 432 958 541 1011; x_wconf 75' lang='grc' dir='ltr'>εἶπε</span> <span class='ocrx_word' id='word_1_89' title='bbox 588 957 887 1026; x_wconf 78' lang='grc' dir='ltr'>Μεγάβυζος</span> <span class='ocrx_word' id='word_1_90' title='bbox 933 960 983 1012; x_wconf 89' lang='grc' dir='ltr'>ἐς</span> <span class='ocrx_word' id='word_1_91' title='bbox 1030 958 1085 1010; x_wconf 86' lang='grc' dir='ltr'>τὸ</span> <span class='ocrx_word' id='word_1_92' title='bbox 1130 962 1323 1025; x_wconf 88' lang='grc' dir='ltr'>πλῆθος</span> <span class='ocrx_word' id='word_1_93' title='bbox 1371 961 1554 1028; x_wconf 89' lang='grc' dir='ltr'>ἔχοντα</span> <span class='ocrx_word' id='word_1_94' title='bbox 1602 960 1759 1025; x_wconf 74' lang='grc' dir='ltr'>δοκέει</span> <span class='ocrx_word' id='word_1_95' title='bbox 1807 963 1964 1029; x_wconf 85' lang='grc' dir='ltr'>ὀρθῶς</span> <span class='ocrx_word' id='word_1_96' title='bbox 1993 987 2040 1016; x_wconf 88' lang='grc' dir='ltr'>ιο</span> 
     </span>
     <span class='ocr_line' id='line_1_12' title="bbox 295 1042 1960 1113; baseline 0.002 -18"><span class='ocrx_word' id='word_1_97' title='bbox 295 1042 455 1108; x_wconf 81' lang='grc' dir='ltr'>λέξαι,</span> <span class='ocrx_word' id='word_1_98' title='bbox 489 1045 550 1094; x_wconf 77' lang='grc' dir='ltr'>τὰ</span> <span class='ocrx_word' id='word_1_99' title='bbox 581 1045 633 1095; x_wconf 84' lang='grc' dir='ltr'>δὲ</span> <span class='ocrx_word' id='word_1_100' title='bbox 670 1044 721 1096; x_wconf 91' lang='grc' dir='ltr'>ἐς</span> <span class='ocrx_word' id='word_1_101' title='bbox 751 1044 1048 1111; x_wconf 87' lang='grc' dir='ltr'>ὀλιγαρχίην</span> <span class='ocrx_word' id='word_1_102' title='bbox 1079 1043 1166 1094; x_wconf 82' lang='grc' dir='ltr'>οὐκ</span> <span class='ocrx_word' id='word_1_103' title='bbox 1201 1045 1372 1110; x_wconf 86' lang='grc' dir='ltr'>ὀρθῶς.</span> <span class='ocrx_word' id='word_1_104' title='bbox 1461 1049 1609 1111; x_wconf 84' lang='grc' dir='ltr'>τριῶν</span> <span class='ocrx_word' id='word_1_105' title='bbox 1639 1047 1735 1113; x_wconf 78' lang='grc' dir='ltr'>γὰρ</span> <span class='ocrx_word' id='word_1_106' title='bbox 1765 1067 1960 1112; x_wconf 84' lang='grc' dir='ltr'>προκει-</span> 
     </span>
     <span class='ocr_line' id='line_1_13' title="bbox 295 1126 1964 1197; baseline 0.003 -18"><span class='ocrx_word' id='word_1_107' title='bbox 295 1127 459 1192; x_wconf 89' lang='grc' dir='ltr'>μένων</span> <span class='ocrx_word' id='word_1_108' title='bbox 508 1128 587 1179; x_wconf 84' lang='grc' dir='ltr'>καὶ</span> <span class='ocrx_word' id='word_1_109' title='bbox 635 1126 835 1179; x_wconf 89' lang='grc' dir='ltr'>πάντων</span> <span class='ocrx_word' id='word_1_110' title='bbox 880 1131 948 1197; x_wconf 79' lang='grc' dir='ltr'>τῷ</span> <span class='ocrx_word' id='word_1_111' title='bbox 1000 1128 1137 1197; x_wconf 81' lang='grc' dir='ltr'>λόγῳ</span> <span class='ocrx_word' id='word_1_112' title='bbox 1187 1129 1406 1195; x_wconf 90' lang='grc' dir='ltr'>ἀρίστων</span> <span class='ocrx_word' id='word_1_113' title='bbox 1458 1130 1656 1188; x_wconf 91' lang='grc' dir='ltr'>ἐόντων,</span> <span class='ocrx_word' id='word_1_114' title='bbox 1705 1129 1860 1195; x_wconf 89' lang='grc' dir='ltr'>δήμου</span> <span class='ocrx_word' id='word_1_115' title='bbox 1909 1151 1964 1186; x_wconf 85' lang='grc' dir='ltr'>τε</span> 
     </span>
     <span class='ocr_line' id='line_1_14' title="bbox 297 1211 1963 1283; baseline 0.002 -21"><span class='ocrx_word' id='word_1_116' title='bbox 297 1212 505 1278; x_wconf 86' lang='grc' dir='ltr'>ἀρίστου</span> <span class='ocrx_word' id='word_1_117' title='bbox 525 1211 605 1263; x_wconf 87' lang='grc' dir='ltr'>καὶ</span> <span class='ocrx_word' id='word_1_118' title='bbox 625 1213 919 1279; x_wconf 89' lang='grc' dir='ltr'>ὀλιγαρχίης</span> <span class='ocrx_word' id='word_1_119' title='bbox 939 1212 1018 1263; x_wconf 87' lang='grc' dir='ltr'>καὶ</span> <span class='ocrx_word' id='word_1_120' title='bbox 1041 1211 1337 1280; x_wconf 89' lang='grc' dir='ltr'>μουνάρχου,</span> <span class='ocrx_word' id='word_1_121' title='bbox 1360 1218 1536 1283; x_wconf 78' lang='grc' dir='ltr'>πολλῷ</span> <span class='ocrx_word' id='word_1_122' title='bbox 1560 1218 1706 1266; x_wconf 82' lang='grc' dir='ltr'>τοῦτο</span> <span class='ocrx_word' id='word_1_123' title='bbox 1730 1213 1963 1283; x_wconf 87' lang='grc' dir='ltr'>προέχειν</span> 
     </span>
     <span class='ocr_line' id='line_1_15' title="bbox 233 1294 1961 1365; baseline 0.001 -16"><span class='ocrx_word' id='word_1_124' title='bbox 233 1319 256 1349; x_wconf 90' lang='lat'><strong>2</strong></span> <span class='ocrx_word' id='word_1_125' title='bbox 295 1294 447 1363; x_wconf 92' lang='grc' dir='ltr'>λέγω.</span> <span class='ocrx_word' id='word_1_126' title='bbox 511 1296 685 1363; x_wconf 85' lang='grc' dir='ltr'>ἀνδρὸς</span> <span class='ocrx_word' id='word_1_127' title='bbox 708 1298 803 1363; x_wconf 80' lang='grc' dir='ltr'>γὰρ</span> <span class='ocrx_word' id='word_1_128' title='bbox 823 1295 934 1350; x_wconf 84' lang='grc' dir='ltr'>ἑνὸς</span> <span class='ocrx_word' id='word_1_129' title='bbox 956 1300 1043 1347; x_wconf 81' lang='grc' dir='ltr'>τοῦ</span> <span class='ocrx_word' id='word_1_130' title='bbox 1066 1297 1271 1362; x_wconf 85' lang='grc' dir='ltr'>ἀρίστου</span> <span class='ocrx_word' id='word_1_131' title='bbox 1295 1297 1437 1349; x_wconf 83' lang='grc' dir='ltr'>οὐδὲν</span> <span class='ocrx_word' id='word_1_132' title='bbox 1460 1296 1662 1362; x_wconf 85' lang='grc' dir='ltr'>ἄμεινον</span> <span class='ocrx_word' id='word_1_133' title='bbox 1682 1297 1744 1350; x_wconf 82' lang='grc' dir='ltr'>ἂν</span> <span class='ocrx_word' id='word_1_134' title='bbox 1763 1300 1961 1365; x_wconf 89' lang='grc' dir='ltr'>φανείη·</span> 
     </span>
     <span class='ocr_line' id='line_1_16' title="bbox 295 1379 2038 1452; baseline 0.003 -21"><span class='ocrx_word' id='word_1_135' title='bbox 295 1380 467 1452; x_wconf 86' lang='grc' dir='ltr'>γνώμῃ</span> <span class='ocrx_word' id='word_1_136' title='bbox 490 1382 584 1448; x_wconf 80' lang='grc' dir='ltr'>γὰρ</span> <span class='ocrx_word' id='word_1_137' title='bbox 608 1380 809 1451; x_wconf 83' lang='grc' dir='ltr'>τοιαύτῃ</span> <span class='ocrx_word' id='word_1_138' title='bbox 839 1379 1121 1448; x_wconf 89' lang='grc' dir='ltr'>χρεώμενος</span> <span class='ocrx_word' id='word_1_139' title='bbox 1153 1381 1462 1447; x_wconf 83' lang='grc' dir='ltr'>ἐπιτροπεύοι</span> <span class='ocrx_word' id='word_1_140' title='bbox 1492 1381 1553 1433; x_wconf 83' lang='grc' dir='ltr'>ἂν</span> <span class='ocrx_word' id='word_1_141' title='bbox 1585 1380 1859 1447; x_wconf 84' lang='grc' dir='ltr'>ἀμωμήτως</span> <span class='ocrx_word' id='word_1_142' title='bbox 1879 1386 1965 1434; x_wconf 84' lang='grc' dir='ltr'>τοῦ</span> <span class='ocrx_word' id='word_1_143' title='bbox 1993 1407 2038 1449; x_wconf 88' lang='lat'>15</span> 
     </span>
     <span class='ocr_line' id='line_1_17' title="bbox 295 1462 1964 1534; baseline 0.003 -19"><span class='ocrx_word' id='word_1_144' title='bbox 295 1462 529 1529; x_wconf 89' lang='grc' dir='ltr'>πλήθεος,</span> <span class='ocrx_word' id='word_1_145' title='bbox 571 1463 759 1534; x_wconf 80' lang='grc' dir='ltr'>σιγῷτό</span> <span class='ocrx_word' id='word_1_146' title='bbox 792 1485 847 1516; x_wconf 95' lang='grc' dir='ltr'>τε</span> <span class='ocrx_word' id='word_1_147' title='bbox 886 1463 947 1516; x_wconf 85' lang='grc' dir='ltr'>ἂν</span> <span class='ocrx_word' id='word_1_148' title='bbox 986 1463 1307 1530; x_wconf 84' lang='grc' dir='ltr'>βουλεύματα</span> <span class='ocrx_word' id='word_1_149' title='bbox 1349 1466 1430 1517; x_wconf 89' lang='grc' dir='ltr'>ἐπὶ</span> <span class='ocrx_word' id='word_1_150' title='bbox 1470 1465 1745 1530; x_wconf 90' lang='grc' dir='ltr'>δυσμενέας</span> <span class='ocrx_word' id='word_1_151' title='bbox 1782 1465 1964 1532; x_wconf 81' lang='grc' dir='ltr'>ἄνδρας</span> 
     </span>
     <span class='ocr_line' id='line_1_18' title="bbox 234 1547 1964 1620; baseline 0.002 -21"><span class='ocrx_word' id='word_1_152' title='bbox 234 1572 258 1615; x_wconf 88' lang='lat'>3</span> <span class='ocrx_word' id='word_1_153' title='bbox 297 1549 422 1600; x_wconf 80' lang='grc' dir='ltr'>οὕτω</span> <span class='ocrx_word' id='word_1_154' title='bbox 445 1547 683 1613; x_wconf 89' lang='grc' dir='ltr'>μάλιστα.</span> <span class='ocrx_word' id='word_1_155' title='bbox 751 1549 805 1600; x_wconf 89' lang='grc' dir='ltr'>ἐν</span> <span class='ocrx_word' id='word_1_156' title='bbox 829 1550 882 1600; x_wconf 79' lang='grc' dir='ltr'>δὲ</span> <span class='ocrx_word' id='word_1_157' title='bbox 904 1549 1172 1620; x_wconf 80' lang='grc' dir='ltr'>ὀλιγαρχίῃ</span> <span class='ocrx_word' id='word_1_158' title='bbox 1196 1553 1437 1601; x_wconf 86' lang='grc' dir='ltr'>πολλοῖσι</span> <span class='ocrx_word' id='word_1_159' title='bbox 1461 1549 1638 1615; x_wconf 82' lang='grc' dir='ltr'>ἀρετὴν</span> <span class='ocrx_word' id='word_1_160' title='bbox 1662 1549 1964 1603; x_wconf 85' lang='grc' dir='ltr'>ἐπασκέουσι</span> 
     </span>
     <span class='ocr_line' id='line_1_19' title="bbox 296 1631 1962 1702; baseline 0.001 -18"><span class='ocrx_word' id='word_1_161' title='bbox 296 1635 347 1687; x_wconf 90' lang='grc' dir='ltr'>ἐς</span> <span class='ocrx_word' id='word_1_162' title='bbox 369 1631 427 1684; x_wconf 86' lang='grc' dir='ltr'>τὸ</span> <span class='ocrx_word' id='word_1_163' title='bbox 453 1632 616 1685; x_wconf 88' lang='grc' dir='ltr'>κοινὸν</span> <span class='ocrx_word' id='word_1_164' title='bbox 642 1633 794 1701; x_wconf 86' lang='grc' dir='ltr'>ἔχθεα</span> <span class='ocrx_word' id='word_1_165' title='bbox 816 1634 918 1684; x_wconf 80' lang='grc' dir='ltr'>ἴδια</span> <span class='ocrx_word' id='word_1_166' title='bbox 942 1634 1125 1701; x_wconf 75' lang='grc' dir='ltr'>ἰσχυρὰ</span> <span class='ocrx_word' id='word_1_167' title='bbox 1149 1631 1316 1700; x_wconf 90' lang='grc' dir='ltr'>φιλέει</span> <span class='ocrx_word' id='word_1_168' title='bbox 1348 1634 1653 1700; x_wconf 85' lang='grc' dir='ltr'>ἐγγίνεσθαι·</span> <span class='ocrx_word' id='word_1_169' title='bbox 1699 1633 1845 1688; x_wconf 81' lang='grc' dir='ltr'>αὐτὸς</span> <span class='ocrx_word' id='word_1_170' title='bbox 1866 1636 1962 1702; x_wconf 77' lang='grc' dir='ltr'>γὰρ</span> 
     </span>
     <span class='ocr_line' id='line_1_20' title="bbox 297 1715 1963 1789; baseline 0.001 -20"><span class='ocrx_word' id='word_1_171' title='bbox 297 1717 507 1771; x_wconf 83' lang='grc' dir='ltr'>ἕκαστος</span> <span class='ocrx_word' id='word_1_172' title='bbox 545 1717 856 1782; x_wconf 83' lang='grc' dir='ltr'>βουλόμενος</span> <span class='ocrx_word' id='word_1_173' title='bbox 896 1720 1162 1783; x_wconf 86' lang='grc' dir='ltr'>κορυφαῖος</span> <span class='ocrx_word' id='word_1_174' title='bbox 1204 1715 1330 1768; x_wconf 80' lang='grc' dir='ltr'>εἶναι</span> <span class='ocrx_word' id='word_1_175' title='bbox 1366 1717 1602 1789; x_wconf 82' lang='grc' dir='ltr'>γνώμῃσί</span> <span class='ocrx_word' id='word_1_176' title='bbox 1638 1738 1690 1770; x_wconf 91' lang='grc' dir='ltr'>τε</span> <span class='ocrx_word' id='word_1_177' title='bbox 1729 1721 1870 1770; x_wconf 86' lang='grc' dir='ltr'>νικᾶν</span> <span class='ocrx_word' id='word_1_178' title='bbox 1911 1720 1963 1772; x_wconf 91' lang='grc' dir='ltr'>ἐς</span> 
     </span>
     <span class='ocr_line' id='line_1_21' title="bbox 297 1798 2040 1870; baseline 0 -17"><span class='ocrx_word' id='word_1_179' title='bbox 297 1802 450 1869; x_wconf 80' lang='grc' dir='ltr'>ἔχθεα</span> <span class='ocrx_word' id='word_1_180' title='bbox 484 1800 683 1868; x_wconf 90' lang='grc' dir='ltr'>μεγάλα</span> <span class='ocrx_word' id='word_1_181' title='bbox 719 1798 992 1865; x_wconf 90' lang='grc' dir='ltr'>ἀλλήλοισι</span> <span class='ocrx_word' id='word_1_182' title='bbox 1029 1799 1361 1860; x_wconf 87' lang='grc' dir='ltr'>ἀπικνέονται,</span> <span class='ocrx_word' id='word_1_183' title='bbox 1395 1799 1453 1866; x_wconf 83' lang='grc' dir='ltr'>ἐξ</span> <span class='ocrx_word' id='word_1_184' title='bbox 1482 1803 1552 1853; x_wconf 84' lang='grc' dir='ltr'>ῶν</span> <span class='ocrx_word' id='word_1_185' title='bbox 1583 1800 1790 1856; x_wconf 85' lang='grc' dir='ltr'>στάσιες</span> <span class='ocrx_word' id='word_1_186' title='bbox 1826 1803 1960 1870; x_wconf 86' lang='grc' dir='ltr'>ἐγγί-</span> <span class='ocrx_word' id='word_1_187' title='bbox 1990 1825 2040 1853; x_wconf 85' lang='lat'>20</span> 
     </span>
     <span class='ocr_line' id='line_1_22' title="bbox 296 1884 1964 1953; baseline 0.002 -17"><span class='ocrx_word' id='word_1_188' title='bbox 296 1899 482 1944; x_wconf 74' lang='grc' dir='ltr'>νονται,</span> <span class='ocrx_word' id='word_1_189' title='bbox 510 1887 563 1937; x_wconf 87' lang='grc' dir='ltr'>ἐκ</span> <span class='ocrx_word' id='word_1_190' title='bbox 594 1888 647 1937; x_wconf 83' lang='grc' dir='ltr'>δὲ</span> <span class='ocrx_word' id='word_1_191' title='bbox 676 1889 774 1936; x_wconf 92' lang='grc' dir='ltr'>τῶν</span> <span class='ocrx_word' id='word_1_192' title='bbox 806 1884 1030 1936; x_wconf 90' lang='grc' dir='ltr'>στασίων</span> <span class='ocrx_word' id='word_1_193' title='bbox 1054 1885 1227 1951; x_wconf 90' lang='grc' dir='ltr'>φόνος,</span> <span class='ocrx_word' id='word_1_194' title='bbox 1255 1886 1309 1936; x_wconf 87' lang='grc' dir='ltr'>ἐκ</span> <span class='ocrx_word' id='word_1_195' title='bbox 1341 1887 1395 1937; x_wconf 81' lang='grc' dir='ltr'>δὲ</span> <span class='ocrx_word' id='word_1_196' title='bbox 1423 1889 1511 1937; x_wconf 84' lang='grc' dir='ltr'>τοῦ</span> <span class='ocrx_word' id='word_1_197' title='bbox 1532 1886 1692 1953; x_wconf 90' lang='grc' dir='ltr'>φόνου</span> <span class='ocrx_word' id='word_1_198' title='bbox 1720 1885 1888 1951; x_wconf 86' lang='grc' dir='ltr'>ἀπέβη</span> <span class='ocrx_word' id='word_1_199' title='bbox 1912 1887 1964 1941; x_wconf 88' lang='grc' dir='ltr'>ἐς</span> 
     </span>
     <span class='ocr_line' id='line_1_23' title="bbox 295 1967 1960 2039; baseline 0.001 -19"><span class='ocrx_word' id='word_1_200' title='bbox 295 1970 621 2038; x_wconf 86' lang='grc' dir='ltr'>μουναρχίην,</span> <span class='ocrx_word' id='word_1_201' title='bbox 656 1968 734 2020; x_wconf 85' lang='grc' dir='ltr'>καὶ</span> <span class='ocrx_word' id='word_1_202' title='bbox 771 1970 827 2020; x_wconf 92' lang='grc' dir='ltr'>ἐν</span> <span class='ocrx_word' id='word_1_203' title='bbox 861 1968 1018 2038; x_wconf 84' lang='grc' dir='ltr'>τούτῳ</span> <span class='ocrx_word' id='word_1_204' title='bbox 1055 1967 1240 2034; x_wconf 83' lang='grc' dir='ltr'>διέδεξε</span> <span class='ocrx_word' id='word_1_205' title='bbox 1274 1969 1379 2039; x_wconf 78' lang='grc' dir='ltr'>ὅσῳ</span> <span class='ocrx_word' id='word_1_206' title='bbox 1418 1968 1529 2021; x_wconf 84' lang='grc' dir='ltr'>ἐστὶ</span> <span class='ocrx_word' id='word_1_207' title='bbox 1557 1974 1702 2022; x_wconf 85' lang='grc' dir='ltr'>τοῦτο</span> <span class='ocrx_word' id='word_1_208' title='bbox 1737 1968 1960 2037; x_wconf 82' lang='grc' dir='ltr'>ἄριστον.</span> 
     </span>
     <span class='ocr_line' id='line_1_24' title="bbox 232 2052 2098 2129; baseline 0 -25"><span class='ocrx_word' id='word_1_209' title='bbox 232 2076 258 2116; x_wconf 83' lang='grc'>4</span> <span class='ocrx_word' id='word_1_210' title='bbox 297 2052 452 2118; x_wconf 88' lang='grc' dir='ltr'>δήμου</span> <span class='ocrx_word' id='word_1_211' title='bbox 483 2075 538 2105; x_wconf 95' lang='grc' dir='ltr'>τε</span> <span class='ocrx_word' id='word_1_212' title='bbox 568 2054 629 2105; x_wconf 73' lang='grc' dir='ltr'>αὗ</span> <span class='ocrx_word' id='word_1_213' title='bbox 661 2052 902 2121; x_wconf 85' lang='grc' dir='ltr'>ἄρχοντος</span> <span class='ocrx_word' id='word_1_214' title='bbox 938 2052 1154 2104; x_wconf 88' lang='grc' dir='ltr'>ἀδύνατα</span> <span class='ocrx_word' id='word_1_215' title='bbox 1188 2052 1254 2118; x_wconf 77' lang='grc' dir='ltr'>μὴ</span> <span class='ocrx_word' id='word_1_216' title='bbox 1286 2052 1344 2105; x_wconf 82' lang='grc' dir='ltr'>οὗ</span> <span class='ocrx_word' id='word_1_217' title='bbox 1375 2054 1619 2118; x_wconf 68' lang='grc' dir='ltr'>κακότητα</span> <span class='ocrx_word' id='word_1_218' title='bbox 1658 2054 2098 2129; x_wconf 58' lang='grc' dir='ltr'>ἐγγίνεσθαιὛυΔΙ]</span> 
     </span>
     <span class='ocr_line' id='line_1_25' title="bbox 299 2120 2098 2205; baseline 0.001 -17"><span class='ocrx_word' id='word_1_219' title='bbox 299 2138 566 2202; x_wconf 90' lang='grc' dir='ltr'>κακότητος</span> <span class='ocrx_word' id='word_1_220' title='bbox 610 2139 775 2189; x_wconf 92' lang='grc' dir='ltr'>τοίνυν</span> <span class='ocrx_word' id='word_1_221' title='bbox 813 2135 1136 2204; x_wconf 88' lang='grc' dir='ltr'>ἐγγινομένης</span> <span class='ocrx_word' id='word_1_222' title='bbox 1178 2138 1228 2191; x_wconf 85' lang='grc' dir='ltr'>ἐς</span> <span class='ocrx_word' id='word_1_223' title='bbox 1268 2139 1329 2189; x_wconf 80' lang='grc' dir='ltr'>τὰ</span> <span class='ocrx_word' id='word_1_224' title='bbox 1375 2139 1512 2189; x_wconf 78' lang='grc' dir='ltr'>κοινὰ</span> <span class='ocrx_word' id='word_1_225' title='bbox 1552 2137 1703 2205; x_wconf 87' lang='grc' dir='ltr'>ἔχθεα</span> <span class='ocrx_word' id='word_1_226' title='bbox 1743 2139 1835 2203; x_wconf 81' lang='grc' dir='ltr'>μὲν</span> <span class='ocrx_word' id='word_1_227' title='bbox 1873 2137 1960 2189; x_wconf 82' lang='grc' dir='ltr'>οὐκ</span> <span class='ocrx_word' id='word_1_228' title='bbox 2063 2120 2098 2163; x_wconf 62' lang='lat'>⁶⁸</span> 
     </span>
     <span class='ocr_line' id='line_1_26' title="bbox 44 2221 2036 2298; baseline 0.001 -26"><span class='ocrx_word' id='word_1_229' title='bbox 44 2289 58 2298; x_wconf 44' lang='lat'><strong>·</strong></span> <span class='ocrx_word' id='word_1_230' title='bbox 298 2222 551 2288; x_wconf 87' lang='grc' dir='ltr'>ἐγγίνεται</span> <span class='ocrx_word' id='word_1_231' title='bbox 573 2226 706 2273; x_wconf 80' lang='grc' dir='ltr'>τοῖσι</span> <span class='ocrx_word' id='word_1_232' title='bbox 731 2224 943 2280; x_wconf 82' lang='grc' dir='ltr'>κακοῖσι,</span> <span class='ocrx_word' id='word_1_233' title='bbox 971 2221 1138 2287; x_wconf 90' lang='grc' dir='ltr'>φιλίαι</span> <span class='ocrx_word' id='word_1_234' title='bbox 1170 2223 1223 2273; x_wconf 82' lang='grc' dir='ltr'>δὲ</span> <span class='ocrx_word' id='word_1_235' title='bbox 1248 2222 1466 2289; x_wconf 83' lang='grc' dir='ltr'>ἰσχυραί·</span> <span class='ocrx_word' id='word_1_236' title='bbox 1512 2223 1557 2273; x_wconf 82' lang='grc' dir='ltr'>οἳ</span> <span class='ocrx_word' id='word_1_237' title='bbox 1581 2222 1676 2289; x_wconf 79' lang='grc' dir='ltr'>γὰρ</span> <span class='ocrx_word' id='word_1_238' title='bbox 1701 2225 1961 2276; x_wconf 86' lang='grc' dir='ltr'>κακοῦντες</span> <span class='ocrx_word' id='word_1_239' title='bbox 1988 2244 2036 2286; x_wconf 86' lang='lat'>25</span> 
     </span>
     <span class='ocr_line' id='line_1_27' title="bbox 0 2284 1962 2398; baseline -0.002 -38"><span class='ocrx_word' id='word_1_240' title='bbox 0 2284 265 2398; x_wconf 41' lang='lat'>³⁸55&amp;</span> <span class='ocrx_word' id='word_1_241' title='bbox 296 2308 359 2357; x_wconf 78' lang='grc' dir='ltr'>τὰ</span> <span class='ocrx_word' id='word_1_242' title='bbox 401 2307 540 2358; x_wconf 85' lang='grc' dir='ltr'>κοινὰ</span> <span class='ocrx_word' id='word_1_243' title='bbox 580 2305 933 2376; x_wconf 51' lang='grc' dir='ltr'>συγκύκζριντες</span> <span class='ocrx_word' id='word_1_244' title='bbox 970 2309 1184 2357; x_wconf 84' lang='grc' dir='ltr'>ποιεῦσι.</span> <span class='ocrx_word' id='word_1_245' title='bbox 1272 2309 1418 2357; x_wconf 83' lang='grc' dir='ltr'>τοῦτο</span> <span class='ocrx_word' id='word_1_246' title='bbox 1454 2307 1506 2357; x_wconf 85' lang='grc' dir='ltr'>δὲ</span> <span class='ocrx_word' id='word_1_247' title='bbox 1541 2309 1734 2357; x_wconf 85' lang='grc' dir='ltr'>τοιοῦτο</span> <span class='ocrx_word' id='word_1_248' title='bbox 1770 2307 1962 2373; x_wconf 91' lang='grc' dir='ltr'>γίνεται</span> 
     </span>
     <span class='ocr_line' id='line_1_28' title="bbox 298 2387 1960 2461; baseline 0 -20"><span class='ocrx_word' id='word_1_249' title='bbox 298 2391 349 2443; x_wconf 89' lang='grc' dir='ltr'>ἐς</span> <span class='ocrx_word' id='word_1_250' title='bbox 379 2388 406 2441; x_wconf 85' lang='grc' dir='ltr'><strong>ὃ</strong></span> <span class='ocrx_word' id='word_1_251' title='bbox 436 2389 497 2442; x_wconf 79' lang='grc' dir='ltr'>ἂν</span> <span class='ocrx_word' id='word_1_252' title='bbox 528 2388 748 2456; x_wconf 88' lang='grc' dir='ltr'>προστάς</span> <span class='ocrx_word' id='word_1_253' title='bbox 779 2410 853 2443; x_wconf 89' lang='grc' dir='ltr'>τις</span> <span class='ocrx_word' id='word_1_254' title='bbox 882 2393 969 2440; x_wconf 82' lang='grc' dir='ltr'>τοῦ</span> <span class='ocrx_word' id='word_1_255' title='bbox 1000 2387 1154 2453; x_wconf 88' lang='grc' dir='ltr'>δήμου</span> <span class='ocrx_word' id='word_1_256' title='bbox 1177 2389 1291 2442; x_wconf 88' lang='grc' dir='ltr'>τοὺς</span> <span class='ocrx_word' id='word_1_257' title='bbox 1315 2389 1564 2443; x_wconf 83' lang='grc' dir='ltr'>τοιούτους</span> <span class='ocrx_word' id='word_1_258' title='bbox 1593 2389 1777 2461; x_wconf 84' lang='grc' dir='ltr'>παύσῃ·</span> <span class='ocrx_word' id='word_1_259' title='bbox 1823 2391 1878 2441; x_wconf 92' lang='grc' dir='ltr'>ἐκ</span> <span class='ocrx_word' id='word_1_260' title='bbox 1907 2392 1960 2442; x_wconf 83' lang='grc' dir='ltr'>δὲ</span> 
     </span>
    </p>
   </div>
   <div class='ocr_carea' id='block_1_3' title="bbox 355 2524 1962 2586">
    <p class='ocr_par' dir='ltr' id='par_1_3' title="bbox 355 2524 1962 2586">
     <span class='ocr_line' id='line_1_29' title="bbox 355 2524 1962 2586; baseline 0.001 -21"><span class='ocrx_word' id='word_1_261' title='bbox 355 2539 373 2565; x_wconf 93' lang='lat'>1</span> <span class='ocrx_word' id='word_1_262' title='bbox 404 2543 516 2579; x_wconf 77' lang='grc' dir='ltr'>γιγν.</span> <span class='ocrx_word' id='word_1_263' title='bbox 539 2526 579 2565; x_wconf 91' lang='lat' dir='ltr'>R</span> <span class='ocrx_word' id='word_1_264' title='bbox 692 2524 801 2578; x_wconf 83' lang='grc' dir='ltr'>οὐδὲ]</span> <span class='ocrx_word' id='word_1_265' title='bbox 826 2528 870 2566; x_wconf 82' lang='grc' dir='ltr'>οὐ</span> <span class='ocrx_word' id='word_1_266' title='bbox 892 2525 932 2564; x_wconf 88' lang='grc' dir='ltr'><strong>Α</strong></span> <span class='ocrx_word' id='word_1_267' title='bbox 949 2525 983 2564; x_wconf 91' lang='grc' dir='ltr'>Β</span> <span class='ocrx_word' id='word_1_268' title='bbox 1000 2525 1033 2564; x_wconf 89' lang='lat' dir='ltr'>C</span> <span class='ocrx_word' id='word_1_269' title='bbox 1050 2525 1079 2564; x_wconf 85' lang='lat' dir='ltr'>S</span> <span class='ocrx_word' id='word_1_270' title='bbox 1192 2539 1217 2565; x_wconf 90' lang='lat'><em>2</em></span> <span class='ocrx_word' id='word_1_271' title='bbox 1245 2525 1366 2586; x_wconf 45' lang='lat' dir='ltr'>ffie&#39;R</span> <span class='ocrx_word' id='word_1_272' title='bbox 1489 2526 1571 2567; x_wconf 84' lang='grc' dir='ltr'>οὐδ’</span> <span class='ocrx_word' id='word_1_273' title='bbox 1593 2526 1674 2566; x_wconf 84' lang='lat' dir='ltr'><strong>del.</strong></span> <span class='ocrx_word' id='word_1_274' title='bbox 1696 2525 1962 2566; x_wconf 80' lang='lat' dir='ltr'>Valckenaer</span> 
     </span>
    </p>
   </div>
   <div class='ocr_carea' id='block_1_4' title="bbox 296 2589 1962 2756">
    <p class='ocr_par' dir='ltr' id='par_1_4' title="bbox 296 2589 1962 2756">
     <span class='ocr_line' id='line_1_30' title="bbox 296 2589 1962 2646; baseline -0.001 -11"><span class='ocrx_word' id='word_1_275' title='bbox 296 2608 321 2644; x_wconf 86' lang='lat'><strong>3</strong></span> <span class='ocrx_word' id='word_1_276' title='bbox 353 2596 531 2646; x_wconf 82' lang='grc' dir='ltr'>ἐμπεσὸν</span> <span class='ocrx_word' id='word_1_277' title='bbox 552 2595 589 2632; x_wconf 89' lang='grc' dir='ltr'>Α</span> <span class='ocrx_word' id='word_1_278' title='bbox 605 2594 639 2632; x_wconf 88' lang='grc' dir='ltr'>Β</span> <span class='ocrx_word' id='word_1_279' title='bbox 864 2607 888 2644; x_wconf 92' lang='lat'>4</span> <span class='ocrx_word' id='word_1_280' title='bbox 919 2596 1077 2635; x_wconf 71' lang='grc' dir='ltr'>εἴκελος</span> <span class='ocrx_word' id='word_1_281' title='bbox 1099 2593 1132 2631; x_wconf 91' lang='grc' dir='ltr'>Β</span> <span class='ocrx_word' id='word_1_282' title='bbox 1149 2593 1181 2632; x_wconf 92' lang='lat' dir='ltr'>C</span> <span class='ocrx_word' id='word_1_283' title='bbox 1198 2594 1253 2634; x_wconf 91' lang='lat' dir='ltr'>P:</span> <span class='ocrx_word' id='word_1_284' title='bbox 1286 2589 1442 2645; x_wconf 62' lang='lat' dir='ltr'>e’c‘tc‘MJ&#39;os</span> <span class='ocrx_word' id='word_1_285' title='bbox 1464 2593 1504 2633; x_wconf 91' lang='lat' dir='ltr'><strong>A</strong></span> <span class='ocrx_word' id='word_1_286' title='bbox 1669 2598 1799 2636; x_wconf 85' lang='grc' dir='ltr'>κακῶς</span> <span class='ocrx_word' id='word_1_287' title='bbox 1824 2594 1865 2633; x_wconf 92' lang='lat' dir='ltr'><strong>R</strong></span> <span class='ocrx_word' id='word_1_288' title='bbox 1879 2593 1962 2633; x_wconf 91' lang='lat' dir='ltr'>SV</span> 
     </span>
     <span class='ocr_line' id='line_1_31' title="bbox 296 2648 1961 2701; baseline 0.002 -14"><span class='ocrx_word' id='word_1_289' title='bbox 296 2652 323 2687; x_wconf 90' lang='lat'><strong>6</strong></span> <span class='ocrx_word' id='word_1_290' title='bbox 351 2649 497 2700; x_wconf 82' lang='grc' dir='ltr'>κάρτος</span> <span class='ocrx_word' id='word_1_291' title='bbox 520 2649 555 2688; x_wconf 95' lang='grc' dir='ltr'>Β</span> <span class='ocrx_word' id='word_1_292' title='bbox 737 2661 758 2697; x_wconf 93' lang='grc'><strong>7</strong></span> <span class='ocrx_word' id='word_1_293' title='bbox 791 2648 855 2699; x_wconf 83' lang='grc' dir='ltr'>δὲ]</span> <span class='ocrx_word' id='word_1_294' title='bbox 877 2665 923 2689; x_wconf 85' lang='grc' dir='ltr'>τε</span> <span class='ocrx_word' id='word_1_295' title='bbox 944 2648 984 2687; x_wconf 94' lang='grc' dir='ltr'>Α</span> <span class='ocrx_word' id='word_1_296' title='bbox 1000 2649 1032 2686; x_wconf 89' lang='grc' dir='ltr'>Β</span> <span class='ocrx_word' id='word_1_297' title='bbox 1049 2649 1082 2686; x_wconf 93' lang='lat' dir='ltr'>C</span> <span class='ocrx_word' id='word_1_298' title='bbox 1260 2648 1286 2686; x_wconf 90' lang='lat'>8</span> <span class='ocrx_word' id='word_1_299' title='bbox 1315 2649 1365 2698; x_wconf 79' lang='grc' dir='ltr'>δὴ</span> <span class='ocrx_word' id='word_1_300' title='bbox 1385 2662 1466 2689; x_wconf 92' lang='lat' dir='ltr'>om.</span> <span class='ocrx_word' id='word_1_301' title='bbox 1494 2649 1532 2687; x_wconf 89' lang='lat' dir='ltr'><strong>R</strong></span> <span class='ocrx_word' id='word_1_302' title='bbox 1547 2648 1628 2688; x_wconf 92' lang='lat' dir='ltr'>SV</span> <span class='ocrx_word' id='word_1_303' title='bbox 1795 2650 1961 2701; x_wconf 73' lang='grc' dir='ltr'>γνώμην</span> 
     </span>
     <span class='ocr_line' id='line_1_32' title="bbox 298 2702 1956 2756; baseline -0.001 -14"><span class='ocrx_word' id='word_1_304' title='bbox 298 2717 378 2744; x_wconf 88' lang='lat' dir='ltr'>om.</span> <span class='ocrx_word' id='word_1_305' title='bbox 406 2704 444 2741; x_wconf 88' lang='lat' dir='ltr'>R</span> <span class='ocrx_word' id='word_1_306' title='bbox 461 2703 542 2742; x_wconf 93' lang='lat' dir='ltr'>SV</span> <span class='ocrx_word' id='word_1_307' title='bbox 706 2716 733 2753; x_wconf 92' lang='lat'><strong>9</strong></span> <span class='ocrx_word' id='word_1_308' title='bbox 763 2704 995 2744; x_wconf 84' lang='grc' dir='ltr'>ἀπεδείκνυε</span> <span class='ocrx_word' id='word_1_309' title='bbox 1019 2703 1057 2741; x_wconf 89' lang='lat' dir='ltr'>R</span> <span class='ocrx_word' id='word_1_310' title='bbox 1076 2702 1105 2741; x_wconf 94' lang='lat' dir='ltr'>S</span> <span class='ocrx_word' id='word_1_311' title='bbox 1122 2703 1161 2741; x_wconf 93' lang='lat' dir='ltr'>V</span> <span class='ocrx_word' id='word_1_312' title='bbox 1345 2715 1395 2741; x_wconf 89' lang='lat'>12</span> <span class='ocrx_word' id='word_1_313' title='bbox 1423 2708 1481 2755; x_wconf 78' lang='grc' dir='ltr'>τῷ</span> <span class='ocrx_word' id='word_1_314' title='bbox 1500 2703 1613 2756; x_wconf 84' lang='grc' dir='ltr'>λόγῳ</span> <span class='ocrx_word' id='word_1_315' title='bbox 1635 2702 1751 2742; x_wconf 87' lang='lat' dir='ltr'>Stob.</span> <span class='ocrx_word' id='word_1_316' title='bbox 1777 2703 1864 2742; x_wconf 81' lang='lat' dir='ltr'>ssor.</span> <span class='ocrx_word' id='word_1_317' title='bbox 1889 2715 1956 2754; x_wconf 93' lang='lat'>47,</span> 
     </span>
    </p>
   </div>
   <div class='ocr_carea' id='block_1_5' title="bbox 298 2756 2008 2965">
    <p class='ocr_par' dir='ltr' id='par_1_5' title="bbox 298 2756 2008 2965">
     <span class='ocr_line' id='line_1_33' title="bbox 299 2756 1960 2811; baseline -0.002 -12"><span class='ocrx_word' id='word_1_318' title='bbox 299 2771 373 2807; x_wconf 84' lang='lat'>24:</span> <span class='ocrx_word' id='word_1_319' title='bbox 404 2762 488 2799; x_wconf 82' lang='grc' dir='ltr'>τῶν</span> <span class='ocrx_word' id='word_1_320' title='bbox 507 2758 619 2811; x_wconf 76' lang='grc' dir='ltr'>λέγω</span> <span class='ocrx_word' id='word_1_321' title='bbox 643 2757 676 2795; x_wconf 89' lang='lat' dir='ltr'><strong>L</strong></span> <span class='ocrx_word' id='word_1_322' title='bbox 787 2771 841 2797; x_wconf 89' lang='lat'>20</span> <span class='ocrx_word' id='word_1_323' title='bbox 870 2759 1009 2799; x_wconf 82' lang='grc' dir='ltr'>ἀποκν.</span> <span class='ocrx_word' id='word_1_324' title='bbox 1036 2757 1074 2794; x_wconf 87' lang='lat' dir='ltr'><strong>R</strong></span> <span class='ocrx_word' id='word_1_325' title='bbox 1188 2756 1355 2799; x_wconf 78' lang='grc' dir='ltr'>στάσεις</span> <span class='ocrx_word' id='word_1_326' title='bbox 1377 2757 1467 2797; x_wconf 90' lang='lat' dir='ltr'>RV</span> <span class='ocrx_word' id='word_1_327' title='bbox 1577 2770 1626 2797; x_wconf 85' lang='lat'>21</span> <span class='ocrx_word' id='word_1_328' title='bbox 1661 2756 1848 2799; x_wconf 79' lang='grc' dir='ltr'>στάσεων</span> <span class='ocrx_word' id='word_1_329' title='bbox 1870 2756 1909 2795; x_wconf 93' lang='lat' dir='ltr'>R</span> <span class='ocrx_word' id='word_1_330' title='bbox 1924 2757 1960 2796; x_wconf 96' lang='lat' dir='ltr'>V</span> 
     </span>
     <span class='ocr_line' id='line_1_34' title="bbox 298 2811 2008 2865; baseline -0.001 -15"><span class='ocrx_word' id='word_1_331' title='bbox 298 2826 351 2851; x_wconf 87' lang='lat'>22</span> <span class='ocrx_word' id='word_1_332' title='bbox 381 2812 556 2865; x_wconf 82' lang='grc' dir='ltr'>διέδοξεν</span> <span class='ocrx_word' id='word_1_333' title='bbox 580 2813 617 2850; x_wconf 88' lang='lat' dir='ltr'>R</span> <span class='ocrx_word' id='word_1_334' title='bbox 634 2812 664 2850; x_wconf 90' lang='lat' dir='ltr'>S</span> <span class='ocrx_word' id='word_1_335' title='bbox 788 2823 840 2860; x_wconf 84' lang='lat'>23</span> <span class='ocrx_word' id='word_1_336' title='bbox 869 2812 944 2863; x_wconf 77' lang='grc' dir='ltr'>μὴ]</span> <span class='ocrx_word' id='word_1_337' title='bbox 968 2813 1032 2853; x_wconf 84' lang='grc' dir='ltr'>καὶ</span> <span class='ocrx_word' id='word_1_338' title='bbox 1054 2811 1084 2851; x_wconf 88' lang='lat' dir='ltr'>S</span> <span class='ocrx_word' id='word_1_339' title='bbox 1098 2811 1136 2849; x_wconf 95' lang='lat' dir='ltr'>V</span> <span class='ocrx_word' id='word_1_340' title='bbox 1246 2813 1485 2865; x_wconf 77' lang='grc' dir='ltr'>ἐγγενέσθαι</span> <span class='ocrx_word' id='word_1_341' title='bbox 1505 2811 1547 2850; x_wconf 92' lang='grc' dir='ltr'><strong>Α</strong></span> <span class='ocrx_word' id='word_1_342' title='bbox 1563 2812 1646 2851; x_wconf 87' lang='lat' dir='ltr'>BC</span> <span class='ocrx_word' id='word_1_343' title='bbox 1756 2823 1809 2862; x_wconf 82' lang='lat'>25</span> <span class='ocrx_word' id='word_1_344' title='bbox 1838 2811 1894 2863; x_wconf 78' lang='grc' dir='ltr'>οἱ]</span> <span class='ocrx_word' id='word_1_345' title='bbox 1914 2813 1959 2852; x_wconf 78' lang='grc' dir='ltr'>οὐ</span> <span class='ocrx_word' id='word_1_346' title='bbox 2005 2848 2008 2849; x_wconf 19' lang='lat'><em>⁷</em></span> 
     </span>
     <span class='ocr_line' id='line_1_35' title="bbox 301 2864 1957 2922; baseline 0.001 -17"><span class='ocrx_word' id='word_1_347' title='bbox 301 2867 339 2905; x_wconf 92' lang='lat' dir='ltr'><strong>R</strong></span> <span class='ocrx_word' id='word_1_348' title='bbox 354 2867 392 2905; x_wconf 94' lang='lat' dir='ltr'>V</span> <span class='ocrx_word' id='word_1_349' title='bbox 540 2869 594 2906; x_wconf 88' lang='lat'>26</span> <span class='ocrx_word' id='word_1_350' title='bbox 623 2866 906 2919; x_wconf 76' lang='grc' dir='ltr'>συγκύψαντες</span> <span class='ocrx_word' id='word_1_351' title='bbox 928 2866 1046 2906; x_wconf 87' lang='lat' dir='ltr'>Stob.</span> <span class='ocrx_word' id='word_1_352' title='bbox 1068 2881 1077 2906; x_wconf 80' lang='lat' dir='ltr'><strong><em>z</em></strong></span> <span class='ocrx_word' id='word_1_353' title='bbox 1108 2866 1294 2921; x_wconf 81' lang='grc' dir='ltr'>συγκρίψ.</span> <span class='ocrx_word' id='word_1_354' title='bbox 1322 2867 1359 2905; x_wconf 91' lang='lat' dir='ltr'>R</span> <span class='ocrx_word' id='word_1_355' title='bbox 1376 2867 1405 2906; x_wconf 89' lang='lat' dir='ltr'>S</span> <span class='ocrx_word' id='word_1_356' title='bbox 1425 2880 1434 2905; x_wconf 92' lang='lat'>:</span> <span class='ocrx_word' id='word_1_357' title='bbox 1465 2865 1660 2922; x_wconf 78' lang='grc' dir='ltr'>συγκρύψ.</span> <span class='ocrx_word' id='word_1_358' title='bbox 1684 2866 1775 2907; x_wconf 83' lang='lat' dir='ltr'>rell.</span> <span class='ocrx_word' id='word_1_359' title='bbox 1891 2864 1957 2918; x_wconf 85' lang='grc' dir='ltr'>δὲ]</span> 
     </span>
     <span class='ocr_line' id='line_1_36' title="bbox 299 2921 926 2965; baseline -0.003 -2"><span class='ocrx_word' id='word_1_360' title='bbox 299 2921 344 2965; x_wconf 85' lang='grc' dir='ltr'>δὲ</span> <span class='ocrx_word' id='word_1_361' title='bbox 365 2923 414 2962; x_wconf 77' lang='grc' dir='ltr'>τὸ</span> <span class='ocrx_word' id='word_1_362' title='bbox 436 2921 469 2960; x_wconf 91' lang='lat' dir='ltr'>C</span> <span class='ocrx_word' id='word_1_363' title='bbox 581 2925 767 2965; x_wconf 86' lang='grc' dir='ltr'>τοιοῦτον</span> <span class='ocrx_word' id='word_1_364' title='bbox 789 2921 828 2961; x_wconf 91' lang='lat' dir='ltr'>R</span> <span class='ocrx_word' id='word_1_365' title='bbox 844 2921 874 2961; x_wconf 88' lang='lat' dir='ltr'>S</span> <span class='ocrx_word' id='word_1_366' title='bbox 890 2921 926 2961; x_wconf 94' lang='lat' dir='ltr'>V</span> 
     </span>
    </p>
   </div>
  </div>
 </body>
</html>
