2098 3320
732 121 1108 194 ιΣΤοΡΙΩΝ
1184 148 1222 194 Γ

144 274 345 336 ὁλκάδα,
378 273 469 340 τήν
504 276 551 327 οἱ
584 277 797 342 Δαρεῖος
834 273 1204 343 ἐπαγγέλλεται
1241 277 1291 330 ἐς
1327 274 1417 341 τὴν
1454 276 1642 344 δωρεὴν
1676 282 1811 331 τοῖσι

143 361 456 429 ἀδελφεοῖσι,
478 358 712 411 δέκεσθαι
736 359 851 426 ἔφη.
926 359 1273 426 ἐντειλάμενος
1295 362 1348 413 δὲ
1374 361 1452 414 καὶ
1475 362 1631 432 τούτῳ
1656 363 1809 415 ταύτὰ

141 446 169 498 ὁ
201 449 414 512 Δαρεῖος
453 442 762 496 ἀποστέλλει
793 442 970 498 αὐτοὺς
1007 446 1087 497 ἐπὶ
1125 443 1410 497 θάλασσαν.
1501 446 1809 512 καταβάντες

139 532 194 583 δὲ
223 529 358 581 οὗτοι
393 530 443 583 ἐς
475 529 714 593 Φοινίκην
749 529 828 581 καὶ
859 530 1095 594 Φοινίκης
1132 531 1182 583 ἐς
1218 533 1411 582 Σιδῶνα
1446 532 1596 583 πόλιν
1636 530 1809 584 αὐτίκα

1851 151 1944 202 111.
1971 163 2060 214 135

1847 460 1940 519 136

19 682 28 688 ‚
93 637 116 679 5
137 616 230 681 μὲν
268 611 493 682 τριήρεας
537 611 623 664 δύο
670 612 988 680 ἐπλήρωσαν,
1032 612 1132 679 ἅμα
1177 616 1230 666 δὲ
1274 613 1452 688 αὐτῇσι
1495 615 1575 666 καὶ
1619 620 1807 686 γαξξλον
1821 625 2095 663 meum-Ar

138 697 298 766 μέγαν
320 698 568 751 παντοίων
593 698 810 765 ἀγαθῶν·
844 697 1348 765 παρασκευασάμενοι
1368 701 1421 752 δὲ
1440 699 1600 751 πάντα
1625 700 1806 754 ἔπλεον

138 785 190 837 ἐς
225 782 317 848 τὴν
345 781 589 841 Ἑλλάδα,
622 783 993 850 προσίσχοντες
1033 785 1086 834 δὲ
1127 782 1276 847 αὐτῆς
1314 785 1375 836 τὰ
1411 783 1806 850 παραθαλάσσια

138 869 371 933 ἐθηεῦντο
404 867 482 919 καὶ
513 865 885 934 ἀπεγράφοντο,
920 868 970 920 ἐς
1010 866 1036 917 ὃ
1077 869 1137 918 τὰ
1179 870 1347 919 πολλὰ
1382 866 1531 932 αὐτῆς
1572 869 1651 921 καὶ
1691 870 1799 922 ὀνο-

137 952 427 1018 μαστότατα
467 949 771 1017 θεησάμενοι
812 952 1050 1004 ἀπίκοντο
1090 955 1178 1016 τῆς
1217 951 1435 1018 Ἰταλίης
1471 954 1523 1006 ἐς
1551 952 1803 1022 Τάραντα.

66 1055 116 1107 ιο
139 1038 349 1088 ἐνθαῦτα
372 1038 426 1089 δὲ
451 1037 504 1087 ἐκ
534 1035 791 1110 ῥηστώνης
815 1038 901 1100 τῆς
928 1034 1247 1101 Δημοκήδεος
1271 1036 1684 1105 Ἀριστοφιλίδης
1706 1043 1804 1091 τῶν

135 1122 455 1188 Ταραντίνων
500 1122 526 1171 ὁ
570 1120 818 1186 βασιλεὺς
861 1125 1004 1172 τοῦτο
1047 1123 1139 1186 μὲν
1182 1123 1243 1172 τὰ
1287 1120 1507 1186 πηδάλια
1550 1121 1804 1189 παρέλυσε

135 1209 233 1258 τῶν
264 1204 528 1270 Μηδικέων
559 1210 700 1264 νεῶν,
733 1209 878 1256 τοῦτο
909 1207 962 1257 δὲ
993 1204 1167 1258 αὐτοὺς
1197 1204 1310 1259 τοὺς
1341 1205 1545 1272 Πέρσας
1576 1205 1706 1274 εἶρξε
1737 1208 1803 1262 ὡς

138 1290 481 1344 κατασκόπους
517 1292 666 1354 δῆθεν
705 1290 893 1343 ἐόντας·
943 1292 996 1342 ἐν
1033 1288 1068 1359 ᾧ
1098 1292 1152 1342 δὲ
1189 1289 1325 1342 οὗτοι
1363 1294 1516 1342 ταῦτα
1553 1290 1799 1360 ἔπασχον,

136 1375 163 1426 ὁ
189 1372 484 1441 Δημοκήδης
509 1376 558 1428 ἐς
581 1373 671 1439 τὴν
698 1375 935 1442 Κρότωνα
960 1374 1259 1427 ἀπικνέεται.
1335 1374 1611 1442 ἀπιγμένου
1633 1378 1686 1428 δὲ
1709 1375 1799 1442 ἤδη

64 1477 111 1521 15
135 1459 310 1511 τούτου
339 1461 390 1512 ἐς
419 1458 509 1524 τὴν
541 1462 722 1511 ἑωυτοῦ
757 1460 783 1510 ὁ
813 1458 1226 1526 Ἀριστοφιλίδης
1263 1458 1415 1512 ἔλυσε
1450 1459 1565 1514 τοὺς
1599 1458 1802 1528 Πέρσας

137 1545 215 1596 καὶ
259 1545 320 1595 τᾶ
366 1543 628 1611 παρέλαβε
675 1548 774 1595 τῶν
819 1548 944 1595 νεῶν
989 1542 1214 1596 ἀπέδωκέ
1259 1549 1372 1610 σφι.
1461 1543 1701 1598 πλέοντες
1748 1547 1800 1598 δὲ

135 1630 360 1681 ἐνθεῦτεν
400 1631 446 1680 οἱ
484 1627 682 1696 Πέρσαι
724 1629 802 1681 καὶ
843 1629 1104 1682 διώκοντες
1147 1626 1444 1694 Δημοκήδεα
1484 1628 1801 1682 ἀπικνέονται

134 1713 186 1767 ἐς
214 1713 305 1779 τὴν
330 1713 584 1780 Κρότωνα,
613 1714 840 1781 εὑρόντες
864 1712 917 1765 δέ
947 1735 1031 1778 μιν
1057 1712 1363 1781 ἀγοράζοντα
1386 1712 1603 1766 ἅπτοντο
1635 1714 1800 1766 αὐτοῦ.

133 1805 232 1850 τῶν
272 1800 326 1850 δὲ
368 1797 751 1865 Κροτωνιητέων
794 1800 839 1850 οἱ
879 1800 971 1864 μὲν
1014 1796 1436 1865 καταρρωδέοντες
1475 1799 1535 1849 τὰ
1572 1800 1802 1865 Περσικὰ

60 1905 112 1934 20
134 1881 397 1951 πρήγματα
431 1882 656 1950 προϊέναι
695 1883 882 1948 ἕτοιμοι
918 1881 1064 1947 ἦσαν,
1099 1885 1144 1934 οἱ
1185 1885 1238 1934 δὲ
1279 1880 1589 1934 ἀντάπτοντό
1628 1904 1681 1936 τε
1723 1883 1802 1934 καὶ

133 1973 266 2020 τοῖσι
308 1967 606 2020 σκυτάλοισι
647 1968 820 2020 ἔπαιον
856 1967 970 2021 τοὺς
1002 1966 1207 2035 Πέρσας
1243 1965 1640 2034 προϊσχομένους
1679 1967 1802 2019 ἔπεα

132 2050 268 2105 τάδε·.
289 2051 499 2120 Ἄνδρες
521 2055 876 2119 Κροτωνιῆται,
895 2053 1040 2119 ὁρᾶτε
1059 2054 1119 2104 τὰ
1140 2050 1349 2104 ποιέετε·
1381 2050 1535 2118 ἄνδρα
1553 2050 1802 2118 βασιλέος

133 2135 378 2203 δρηπέτην
421 2138 693 2205 γενόμενον
739 2135 1040 2204 ἐξαιρέεσθε.
1131 2136 1209 2188 καὶ
1255 2140 1350 2190 κῶς
1393 2139 1545 2187 ταῦτα
1588 2134 1802 2201 βασιλέϊ

135 2223 329 2292 Δαρείῳ
368 2220 606 2290 ἐκχρήσει
644 2221 1024 2289 περιυβρίσθαι,·
1073 2225 1168 2274 κῶς
1202 2223 1255 2273 δὲ
1286 2221 1400 2285 ὑμῖν
1436 2222 1498 2271 τὰ
1534 2220 1802 2286 ποιεύμενα

60 2326 109 2370 ²5
133 2304 233 2371 ἔξει
256 2311 433 2366 καλῶς,
459 2302 521 2371 ἢν
552 2305 810 2371 ἀπέλησθε
840 2305 994 2371 ἡμέας
1002 2327 1018 2366 ;
1059 2305 1139 2358 ἐπὶ
1163 2305 1273 2357 τίνα
1304 2306 1355 2356 δὲ
1379 2307 1532 2369 τῆσδε
1556 2304 1800 2373 προτέρην

133 2392 539 2458 στρατευσόμεθα
584 2392 758 2451 πόλιν;
817 2392 927 2442 τίνα
972 2392 1023 2442 δὲ
1069 2389 1313 2458 προτέρην
1355 2390 1800 2455 ἀνδραποδίζεσθαι

131 2476 494 2542 πειρησόμεθα,·
558 2479 711 2527 ταῦτα
761 2474 997 2543 λέγοντες
1042 2474 1157 2529 τοὺς
1206 2471 1551 2541 Κροτωνιήτας
1599 2473 1683 2524 οὐκ
1732 2471 1801 2526 ὧν

190 2613 207 2648 Ἰ
239 2610 276 2650 οἷ
295 2607 432 2648 Aldus
452 2623 461 2648 ε
491 2611 511 2648 ὁ
535 2608 568 2646 L
687 2606 976 2660 ἐπαγγέλλετο
996 2606 1035 2645 Λ
1051 2606 1084 2645 Β
1101 2606 1135 2646 C
1152 2606 1184 2645 P
1362 2619 1388 2644 2
1417 2608 1547 2647 ταῦτα
1568 2605 1602 2644 C
1619 2605 1651 2644 P
1665 2605 1703 2644 R
1720 2606 1749 2645 S
1763 2606 1802 2645 V

130 2676 156 2713 3
186 2663 446 2705 ἀπέστελλεν
468 2662 507 2702 R
523 2662 605 2703 SV
714 2676 738 2711 4
770 2664 874 2704 οὕτω
894 2661 933 2700 Λ
949 2662 982 2700 Β
999 2661 1032 2700 C
1126 2663 1190 2702 καὶ
1214 2663 1258 2702 ἐκ
1278 2667 1322 2702 Φ.
1349 2659 1387 2698 R
1404 2659 1434 2700 S
1449 2659 1487 2699 V
1598 2673 1622 2710 5
1652 2663 1800 2710 αὒτῆσι

132 2717 172 2757 R
193 2731 362 2770 quoque
571 2719 597 2756 6
626 2717 994 2768 παρεσκευασμένοι
1017 2717 1054 2754 Α
1072 2717 1106 2755 Β
1121 2716 1155 2755 C
1172 2715 1204 2754 P
1417 2728 1439 2765 7
1470 2715 1635 2769 προίσχ.
1662 2716 1702 2755 R
1717 2717 1747 2755 S
1762 2717 1802 2756 V

130 2774 156 2812 8
187 2776 364 2815 θειεῢντο
387 2773 426 2812 R
442 2773 523 2813 SV
652 2772 860 2824 ὀνομαστὰ
879 2772 918 2810 Α
934 2771 967 2810 Β
987 2771 1020 2810 C
1036 2771 1069 2810 P
1257 2783 1306 2809 10
1335 2772 1548 2823 ῥηστώνης
1569 2770 1767 2811 Cantabr.
1789 2787 1797 2813 :

130 2830 363 2883 κρηστώνης
384 2827 424 2867 Α
438 2828 472 2866 Β
490 2828 523 2867 C
539 2828 572 2867 P
592 2842 600 2867 :
631 2826 828 2881 κρότωνας
857 2827 916 2865 Rc
939 2827 1067 2878 <-ονος
1091 2825 1167 2876 R1)
1186 2825 1215 2864 S
1229 2825 1287 2865 V:
1318 2825 1608 2878 χρησμοσύνης
1632 2825 1798 2867 Herold

135 2895 183 2923 12
214 2883 364 2937 ἕρξε(ν)
389 2883 423 2922 C
438 2883 471 2922 P
587 2884 636 2922 16
664 2882 766 2925 τῶνἹ
788 2884 862 2925 τὸν
884 2882 923 2921 R
1050 2895 1104 2921 20
1132 2898 1179 2922 τε
1200 2893 1281 2921 om.
1306 2879 1344 2917 A
1361 2880 1395 2918 B
1412 2879 1445 2918 C
1460 2880 1494 2919 P
1604 2894 1654 2920 21
1686 2886 1798 2924 ταῖσι

131 2938 354 2981 σκυτάλεσι
375 2937 409 2977 C
430 2953 439 2978 ε
467 2941 581 2988 τῆισι
603 2937 849 2987 σκυτάληισι
872 2937 904 2976 Ρ
1087 2948 1140 2986 23
1169 2934 1384 2989 γινόμενον
1406 2934 1440 2973 Β
1556 2936 1797 2988 ἐξαιρέεσθαι

132 2991 167 3031 Β
184 2992 231 3044 C,
255 3005 363 3034 corr.
385 2992 436 3032 Cl
578 2994 642 3034 καὶ
662 3005 743 3032 om.
769 2992 809 3030 A
824 2992 859 3031 B
876 2991 909 3030 C
926 2991 958 3030 P
1179 3004 1230 3040 24
1262 2991 1354 3040 ὑμῖν
1369 3020 1378 3030 .
1397 3019 1406 3029 .
1423 3020 1432 3030 .
1452 2989 1530 3042 ἕξει
1551 3003 1633 3031 om.
1660 2991 1699 3030 R
1716 2991 1745 3030 S
1759 2992 1799 3031 V

132 3058 184 3097 25
214 3047 422 3101 ἀφέλησθε
444 3047 483 3087 Α
500 3048 534 3086 Β
552 3048 584 3087 C
602 3048 635 3086 P
745 3051 872 3098 τῆσδε
895 3059 977 3087 om.
1002 3047 1039 3087 R
1208 3058 1258 3098 27
1289 3047 1418 3085 ταῦτα
1440 3045 1483 3087 δὲ
1507 3045 1545 3084 R
1562 3045 1643 3085 SV

187 3115 289 3145 nm.
314 3116 343 3145 1.
1308 3144 1310 3146 ,
1581 3103 1634 3147 20

1814 670 2098 719 lucrum&

1809 1004 2098 1097 ‘'3¹'kast

1839 1562 1926 1614 Ῑ37

1842 1820 1866 1851 2

1841 2153 1866 2196 3

1833 2493 1861 2537 4
