2098 3320
771 191 1152 241 ΙΣΤΟΡΙΩΝ
1213 191 1255 240 Α
1892 196 1930 245 1.
1949 189 2030 260 11³7

181 321 354 388 δίδωμι
383 321 441 374 τὸ
471 321 684 382 παιδίον,
712 323 815 389 φὰς
846 320 908 374 σέ
923 343 983 389 γε
1014 321 1140 374 εἶναι
1163 321 1250 375 τὸν
1273 322 1541 375 κελεύοντα
1565 322 1855 380 ἀποκτεῖναι

181 405 316 460 αὐτό.
403 408 482 459 καὶ
512 406 678 474 λέγων
707 407 855 459 τοῦτό
882 427 940 474 γε
971 406 1056 458 οὐκ
1090 408 1389 474 ἐψευδόμην·
1438 406 1503 458 σὺ
1534 409 1630 474 γὰρ
1660 407 1854 460 ἐνετέλ-

180 498 270 545 λεο
301 491 443 544 οὕτω.
511 492 820 558 παραδίδωμι
845 490 1014 557 μέντοι
1038 495 1164 561 τῷδε
1189 494 1313 543 κατὰ
1345 490 1478 551 τάδε,
1509 491 1856 558 ἐντειλάμενος

182 578 346 630 θεῖναί
369 597 454 643 μιν
484 578 535 630 ἐς
565 576 749 645 ἔρημον
778 577 894 643 ὅρος
926 576 1005 628 καὶ
1036 576 1389 645 παραμένοντα
1421 575 1711 643 φυλάσσειν
1738 576 1855 646 ἄχρι

134 683 157 726 5
181 661 238 713 οὗ
267 659 562 733 τελευτήσῃ,
596 659 876 726 ἀπειλήσας
908 665 1119 713 παντοῖα
1143 665 1268 731 τῷδε
1298 657 1361 726 ἢν
1390 660 1456 727 μὴ
1482 659 1601 714 τάδε
1622 662 1855 714 ἐπιτελέα

181 745 387 818 ποιήσῃ.
453 747 617 798 ἐπείτε
653 748 707 798 δὲ
747 744 1052 810 ποιήσαντος
1093 746 1266 798 τούτου
1302 747 1363 797 τὰ
1407 746 1709 811 κελευόμενα
1750 748 1853 799 ἐτε-
1890 767 1911 812 5

180 829 394 896 λεύτησε
424 830 482 882 τὸ
506 831 720 889 παιδίον,
754 829 961 897 πέμψας
979 835 1079 883 τῶν
1104 830 1355 898 εὐνούχων
1381 831 1495 884 τοὺς
1523 830 1854 885 πιστοτάτους

182 916 262 968 καὶ
294 914 426 968 εἶδον
445 914 505 967 δι’
538 916 740 967 ἐκείνων
766 915 843 966 καὶ
864 914 1032 983 ἔθαψά
1059 937 1160 981 μιν.
1210 916 1365 968 οὕτως
1391 915 1530 983 ἔσχε,
1553 911 1591 965 ὦ
1614 920 1850 980 βασιλεῦ,

181 999 293 1066 περὶ
322 1004 408 1051 τοῦ
449 997 735 1067 πρήγματος
771 1000 961 1059 τούτου,
1009 1000 1088 1052 καὶ
1127 1001 1330 1069 τοιούτῳ
1368 1001 1501 1069 μόρῳ
1541 998 1795 1067 ἐχρήσατο
1827 1001 1854 1050 ὁ

110 1105 159 1134 10
181 1088 313 1138 παῖς.
351 1082 614 1151 ’Ἅρπαγος
642 1086 735 1149 μὲν
776 1083 834 1149 δὴ
871 1084 960 1136 τὸν
1004 1084 1112 1136 ἰθὺν
1145 1085 1319 1152 ἔφαινε
1360 1085 1533 1151 λόγον,
1567 1083 1852 1152 Ἀστυάγης
1891 1088 1970 1137 118

180 1171 235 1221 δὲ
266 1168 493 1236 κρύπτων
523 1169 611 1220 τόν
642 1171 687 1221 οἱ
721 1171 885 1237 ἐνεῖχε
915 1170 1072 1238 χόλον
1104 1171 1185 1221 διὰ
1209 1169 1265 1221 τὸ
1296 1169 1519 1236 γεγονός,
1548 1173 1718 1235 πρῶτα
1740 1168 1847 1234 μέν,

182 1252 304 1306 κατά
352 1275 444 1319 περ
490 1251 674 1318 ἤκουσε
722 1253 868 1308 αὐτὸς
915 1253 1037 1321 πρὸς
1086 1258 1173 1305 τοῦ
1221 1254 1471 1319 βουκόλου
1521 1252 1577 1305 τὸ
1629 1255 1847 1320 πρῆγμα,

179 1337 611 1406 πάλιν-ᾀπηγέετο
643 1342 711 1408 τῷ
742 1337 996 1409 Ἁρπάγῳ,
1029 1340 1153 1405 μετὰ
1186 1337 1255 1397 δέ,
1290 1338 1355 1392 ὥς
1378 1340 1424 1390 οἱ
1455 1339 1846 1405 ἐπαλιλλόγητο,
1864 1344 2098 1388 Md

181 1421 448 1485 κατέβαινε
477 1421 643 1491 λέγων
676 1423 742 1478 ὡς
772 1425 1004 1490 περίεστί
1030 1445 1084 1475 τε
1109 1424 1135 1474 ὁ
1167 1428 1283 1477 παῖς
1315 1422 1394 1474 καὶ
1424 1422 1482 1474 τὸ
1506 1421 1712 1490 γεγονὸς
1743 1422 1852 1491 ἔχει

109 1529 156 1571 15
181 1512 357 1562 καλῶς.
444 1511 528 1578 Τῷ
559 1529 614 1561 τε
646 1510 742 1576 γὰρ
772 1507 1101 1578 πεποιημένῳ,
1137 1508 1237 1576 ἔφη
1275 1506 1457 1575 λέγων,
1492 1508 1541 1560 ἐς
1572 1506 1658 1558 τὸν
1699 1510 1850 1559 παῖδα
1884 1526 1909 1558 2

179 1597 352 1645 τοῦτον
385 1592 597 1659 ἔκαμνον
621 1592 855 1661 μεγάλως
880 1593 960 1645 καὶ
992 1593 1194 1661 θυγατρὶ
1232 1599 1292 1665 τῇ
1322 1594 1416 1665 ἐμῇ
1447 1590 1850 1662 διαβεβλημένος
1864 1600 2098 1676 huz-auk.

179 1676 266 1729 οὐκ
297 1679 352 1730 ἐν
383 1679 587 1748 ἐλαφρῷ
615 1679 897 1743 ἐποιεύμην.
945 1677 1010 1732 ὡς
1039 1674 1108 1730 ὧν
1141 1680 1229 1742 τῆς
1252 1677 1404 1744 τύχης
1425 1675 1477 1728 εῧ
1499 1675 1850 1742 μετεστεώσης
1884 1672 2098 1702 W

178 1766 322 1814 τοῦτο
361 1765 455 1828 μὲν
495 1761 582 1814 τὸν
622 1767 839 1815 σεωυτοῦ
875 1765 1027 1815 παῖδα
1064 1762 1536 1829 ἀπόπεμψον-παρὰ
1574 1764 1659 1812 τὸν
1695 1764 1847 1813 παῖδα
1874 1764 2098 1809 Φαιάίδίκ

178 1850 266 1899 τὸν
296 1845 528 1912 νεήλυδα,
564 1852 707 1899 τοῦτο
734 1846 788 1899 δέ
816 1846 1042 1915 (σῶστρα
1072 1849 1168 1915 γὰρ
1198 1851 1284 1897 τοῦ
1314 1844 1488 1899 παιδὸς
1515 1844 1687 1911 μέλλω
1713 1845 1846 1897 θύειν
2077 1861 2079 1863 ’

105 1952 156 1982 20
177 1934 469 1984 ro'BGvOec'dv
499 1931 612 1997 τιμὴ
650 1933 768 1996 αὕτη
801 1929 1110 1998 πρόσκειται)
1139 1929 1351 1998 πάρισθί
1381 1951 1464 1996 μοι
1506 1930 1585 1981 ἐπὶ
1626 1933 1842 1982 δεῖπνον.

131 2006 136 2011 ’
167 2013 431 2084 ’Ἅρπαγος
475 2019 566 2082 μὲν
599 2016 664 2070 ὡς
699 2015 883 2081 ἤκουσε
927 2020 1095 2075 ταῦτα,
1135 2013 1490 2082 προσκυνήσας
1528 2014 1606 2065 καὶ
1649 2012 1845 2081 μεγάλα
1881 2027 1966 2077 119

134 2135 138 2139 -
176 2099 513 2167 ποιησάμενος
562 2102 639 2152 ὅτι
683 2121 737 2152 τε
777 2101 807 2166 ἡ
857 2099 1077 2168 ἆμαρτάς
1125 2102 1172 2152 οἱ
1221 2101 1272 2154 ἐς
1318 2098 1434 2150 δέον
1484 2100 1714 2166 ἐγεγόνεε
1764 2099 1843 2150 καὶ

176 2185 253 2236 ὅτι
306 2184 388 2237 ἐπὶ
438 2184 623 2257 τύχῃσι
676 2192 932 2258 χρηστῇσι
978 2184 1060 2238 ἐπὶ
1113 2187 1313 2236 δεῖπνον
1363 2182 1616 2248 ἐκέκλητο,
1667 2182 1744 2248 ἤιε
1792 2184 1842 2237 ἐς

173 2270 236 2320 τὰ
268 2269 412 2322 οἰκία.
460 2270 686 2322 ἐσελθὼν
728 2271 780 2321 δὲ
825 2268 915 2333 τὴν
964 2269 1225 2337 ταχίστην,
1278 2266 1339 2332 ἦν
1387 2266 1482 2335 γάρ
1528 2270 1574 2320 οἱ
1611 2272 1727 2321 παῖς
1772 2268 1842 2321 εἵς
1880 2290 1905 2321 2

102 2372 150 2414 ²5
172 2357 370 2419 μοῦνος,
404 2344 683 2421 ἔτεαδτρία
718 2354 799 2406 καὶ
841 2352 958 2406 δέκα
995 2375 1080 2406 κου
1119 2353 1343 2419 μάλιστα
1382 2352 1618 2420 γεγονώς,
1665 2356 1840 2403 τοῦτον

174 2436 426 2504 ἐκπέμπει,
462 2437 588 2491 ἰέναι
621 2459 676 2491 τε
712 2438 927 2491 κελεύων
962 2440 1012 2493 ἐς
1044 2437 1350 2505 Ἀστυάγεος
1383 2437 1461 2488 καὶ
1492 2435 1681 2489 ποιέειν
1720 2438 1747 2486 ὅ
1792 2457 1860 2487 τι·

171 2520 234 2575 ἂν
278 2524 463 2577 ἐκεῖνος
509 2523 703 2596 κελεύῃ.
775 2522 921 2576 αὐτὸς
979 2525 1031 2575 δὲ
1090 2521 1359 2591 περιχαρὴς
1418 2522 1512 2573 ἐὼν
1557 2519 1734 2588 φράζει
1776 2527 1838 2592 τῇ

170 2608 364 2674 γυναικὶ
394 2609 455 2660 τὰ
484 2606 883 2676 συγκυρήσαντα.
973 2605 1257 2674 Ἀστυάγης
1287 2605 1356 2665 δέ,
1391 2606 1455 2659 ὥς
1487 2607 1534 2657 οἱ
1564 2605 1768 2656 ἀπίκετο
1809 2604 1836 2654 ὁ
1876 2627 1901 2670 3

168 2689 422 2760 Ἃρπάγου
471 2696 602 2752 παῖς,
644 2689 848 2759 Υσφάξας
890 2692 1039 2744 αὐτὸν
1081 2692 1160 2743 καὶ
1199 2692 1320 2742 κατὰ
1359 2688 1516 2755 μέλεα
1555 2688 1734 2740 διελὼν
1773 2690 1834 2739 τὰ

225 2828 245 2855 1
277 2817 316 2858 οἴ
333 2821 433 2856 ante
452 2817 500 2858 τὸ
521 2816 616 2856 add.
642 2813 701 2854 R¹
853 2832 903 2867 γε
924 2814 1103 2865 scripsi:
1133 2831 1182 2855 τε
1205 2814 1238 2853 L
1457 2827 1483 2862 4
1513 2814 1624 2864 οὖρος
1646 2811 1679 2850 C
1696 2811 1735 2849 R
1750 2810 1834 2851 SV

168 2872 196 2911 8
222 2873 311 2913 ἴδον
330 2870 366 2911 Ρ
385 2886 394 2912 :
425 2873 444 2912 ἑ
465 2871 573 2912 εἶδον
593 2870 624 2911 S
641 2885 650 2911 z
683 2888 694 2912 ι
712 2874 819 2912 εἳδον
837 2871 878 2911 V
989 2869 1143 2910 ἐκείνοι]
1164 2868 1204 2907 R
1360 2880 1387 2917 9
1416 2866 1564 2908 τούτου
1583 2878 1668 2906 orn.
1694 2866 1732 2904 R
1749 2865 1779 2906 S
1794 2865 1834 2905 V

173 2938 219 2966 11
253 2928 389 2979 ἐνεῖχε
410 2925 684 2976 Stephanus:
714 2926 872 2978 ἐνείχεε
894 2925 928 2964 L
1029 2923 1180 2976 χόλον]
1203 2923 1332 2976 λόγον
1351 2922 1385 2961 C
1402 2921 1442 2960 R
1457 2921 1487 2961 S
1501 2921 1539 2961 V
1654 2933 1702 2959 12
1731 2920 1833 2962 καθά

170 2980 201 3021 S
214 2980 254 3020 V
398 2993 448 3031 13
478 2979 789 3034 ἐπαλλιλόγητο
811 2979 851 3018 R
867 2979 898 3019 S
913 2979 975 3019 V:
1009 2977 1332 3030 ἐπαλληλόγητο
1354 2975 1388 3015 Β
1403 2975 1455 3016 C1
1572 2989 1620 3026 17
1651 2975 1719 3017 οὖν
1741 2975 1780 3013 R
1794 2974 1833 3013 V

168 3048 223 3076 20
249 3034 495 3090 προσκέεται
516 3035 550 3075 L
660 3034 795 3090 πάριθί
815 3034 849 3074 Ρ
863 3034 903 3073 R
918 3033 1001 3074 SV
1139 3045 1191 3083 23
1219 3035 1290 3082 ἥθε
1314 3032 1353 3071 R
1510 3043 1563 3080 24
1593 3030 1648 3071 εῑς
1669 3043 1752 3070 om.
1777 3029 1830 3068 Β1

167 3102 219 3143 25
249 3090 364 3144 ἔτεα]
388 3091 460 3142 ἔτη
482 3091 516 3130 L
538 3090 590 3144 (-ι
610 3090 665 3144 C)
778 3089 980 3145 γεγονώς]
1004 3088 1099 3131 ἔτεα
1116 3104 1158 3142 γ.
1183 3086 1223 3127 Α
1238 3087 1273 3127 Β
1290 3086 1343 3127 Cc
1361 3101 1370 3126 :
1398 3103 1440 3140 γ.
1466 3086 1561 3127 ἔτεα
1582 3084 1670 3182 (315*
