2098 3320
790 130 1170 181 ΙΣΤΟΡΙΩΝ
1229 131 1272 180 Α
1560 127 1573 138 ·
1909 135 1944 182 1.
1972 136 2073 195 196

202 271 300 332 σφι
324 262 400 328 ἦν,
426 263 484 315 οὐ
503 257 675 329 μέντοι
698 267 785 315 νῦν
808 283 866 330 γε
889 260 1105 314 διετέλεε
1130 262 1241 322 ἐών,
1269 260 1399 314 ἄλλο
1425 261 1477 314 δέ
1503 283 1550 314 τι
1579 260 1870 330 ἐξευρήκασι

199 349 382 402 νεωστὶ
430 346 667 415 γενέσθαι
709 343 810 413 [ἵνα
853 345 921 412 μὴ
971 348 1186 398 ἀδικοῖεν
1240 346 1388 400 αὐτὰς
1440 347 1554 413 μηδ’
1601 349 1652 400 ἐς
1698 346 1870 414 ἑτέραν

200 434 350 486 πόλιν
380 426 632 500 ἄγωνται].
709 430 874 484 ἐπείτε
903 432 1000 507 γὰρ
1029 432 1237 484 ἁλόντες
1271 432 1597 507 ἐκακώθῃσαν
1630 431 1709 482 καὶ
1734 417 2098 510 olm-m

199 515 543 594 φθορήθησαν,
598 519 694 569 πᾶς
744 536 818 569 τις
869 520 955 567 τοῦ
1013 514 1166 581 δήμου
1227 516 1344 581 βίου
1405 517 1658 580 σπανίζων
1720 511 2000 568 nara-⁸¹⁶¹*
2021 512 2098 588 “2¹

152 622 172 662 5
199 601 425 669 πορνεύει
448 602 510 653 τὰ
534 598 692 665 θήλεα
714 598 878 653 τέκνα.
944 600 1170 666 δεύτερος
1201 603 1253 652 δὲ
1281 601 1440 673 σοφίῃ
1476 602 1558 653 ὅδε
1582 600 1739 655 ἄλλος
1770 561 2098 678 σφιλῖξῧὲξ*

198 687 348 751 νόμος
372 684 662 750 κατέστηκε.
707 684 820 738 τοὺς
845 683 1120 750 κάμνοντας
1146 687 1196 738 ἐς
1219 684 1308 749 τὴν
1337 685 1522 753 ἀγορὴν
1546 685 1863 753 ἐκφορέουσι·
1887 686 2098 723 ΜΝ

199 771 256 822 οὐ
285 772 380 838 γὰρ
404 769 460 835 δὴ
492 768 739 838 χρέωνται
771 771 1001 837 ἰητροῖσι.
1086 771 1380 836 προσιόντες
1408 767 1475 822 ὧν
1507 769 1630 838 πρὸς
1660 770 1746 823 τὸν
1780 770 1862 822 κά-

196 875 385 921 μνοντα
429 854 836 920 συμβουλεύουσι
880 854 991 921 περὶ
1031 857 1119 919 τῆς
1157 854 1358 915 νούσου,
1398 857 1444 907 εἴ
1481 876 1555 908 τις
1597 855 1676 907 καὶ
1720 855 1866 909 αὐτὸς

197 944 420 992 τοιοῦτον
461 938 615 991 ἔπαθε
652 931 817 990 ὁκοῖον
857 938 918 991 ἂν
956 939 1047 1011 ἔχῃ
1080 940 1106 990 ὁ
1139 938 1335 1004 κάμνων
1369 935 1398 1004 ἢ
1432 939 1591 992 ἄλλον
1629 939 1729 992 εἶδε
1770 962 1862 992 πα-

126 1043 174 1071 ¹0
197 1025 364 1076 θόντα·
424 1028 580 1076 ταῦτα
626 1024 917 1091 προσιόντες
966 1024 1371 1089 συμβουλεύουσι
1418 1025 1496 1077 καὶ
1542 1023 1866 1092 παραινέουσι

195 1107 336 1161 ἅσσα
367 1107 511 1163 αὐτὸς
548 1106 764 1173 ποιήσας
805 1105 1018 1175 ἐξέφυγε
1060 1109 1232 1174 ὁμοίην
1274 1113 1457 1161 νοῦσον
1498 1105 1528 1174 ἢ
1565 1109 1725 1161 ἄλλον
1767 1110 1866 1162 εἶδε

156 1194 159 1197 ’
197 1193 497 1261 ἐκφυγόντα.
543 1199 666 1265 σιγῇ
688 1195 742 1245 δὲ
760 1191 1085 1259 παρεξελθεῖν
1109 1192 1197 1245 τὸν
1220 1192 1472 1259 κάμνοντα
1495 1194 1551 1245 οὔ
1562 1201 1659 1261 σφι
1681 1193 1862 1259 ἔξεστι,

195 1278 310 1345 πρὶν
346 1277 408 1330 ἂν
447 1278 700 1347 ἐπείρηται
741 1276 916 1342 ἥντινα
956 1281 1138 1329 νοῦσον
1182 1277 1304 1345 ἔχει.
1381 1277 1537 1346 ταφαὶ
1578 1278 1633 1330 δέ
1673 1286 1771 1345 σφι
1813 1280 1865 1331 ἐν
1905 1285 1998 1343 198

193 1362 373 1428 μέλιτι,
407 1364 578 1429 θρῆνοι
607 1364 661 1415 δὲ
692 1360 1036 1430 παραπλήσιοι
1076 1367 1211 1414 τοῖσι
1254 1363 1307 1414 ἐν
1350 1364 1601 1433 Αἰγύπτῳ.
1691 1362 1865 1417 ὁσάκις

125 1464 168 1506 ¹5
193 1447 237 1499 δ’
275 1446 337 1500 ἂν
382 1450 565 1520 μειχθῇ
611 1446 803 1513 γυναικὶ
849 1447 908 1518 τῇ
957 1446 1315 1550 ἑωυῆἳῇκὶἀνὴρ
1358 1448 1697 1514 Βαβυλώνιος,
1752 1437 2098 1545 περὶ(“··’ῗ·*ῑῐ’“’ξ,;ἲ

144 1530 149 1534 ’
194 1533 411 1606 θυμίῃμα
441 1532 825 1608 καταγιζόμενον
851 1531 962 1595 ἵζει,
997 1534 1200 1602 {re-gmon
1231 1533 1284 1584 δὲ
1317 1532 1347 1597 ἡ
1381 1531 1502 1599 γυνὴ
1534 1532 1690 1584 τώυτὸ
1720 1537 2098 1597 roffio-*54⁶0

192 1616 365 1670 ποιέει.
454 1618 634 1684 ὄρθρου
664 1618 717 1668 δὲ
747 1615 1019 1683 γενομένου
1052 1621 1256 1668 λοῦνται
1292 1618 1370 1668 καὶ
1407 1618 1697 1684 ἀμφότεροι·
1772 1616 1860 1684 ἄγ-

191 1722 306 1768 γεος
345 1703 442 1769 γὰρ
482 1699 680 1754 οὐδενὸς
723 1698 945 1767 ἅψονται
984 1700 1100 1768 πρὶν
1141 1699 1202 1753 ἂν
1245 1702 1542 1753 λούσωνται.
1618 1701 1770 1753 ταύτὰ
1811 1705 1864 1754 δὲ

190 1791 343 1838 ταῦτα
373 1786 453 1838 καὶ
482 1784 716 1851 Ἀράβιοι
745 1790 959 1838 ποιεῦσι.
1027 1786 1053 1836 ὁ
1087 1788 1140 1838 δὲ
1171 1785 1229 1850 δὴ
1262 1787 1528 1854 αἴσχιστος
1559 1790 1657 1838 τῶν
1698 1787 1863 1851 νόμων
1902 1799 2002 1849 199

119 1886 170 1914 20
192 1871 301 1922 ἐστὶ
324 1874 458 1922 τοῖσι
490 1871 864 1934 Βαβυλωνίοισι
893 1871 989 1922 ὅδε.
1062 1874 1139 1922 δεῖ
1164 1873 1340 1922 πᾶσαν
1358 1871 1566 1937 γυναῖκα
1589 1872 1862 1939 ἐπιχωρίην

191 1951 417 2020 ἱζομένην
447 1955 498 2007 ἐς
523 1952 629 2020 ἱρὸν
651 1953 951 2021 Ἀφροδίτης
976 1952 1115 2019 ἅπαξ
1143 1956 1196 2006 ἐν
1219 1962 1279 2028 τῇ
1314 1954 1398 2026 ζόῃ
1426 1958 1692 2023 μειχθῆναι
1723 1956 1861 2021 ἀνδρὶ

191 2037 350 2108 ξείνῳ.
439 2038 628 2091 πολλαὶ
669 2040 722 2090 δὲ
763 2039 841 2089 καὶ
882 2038 968 2089 οὐκ
1011 2037 1293 2104 ἆξιεύμεναι
1336 2040 1706 2107 ἀναμίσγεσθαι
1744 2041 1860 2111 τῇσι

189 2121 378 2194 ἄλλῃσι
397 2123 477 2174 οἷα
497 2122 697 2192 πλούτῳ
720 2122 1168 2190 ὑπερφρονέουσαι,
1202 2124 1283 2175 ἐπὶ
1307 2123 1516 2191 ζευγέων
1536 2126 1590 2176 ἐν
1611 2123 1861 2196 καμάρῃσι

190 2205 442 2258 ἐλάσασαι
493 2197 614 2274 πρὸς
658 2205 715 2258 τὸ
760 2206 864 2273 ἱρὸν
910 2210 1106 2265 ἑστᾶσι,
1154 2209 1392 2274 θεραπηίη
1439 2208 1493 2260 δέ
1538 2216 1635 2276 σφι
1680 2211 1859 2261 ὄπισθε

118 2308 165 2350 25
189 2291 359 2343 ἕπεται
404 2290 588 2356 πολλή.
677 2294 727 2343 αἱ
779 2294 830 2343 δὲ
883 2296 1092 2344 πλεῦνες
1143 2297 1340 2344 ποιεῦσι
1390 2293 1500 2345 ὧδε·
1562 2295 1616 2345 ἐν
1666 2292 1860 2358 τεμένεϊ
1894 2317 1918 2348 2

189 2374 487 2442 Ἀφροδίτης
518 2375 751 2427 κατέαται
782 2375 1036 2443 στέφανον
1070 2377 1180 2443 περὶ
1210 2378 1327 2448 τῇσι
1360 2384 1616 2451 κεφαλῇσι
1648 2378 1859 2446 ἔχουσαι

128 2499 136 2508 ,
189 2459 438 2528 θώμιγγος
476 2461 666 2527 πολλαὶ
709 2464 954 2534 γυναῖκες·
1009 2462 1058 2512 αἱ
1104 2463 1196 2526 μὲν
1236 2463 1333 2529 γὰρ
1380 2462 1761 2531 προσέρχονται,
1806 2465 1856 2515 αἱ

249 2611 265 2637 1
308 2598 512 2640 διετέλεεν
552 2598 592 2637 R
614 2597 645 2638 S
665 2598 731 2639 V:
778 2598 989 2641 διετέλεσε
1022 2597 1063 2637 Α
1086 2599 1220 2652 (-σσε)
1261 2600 1296 2639 Β
1318 2600 1352 2640 C
1376 2601 1432 2641 P:
1485 2601 1687 2642 διατελέει
1718 2602 1854 2641 Cobet

188 2665 267 2702 2-3
285 2655 352 2694 ἵνα
364 2685 373 2694 .
388 2684 399 2693 .
418 2686 426 2695 .
443 2655 619 2704 ἄγωνται
634 2653 803 2693 seclusa
818 2654 898 2693 del.
916 2654 1034 2693 Stein
1159 2667 1183 2692 2
1206 2657 1261 2697 εἷς
1277 2655 1316 2692 R
1331 2656 1369 2693 V
1474 2655 1616 2710 ἑτέραν
1630 2655 1669 2694 R
1683 2669 1854 2707 quoque

187 2721 213 2757 4
242 2709 334 2756 βίου
346 2721 426 2749 om.
454 2709 512 2748 S:
553 2721 582 2749 -ι-
609 2720 638 2750 ÷
663 2722 691 2749 ÷
719 2724 742 2748 ή-
761 2709 799 2747 V
963 2710 990 2747 6
1020 2707 1250 2758 κατέστηκε
1279 2704 1512 2749 Schaeser:
1543 2712 1795 2760 κατεστήκεε
1818 2713 1851 2751 L

189 2762 428 2815 ἐκφέρουσιν
448 2763 488 2801 R
507 2762 537 2803 S
550 2763 588 2803 V
789 2764 815 2802 8
845 2763 966 2805 νόσου
987 2763 1020 2801 C
1038 2763 1071 2801 P
1085 2764 1122 2802 R
1140 2763 1170 2802 S
1183 2764 1222 2802 V
1422 2779 1450 2815 9
1478 2769 1641 2806 τοιοῦτο
1663 2766 1701 2805 Α
1718 2766 1752 2805 Β
1768 2766 1801 2805 C
1819 2767 1853 2806 P

190 2883 243 2964 ῙΒ51
261 2877 381 2965 fince-
443 2874 493 2978 1(9
513 2903 692 2970 Σιι-οιέουσι
715 2927 748 2966 Ρ
761 2886 802 2966 ἕξ
817 2927 848 2968 S
862 2892 918 2966 V‘
983 2941 1019 2966 c.
1046 2940 1121 2977 199
1143 2902 1225 2966 om:
1253 2928 1290 2966 R
1307 2929 1338 2968 S
1352 2929 1390 2967 V
1529 2943 1576 2969 21
1603 2891 1852 2982 {goffg‘ssffg

190 2981 246 3022 εἷς
265 2979 304 3020 Α
318 2981 353 3020 Β
466 2981 542 3037 ζώῃ
567 2982 616 3021 C¹
783 2995 834 3033 24
866 2985 1004 3024 ἱστᾶσι
1027 2982 1061 3020 C
1175 2981 1340 3025 ὄπισθεν
1362 2985 1395 3023 L
