2098 3320
712 114 1092 194 ιΣΤοΡΙΩΝ
1155 148 1200 195 Δ

118 277 206 339 τῆς
252 273 491 341 Νευρίδος
541 273 707 341 χώρης
759 275 810 327 ἐς
861 273 952 338 τὴν
1005 275 1258 342 σφετέρην
1307 277 1606 344 κατηγέοντο
1653 285 1786 335 τοῖσι

0 393 27 433 3⁶:

0 434 32 475 β’
115 441 322 509 πέμψας
354 446 565 509 Δαρεῖος
606 441 759 494 ἱππέα
797 444 931 508 παρὰ
971 442 1058 494 τὸν
1098 443 1329 496 Σκυθέων
1369 445 1594 510 βασιλέα
1625 446 1780 500 Ἰδάν-

0 506 20 597 ξ
115 529 301 594 θυρσον
331 526 478 594 ἔλεγε
507 525 640 578 τάδε·
691 527 931 592 Δαιμόνιε
962 528 1170 594 ἀνδρῶν,
1196 529 1246 579 τί
1272 530 1476 595 φεύγεις
1506 532 1617 590 αἰεί,
1645 524 1800 596 ἐξεόν

0 628 14 705 ξ
66 631 90 672 5
113 632 188 663 τοι
223 614 379 664 τῶνδε
413 612 475 662 τὰ
515 611 659 678 ἕτερα
696 609 910 671 ποιέειν,·
959 613 1001 663 εἰ
1041 614 1133 676 μὲν
1168 614 1263 679 γὰρ
1299 610 1558 680 ἀξιόχρεος
1598 615 1783 671 δοκέεις

0 709 12 765 ι’
112 694 240 748 εἶναι
269 700 469 766 σεωυτῷ
493 700 628 748 τοῖσι
652 697 821 761 ἐμοῖσι
845 694 1107 763 πρήγμασι
1138 697 1450 761 ἀντιωθῆναι,
1478 698 1542 749 σὺ
1573 701 1627 752 δὲ
1658 699 1782 756 στάς

0 774 13 870 ζ
111 801 165 832 τε
207 780 286 832 καὶ
329 778 648 845 παυσάμενος
688 778 883 844 πλάνης
922 778 1193 848 μάχεσθαι·
1240 782 1282 833 εἰ
1320 783 1372 833 δὲ
1412 784 1781 849 συγγινώσκεαι

0 931 2 933 ¹
81 850 94 864 ⁶
110 863 236 917 εἶναι
258 865 453 930 ἥσσων,
479 865 544 917 σὺ
567 867 621 917 δὲ
653 864 733 917 καὶ
756 865 882 916 οὕτω
905 863 1227 930 παυσάμενος
1249 870 1336 917 τοῦ
1358 868 1537 933 δρόμου
1560 859 1779 942 δεσπότῃ

1827 151 1913 199 IV.
1942 165 2027 213 125

118 357 368 429 Πέρσῃσι.
458 357 522 411 ὡς
563 359 616 410 δὲ
657 357 854 410 πολλὸν
890 363 1035 410 τοῦτο
1076 361 1268 426 ἐγίνετο
1311 361 1391 413 καὶ
1431 363 1517 414 οὐκ
1558 364 1782 424 ἐπαύετο,
1823 369 1917 416 126

108 953 175 1019 τῷ
208 954 281 1019 σῷ
312 952 445 1015 δῶρα
476 948 644 1017 φέρων
674 952 769 1017 γῆν
800 971 854 1001 τε
887 949 966 1000 καὶ
995 950 1125 1017 ὕδωρ
1157 951 1275 1002 ἐλθὲ
1305 952 1355 1003 ἐς
1383 953 1582 1019 λόγους.
1658 953 1779 1020 πρὸς
1815 972 1903 1022 127

0 1031 1 1035 ¹
36 1057 86 1087 ιο
107 1037 262 1086 ταῦτα
298 1035 324 1085 ὁ
361 1033 592 1087 Σκυθέων
627 1033 875 1100 βασιλεὺς
911 1033 1230 1100 Ἰδάνθυρσος
1270 1035 1417 1101 ἔλεγε
1452 1035 1584 1088 τάδε·
1630 1038 1776 1090 Οὕτω

106 1117 164 1171 τὸ
201 1118 321 1185 ἐμὸν
357 1118 481 1188 ἔχει,
520 1117 559 1171 ὦ
596 1118 790 1186 Πέρσα·
839 1119 936 1186 ἐγὼ
978 1116 1153 1170 οὐδένα
1191 1142 1258 1171 κω
1296 1119 1568 1185 ἀνθρώπων
1604 1123 1775 1178 δείσας

105 1202 296 1272 ἔφυγον
318 1204 431 1256 οὔτε
462 1204 703 1271 πρότερον
733 1204 845 1256 οὔτε
876 1208 963 1256 νῦν
995 1205 1056 1255 σὲ
1081 1205 1270 1270 φεύγω·
1317 1204 1431 1258 οὐδέ
1460 1225 1507 1256 τι
1537 1206 1775 1275 νεώτερόν

107 1289 206 1354 εἶμι
242 1287 458 1354 ποιήσας
494 1293 579 1342 νῦν
611 1284 642 1353 ἢ
675 1288 755 1341 καὶ
792 1290 846 1341 ἐν
883 1287 1051 1360 εἰρήνῃ
1090 1289 1248 1341 ἐώθεα
1285 1288 1488 1342 ποιέειν.
1575 1291 1605 1341 ὅ
1639 1312 1686 1344 τι
1722 1294 1775 1345 δὲ
1809 1313 1833 1344 2

104 1372 194 1426 οὐκ
224 1374 399 1426 αὐτίκα
427 1373 656 1442 μάχομαί
681 1395 772 1433 τοι,
799 1373 899 1440 ἐγὼ
930 1373 1009 1424 καὶ
1040 1377 1185 1424 τοῦτο
1214 1373 1466 1438 σημανέω·
1515 1374 1632 1439 ἡμῖν
1662 1376 1774 1429 οὔτε

0 1528 2 1532 Ι
32 1478 80 1522 ¹⁵
104 1456 263 1512 ἄστεα
301 1459 414 1512 οὔτε
452 1462 517 1527 γῆ
556 1456 903 1526 πεφυτευμένη
946 1457 1072 1517 ἔστι,
1115 1463 1215 1510 τῶν
1255 1458 1367 1525 πέρι
1412 1460 1668 1513 δείσαντες
1705 1460 1772 1525 μὴ

103 1545 208 1614 ἁλῷ
237 1539 268 1608 ἢ
300 1544 422 1616 καρῇ
453 1543 728 1613 ταχύτερον
763 1541 824 1595 ἂν
857 1545 972 1609 ὑμῖν
1004 1544 1373 1611 συμμίσγοιμεν
1410 1545 1461 1598 ἐς
1495 1543 1682 1613 μάχην·
1729 1547 1772 1598 εἰ

101 1630 155 1682 δὲ
178 1627 282 1682 δέοι
304 1627 501 1683 πάντως
526 1630 577 1683 ἐς
599 1632 743 1682 τοῦτο
768 1629 892 1680 κατὰ
915 1627 1068 1696 τάχος
1100 1628 1439 1688 ἀπικνέεσθαι,
1465 1628 1773 1696 τυγχάνουσι

99 1712 216 1779 ἡμῖν
257 1714 424 1769 ἐόντες
462 1713 618 1782 τάφοι
658 1713 910 1781 πατρώιοι.
1000 1711 1196 1781 φέρετε,
1236 1713 1438 1767 τούτους
1482 1714 1770 1780 ἀνευρόντες
1803 1736 1828 1779 3

100 1797 338 1867 συγχέειν,
388 1801 628 1866 πειρᾶσθε
675 1798 864 1858 αὐτούς,
915 1798 995 1851 καὶ
1038 1798 1303 1866 γνώσεσθε
1350 1799 1465 1851 τότε
1512 1800 1611 1851 εἴτε
1656 1800 1770 1864 ὑμῖν

25 1903 77 1935 20
96 1885 432 1952 μαχησόμεθα
483 1883 596 1951 περὶ
646 1889 745 1936 τῶν
796 1883 972 1952 τάφων
1026 1885 1125 1936 εἴτε
1177 1884 1256 1935 καὶ
1309 1882 1365 1934 οὐ
1416 1884 1765 1951 μαχησόμεθα.

97 1969 341 2037 πρότερον
375 1968 446 2030 δέ,
479 1965 540 2034 ἢν
567 1968 634 2035 μὴ
665 1967 819 2035 ἡμέας
856 1970 1012 2036 λόγος
1047 1969 1176 2040 αἱρῇ,
1212 1968 1270 2020 οὐ
1306 1966 1641 2034 συμμείξομέν
1672 1990 1763 2021 τοι.

95 2054 228 2121 ἀμφὶ
262 2056 359 2120 μὲν
393 2053 530 2126 μάχῃ
567 2058 788 2106 τοσαῦτα
824 2052 1056 2120 εἰρήσθω,
1095 2055 1343 2107 δεσπότας
1383 2055 1437 2105 δὲ
1478 2052 1625 2118 ἐμοὺς
1665 2054 1764 2119 ἐγὼ
1801 2075 1827 2116 4

86 2139 198 2190 ’Δία
227 2159 282 2191 τε
317 2139 498 2205 νομίζω
528 2137 616 2191 τὸν
645 2138 765 2204 ἐμὸν
795 2139 1045 2206 πρόγονον
1081 2137 1162 2190 καὶ
1189 2138 1380 2202 Ἱστίην
1411 2137 1501 2201 τὴν
1532 2136 1767 2189 Σκυθέων

93 2224 367 2287 βασίλειαν
402 2224 613 2290 μούνους
652 2222 795 2276 εἶναι.
885 2224 969 2276 σοὶ
1010 2225 1063 2275 δὲ
1104 2223 1215 2276 ἀντὶ
1247 2225 1342 2290 μὲν
1378 2222 1546 2288 δώρων
1583 2225 1675 2288 γῆς
1708 2243 1761 2274 τε

20 2325 68 2368 25
94 2306 174 2359 καὶ
201 2309 379 2363 ὕδατος
409 2311 541 2376 δῶρα
570 2307 758 2376 πέμψω
781 2312 983 2359 τοιαῦτα
1013 2309 1093 2359 οἵα
1125 2308 1209 2360 σοὶ
1232 2306 1410 2373 πρέπει
1442 2308 1623 2365 ἐλθεῖν,
1651 2306 1760 2357 ἀντὶ

93 2394 146 2446 δὲ
168 2398 255 2446 τοῦ
278 2394 354 2446 ὅτι
376 2394 625 2458 δεσπότης
648 2393 844 2461 ἔφησας
869 2391 996 2445 εἶναι
1019 2393 1150 2458 ε’μός,
1173 2392 1363 2444 κλαίειν
1380 2387 1529 2457 λέγω.
1595 2386 1760 2455 [τοῦτό

146 2545 172 2571 2
202 2531 368 2584 ἐγένετο
396 2531 427 2570 S
647 2544 673 2581 3
703 2534 786 2572 τῶν
815 2530 850 2570 C
867 2530 906 2569 R
922 2529 1020 2578 SV,
1047 2541 1155 2569 corr.
1177 2526 1230 2568 Cl
1451 2541 1475 2576 4
1507 2526 1595 2578 ἐξόν
1615 2526 1648 2565 C
1665 2526 1758 2565 RV

89 2599 116 2637 ⁵
145 2586 361 2682 ᾆξ’όχῗῖς
383 2587 417 2626 P
468 2642 503 2682 c
517 2641 554 2680 v
581 2587 609 2624 ⁶
639 2589 782 2681 ‘'32²⁶“
801 2586 847 2679 ¹1}
864 2640 899 2677 B
914 2640 947 2678 c
971 2583 1324 2679 πράγμῖἶψτξῖζ
1438 2594 1505 2676 ηἷ
1521 2580 1754 2676 έξκῖἷῖἓ

94 2655 146 2735 {g
172 2644 447 2749 ᾳξζιξγέινυῖἕος
621 2708 670 2746 13
697 2657 802 2736 εὲῖιῖιὶεθα
824 2695 858 2734 Ρ
876 2694 914 2732 R
930 2695 959 2733 S
973 2694 1011 2731 V
1227 2694 1275 2730 16
1304 2690 1409 2743 ἁλῷ]
1434 2653 1562 2738 ἆλίιξηι
1582 2690 1622 2727 Α
1638 2690 1672 2727 Β
1693 2689 1727 2727 Ρ
1744 2703 1754 2728 :

89 2750 219 2799 ἇλώιη
240 2751 300 2792 C:
333 2751 450 2801 ἁλοίη
473 2751 609 2791 RSV
774 2753 864 2802 ὑμῖν
894 2765 1015 2800 συμμ.
1047 2750 1095 2790 ἂν
1126 2751 1166 2788 ἐς
1195 2765 1236 2798 μ.
1269 2745 1381 2785 RV:
1418 2761 1541 2795 συμμ.
1569 2746 1618 2785 ἂν
1645 2747 1686 2785 ἐς
1711 2762 1752 2795 μ.

90 2808 181 2856 ὑμῖν
202 2805 261 2845 P:
292 2822 412 2857 συμμ.
437 2808 487 2848 ἂν
507 2809 548 2847 ἐς
566 2823 608 2875 μ.
631 2805 663 2845 S
847 2817 894 2853 17
925 2805 1075 2845 παντὸς
1097 2802 1132 2874 I}
1152 2816 1161 2841 ε
1184 2801 1340 2895 anives
1362 2800 1400 2838 V
1476 2855 1487 2895 ὶ
1578 2799 1627 2837 18
1657 2802 1753 2852 φέρε

88 2860 240 2955 §ms-VS
258 2915 299 2954 V
367 2873 417 2912 19
447 2860 935 2967 συγέἶειοὲμῖίξομέν2ῗ.
954 2872 1233 2949 μαχησωμερὲ
1264 2909 1339 2950 Διά
1368 2871 1543 2961 wlfeard,-
1557 2869 1753 2947 ρμἔχὸηἷί

88 2982 141 3019 23
170 2970 323 3011 ‘lo-rtav
349 2971 488 3010 RSV
671 2983 724 3019 24
754 2970 806 3010 σὺ
835 2968 922 3007 CV
1105 2978 1157 3015 25
1187 2982 1216 3005 π
1242 2964 1351 3005 έπειν
1380 2964 1414 3002 C
1599 2966 1652 3002 26
1680 2967 1751 3003 τοῦ

90 3037 172 3066 om.
197 3025 237 3082 R
251 3024 332 3064 SV
461 3024 598 3078 λέγων
618 3025 657 3063 R
793 3022 943 3064 τοῦτό.
964 3052 973 3063 .
995 3024 1137 3074 ,ῥῆσις
1158 3021 1211 3060 de
1232 3049 1241 3060 .
1262 3018 1529 3059 Valckenaer
