2098 3320
65 141 125 191 11.
153 143 223 202 46
894 137 1321 187 HPOAOTOT

161 278 228 328 47
265 267 397 332 δεξιν
433 269 707 336 ἀνθρώπων
739 269 960 321 ἀπίκετο.
1047 268 1106 320 ὗν
1137 271 1190 320 δὲ
1222 269 1480 336 Αἰγύπτιοι
1515 267 1692 335 μιαρὸν
1722 268 1930 336 ἥγηνται

266 356 435 420 θηρίον
459 351 600 406 εἶναι·
650 353 727 404 καὶ
751 357 893 405 τοῦτο
915 351 1022 419 μέν,
1047 352 1109 418 ἥν
1133 374 1206 407 τις
1228 352 1405 425 ψαύσῃ
1430 352 1590 404 αὐτῶν
1614 354 1802 420 παριὼν
1826 355 1926 413 ὑός,

266 440 462 491 αὐτοῖσι
498 442 632 490 τοῖσι
671 439 910 503 ἱματίοισι
950 436 1035 489 ἀπ’
1073 435 1143 489 ῶν
1182 437 1354 505 ἔβαψε
1395 437 1577 489 ἑωυτὸν
1617 440 1716 503 βὰς
1756 440 1807 491 ἐς
1842 438 1930 491 τὸν

0 529 64 587 ³3¹⁸
90 523 199 600 ἕνῇ-Ἴ
266 523 502 588 ποταμόν,
535 527 679 574 τοῦτο
710 524 763 574 δὲ
794 523 839 574 οἱ
871 526 1101 587 συβῶται
1131 523 1297 589 ἐόντες
1330 522 1591 590 Αἰγύπτιοι
1620 521 1849 589 ἐγγενέες
1878 524 1930 578 ἐς

267 607 372 674 ἱρὸν
402 607 542 658 οὐδὲν
571 611 670 658 τῶν
701 608 755 659 ἐν
788 606 1020 676 Αἰγύπτῳ
1052 605 1347 674 ἐσέρχονται
1375 610 1549 672 μοῦνοι
1578 605 1791 665 πάντων,
1817 606 1931 659 οὐδέ
1954 627 1978 669 5

267 698 363 758 σφι
395 692 677 743 ἐκδίδοσθαι
714 690 872 745 οὐδεὶς
909 689 1154 758 θυγατέρα
1194 690 1355 743 ἐθέλει
1387 690 1487 742 οὐδ’
1518 690 1730 758 ἄγεσθαι
1759 688 1819 754 ἐξ
1844 691 1928 743 αὐ-

265 781 379 834 τῶν,
406 775 521 828 ἀλλ’
544 776 821 827 ἐκδίδονταί
840 796 894 827 τε
917 777 963 827 οἱ
989 780 1214 841 συβῶται
1246 775 1326 827 καὶ
1355 774 1559 842 ἄγονται
1590 774 1648 840 ἐξ
1674 775 1930 841 ἀλλήλων.

201 881 223 911 2
263 865 396 912 τοῖσι
424 858 516 925 μέν
539 881 626 912 νυν
649 859 856 911 ἄλλοισι
888 863 1048 912 θεοῖσι
1074 858 1207 912 θύειν
1230 859 1285 913 ὗς
1309 860 1365 911 οὐ
1389 862 1629 911 δικαιεῦσι
1653 859 1928 927 Αἰγύπτιοι,

266 943 464 1017 Σελήνῃ
488 947 541 996 δὲ
574 945 654 996 καὶ
679 945 912 1015 Διονύσῳ
947 944 1179 1010 μούνοισι
1208 948 1296 996 τοῦ
1326 944 1474 996 αὐτοῦ
1503 944 1700 1012 χρόνου,
1726 951 1787 1017 τῇ
1810 945 1931 1017 αὐτῇ

266 1027 586 1099 πανσελήνῳ,
612 1029 724 1083 τοὺς
754 1029 809 1082 ὗς
840 1030 1081 1083 θύσαντες
1105 1028 1371 1081 πατέονται
1393 1034 1492 1081 τῶν
1517 1033 1686 1095 κρεῶν.
1751 1028 1813 1080 δι’
1836 1030 1865 1080 ὅ
1886 1050 1932 1082 τι
1960 1052 2010 1081 ιο

267 1118 319 1165 δὲ
351 1113 463 1168 τοὺς
491 1114 547 1167 ὗς
579 1115 631 1166 ἐν
660 1116 751 1179 μὲν
781 1114 900 1186 τῇσι
936 1112 1126 1185 ἄλλῃσι
1162 1114 1336 1186 ὁρτῇσι
1366 1112 1760 1180 ἀπεστυγήκασι,
1796 1115 1858 1166 ἐν’
1880 1117 1933 1166 δὲ

266 1198 417 1270 ταύτῃ
464 1198 655 1258 θύουσι,
699 1198 809 1250 ἔστι
851 1200 944 1264 μὲν
986 1198 1141 1266 λόγος
1184 1198 1295 1266 περὶ
1340 1198 1488 1251 αὐτοῦ
1526 1197 1607 1250 ὑπ’
1647 1195 1932 1265 Αἰγυπτίων

265 1283 552 1350 λεγόμενος,
588 1283 695 1348 ἐμοὶ
724 1282 894 1349 μέντοι
931 1281 1244 1353 ἐπισταμένῳ
1279 1282 1364 1334 οὐκ
1402 1280 1793 1349 εὖπρεπέστερός
1823 1284 1934 1335 ἐστι

265 1364 526 1434 λέγεσθαι.
602 1369 748 1432 θυσίη
774 1370 826 1420 δὲ
856 1367 946 1432 ἥδε
966 1371 1064 1419 τῶν
1086 1368 1186 1419 ὑῶν
1208 1367 1268 1439 τῇ
1293 1365 1488 1439 Σελήνῃ
1511 1364 1750 1420 ποιέεται·
1781 1367 1934 1420 ἐπεὰν

267 1451 412 1524 θύσῃ,
451 1451 541 1517 τὴν
577 1450 724 1519 οὐρὴν
759 1450 915 1519 ἄκρην
956 1451 1037 1503 καὶ
1076 1451 1163 1504 τὸν
1201 1454 1405 1517 σπλῆνα
1443 1452 1523 1504 καὶ
1563 1450 1650 1503 τὸν
1690 1448 1976 1519 ἐπίπλοον-ι
1986 1475 2008 1515 5

242 1536 466 1589 συνθεὶς
496 1537 617 1602 ὁμοῦ
654 1535 758 1588 κατ’
791 1533 859 1588 ὧν
891 1535 1116 1604 ἐκάλυψε
1145 1535 1284 1608 πάσῃ
1315 1540 1402 1588 τοῦ
1434 1534 1632 1602 κτήνεος
1659 1536 1719 1608 τῇ
1751 1535 1935 1608 πιμελῇ

265 1621 324 1692 τῇ
349 1620 460 1687 περὶ
484 1619 574 1685 τὴν
597 1620 745 1686 νηδὺν
769 1618 1005 1693 γινομένῃ
1031 1620 1109 1673 καὶ
1140 1621 1312 1673 ἔπειτα
1343 1621 1590 1687 καταγίζει
1621 1621 1751 1688 πυρί·
1797 1622 1858 1672 τᾶ
1880 1623 1934 1676 δὲ

267 1704 402 1757 ἄλλα
447 1703 564 1772 κρέα
610 1702 859 1757 σιτέονται
903 1706 957 1757 ἐν
1003 1706 1063 1777 τῇ
1107 1703 1407 1776 πανσελήνῳ
1454 1706 1508 1757 ἐν
1549 1706 1609 1776 τῇ
1648 1703 1710 1757 ἀν
1748 1706 1810 1756 τᾶ
1855 1706 1934 1773 ip&

268 1789 441 1848 θύωσι,
490 1792 544 1842 ἐν
589 1789 724 1862 ἄλλῃ.
768 1792 821 1842 δὲ
865 1788 1020 1862 ἡμέρῃ
1064 1788 1150 1842 οὐκ
1194 1789 1256 1842 ἂν
1300 1789 1374 1842 ἔτι
1415 1791 1703 1856 γευσαίατο.
1790 1791 1836 1842 οἱ
1881 1791 1934 1841 δὲ

268 1870 477 1939 πένητες
514 1873 674 1926 αὐτῶν
702 1873 784 1926 ὕπ’
815 1875 1078 1940 ἀσθενείης
1111 1875 1229 1941 βίου
1266 1874 1521 1928 σταιτίνας
1557 1872 1845 1928 πλάσαντες
1868 1871 1935 1928 Υὗς
1959 1893 2010 1922 20

270 1959 349 2011 καὶ
379 1958 691 2025 ὀπτήσαντες
720 1958 899 2012 ταύτας
931 1958 1119 2011 θύουσι.
1782 1955 1784 1957 ‚

0 2058 99 2084 »Μ
162 2046 231 2108 48
353 2047 436 2114 Τῷ
477 2046 531 2096 δὲ
571 2043 801 2113 Διονύσῳ
844 2045 931 2108 τῆς
976 2044 1122 2110 ὁρτῆς
1164 2045 1443 2117 η’ῂδορπίῃ
1487 2048 1660 2112 χοῖρον
1699 2042 1796 2111 πρὸ
1833 2046 1934 2096 τῶν

271 2126 457 2195 θυρέων
481 2126 682 2194 σφάξας
713 2128 922 2182 ἕκαστος
952 2131 1081 2180 διδοῖ
1109 2128 1453 2197 ἀποφέρεσθαι
1483 2127 1571 2180 τὸν
1600 2132 1774 2196 χοῖρον
1804 2126 1932 2196 αὐτῷ

204 1392 228 1434 υ)

205 2233 229 2263 2
269 2217 337 2282 τῷ
385 2211 672 2282 ἀποδομένῳ
720 2216 820 2264 τῶν
868 2211 1156 2278 συβωτέων.
1242 2212 1334 2277 τὴν
1383 2215 1437 2265 δὲ
1482 2211 1643 2277 ἄλλην
1689 2209 1932 2278 ἀνάγουσι

271 2295 419 2363 ὁρτὴν
458 2301 525 2366 τῷ
569 2296 801 2366 Διονύσῳ
850 2298 896 2348 οἱ
937 2297 1200 2364 Αἰγύπτιοι
1240 2296 1376 2361 πλὴν
1414 2301 1580 2365 χορῶν
1620 2297 1742 2348 κατὰ
1781 2293 1934 2347 ταύτὰ
1958 2310 2006 2352 25

272 2379 459 2449 σχεδὸν
503 2379 664 2432 πάντα
698 2378 942 2445 ’Έλλησν
995 2381 1105 2433 ἀντὶ
1149 2383 1202 2434 δὲ
1247 2386 1460 2449 φαλλῶν
1502 2380 1636 2432 ἄλλα
1681 2382 1783 2448 σφί
1824 2381 1933 2431 ἐστι

271 2463 569 2532 ἐξευρημένα
615 2465 738 2516 ὅσον
785 2486 839 2517 τε
885 2470 1106 2533 πηχυαῖα
1153 2463 1417 2533 ἀγάλματα
1463 2465 1825 2532 νευρόσπαστα,
1873 2465 1934 2515 τὰ

273 2659 303 2698 S
315 2616 355 2697 λΙῖ
379 2603 631 2700 ἅγηιᾶζτιῖινεῧ
649 2672 657 2681 ·
689 2659 759 2700 ἀπι
770 2615 817 2700 *211
830 2604 1024 2697 θὲῗὲωέῧ
1039 2604 1077 2643 V
1163 2603 1307 2709 ’dl-{1¹:³⁶¹
1320 2603 1500 2698 ΚὺΒῙέἶν
1637 2606 1933 2700 ὅὸθτοῖσάῦεδῗῖς

274 2713 307 2752 Ρ
322 2713 360 2751 R
377 2713 406 2752 S
420 2713 458 2752 V
523 2677 552 2700 ω
623 2677 832 2755 αὐτέωιῖυΡ
848 2714 886 2752 R
902 2713 931 2751 S
945 2713 984 2752 V
1155 2677 1173 2700 ε
1205 2727 1227 2764 7
1259 2678 1486 2767 ἐίκδιδραταί
1507 2714 1540 2752 C
1707 2674 1875 2766 ἔῖἐαται
1895 2712 1930 2751 C

276 2781 326 2807 10
372 2769 465 2810 τοὺς
505 2767 586 2808 del.
630 2767 845 2818 Gomperz
1042 2779 1085 2806 11
1131 2767 1206 2817 μὲν
1243 2767 1283 2806 Α
1307 2768 1341 2807 Β
1380 2769 1460 2808 soli
1598 2769 1799 2820 ἀποστ-νγ.
1842 2766 1874 2807 S
1891 2766 1932 2807 V

275 2834 323 2871 15
355 2823 525 2863 ἐπίπλον
546 2823 583 2861 C
806 2825 855 2861 18
884 2822 981 2876 κρέα
1000 2835 1082 2862 om.
1106 2822 1145 2860 R
1162 2822 1192 2863 S
1205 2822 1243 2862 V
1381 2823 1615 2877 πανσελήνῃ
1638 2823 1671 2861 C
1809 2823 1859 2864 ἂν
1877 2822 1931 2864 τὰ

272 2889 353 2917 om.
379 2877 417 2914 R
616 2890 665 2927 19
693 2877 868 2919 θύσωσιν
885 2877 925 2916 Α
940 2877 975 2916 Β
994 2878 1027 2916 C
1231 2890 1285 2916 20
1314 2878 1426 2925 βιούς
1445 2895 1492 2920 τε
1511 2880 1624 2920 τινὰς
1646 2877 1685 2915 R
1701 2876 1783 2917 SV
1799 2890 1808 2916 ἒ
1838 2876 1931 2923 βίον

272 2943 352 2971 om.
376 2930 426 2969 Pt
605 2944 659 2971 22
688 2931 761 2987 τῇ]
781 2935 856 2982 τῆς
875 2936 927 2982 τῆ
949 2931 989 2970 R
1005 2932 1036 2972 S
1050 2932 1088 2971 V
1197 2932 1359 2986 δορπίης
1380 2932 1411 2972 S
1589 2945 1640 2982 24
1672 2936 1814 2980 συβοτ.
1839 2929 1879 2969 Α
1893 2929 1929 2969 Β

271 2997 324 3034 25
362 2988 397 3026 οἱ
426 2999 510 3026 om.
538 2985 675 3025 ABC
786 2987 936 3041 χοίρων
967 2986 1029 3026 P:
1067 2987 1219 3040 χαίρων
1249 2985 1287 3024 R
1304 2987 1385 3026 SV
1547 2989 1601 3027 26
1639 2997 1756 3039 σφισι
1787 2984 1827 3024 Α
1844 2984 1928 3024 BC

269 3053 321 3090 27
353 3040 606 3090 νευρόπαστα
628 3040 667 3079 R
