2098 3320
74 101 163 149 111.
193 112 282 162 154

195 491 281 541 Ι55

0 1683 241 1723 *Lm-m-

0 1729 283 1780 ‹ua-thaad*-

263 1944 285 1988 5
317 1919 496 1972 πείσας
538 1917 705 1986 σφέας
743 1922 895 1970 ταῦτα
931 1918 1068 1985 ἔχειν
1104 1919 1230 1970 οὕτω
1271 1915 1534 1982 τεύξεσθαι
1574 1919 1825 1983 στρατιῆς.
1917 1937 1980 1967 συ

939 98 1366 146 ΗΡΟΔΟΤΟὙ

322 232 376 282 ἐν
408 231 612 299 ἐλαφρῷ,
638 228 976 294 ποιησάμενος
1008 228 1191 280 ἑωυτὸν
1220 232 1452 293 λωβᾶται
1480 230 1657 295 λώβην
1687 228 1980 295 ἀνήκεστον·

321 315 590 379 ἀποταμὼν
619 316 715 380 γὰρ
748 317 931 366 ἑωυτοῦ
969 312 1059 377 τὴν
1097 314 1212 380 ῥῖνα
1247 314 1327 365 καὶ
1356 315 1417 364 τὰ
1453 310 1555 365 ὦτα
1597 314 1676 366 καὶ
1705 313 1796 378 τὴν
1827 314 1982 379 κόμην

322 403 479 452 κακῶς
531 399 808 465 περικείρας
863 397 941 449 καὶ
990 397 1320 464 μαστιγώσας
1379 396 1503 461 ἦλθε
1557 400 1690 464 παρὰ
1750 402 1979 472 Δαρεῖον.

324 487 535 550 Δαρεῖος
582 484 636 534 δὲ
690 480 843 548 κάρτα
893 478 1092 548 βαρέως
1138 481 1303 547 ἤνεικε
1353 483 1470 534 ἰδὼν
1515 481 1670 548 ἄνδρα
1715 480 1802 534 τὸν
1849 486 1979 534 δοκι-

319 567 546 632 μώτατον
601 565 981 632 λελωβημένον,
1043 566 1097 618 ἔκ
1154 588 1210 618 τε
1267 571 1353 619 τοῦ
1413 567 1591 633 θρόνου
1658 563 1980 631 ἀναπηδήσας
2004 589 2028 630 5

321 649 555 717 ἀνέβωσέ
595 672 649 702 τε
692 652 770 703 καὶ
813 651 971 717 ε’ίρετό
1010 671 1093 716 μιν
1134 651 1273 704 ὅστις
1315 653 1387 715 ε’ίη
1430 652 1456 701 ὁ
1496 649 1862 716 λωβησάμενος
1902 652 1982 703 καὶ

320 737 347 786 ὅ
378 757 424 787 τι
461 734 756 800 ποιήσαντα.
847 736 873 785 ὁ
909 738 962 788 δὲ
999 735 1123 787 εἶπε·
1170 735 1276 787 Οὐκ
1313 736 1425 788 ἔστι
1460 735 1602 789 οὗτος
1642 734 1765 802 ἀνὴρ
1804 735 1882 787 ὅτι
1913 734 1980 801 μὴ

322 820 401 880 σύ,
435 825 501 889 τῷ
545 820 655 872 ἐστὶ
700 820 901 885 δύναμις
946 820 1162 884 τοσαύτη
1206 821 1291 885 ἐμὲ
1333 819 1390 883 δὴ
1432 821 1526 871 ὧδε
1571 822 1826 878 διαθεῖναι,
1869 817 1984 873 οὐδέ

319 925 393 959 τις
425 905 720 971 ἀλλοτρίων,
754 902 792 956 ὦ
832 909 1068 970 βασιλεῦ,
1101 903 1217 956 τάδε
1253 904 1510 971 ἔργασται,
1543 903 1659 955 ἀλλ’
1697 903 1842 957 αὐτὸς
1883 904 1981 971 ἐγὼ

320 990 583 1054 ἐμεωυτόν,
618 989 780 1041 δεινόν
817 1010 864 1040 τι
903 988 1193 1054 ποιεύμενος
1224 988 1524 1055 Ἀσσυρίους
1564 987 1798 1060 Πέρσῃσι
1834 1009 1980 1040 κατα-

320 1077 491 1141 γελᾶν.
580 1075 606 1123 ὁ
657 1073 698 1124 δ’
752 1074 1006 1139 ἀμείβετο·
1065 1072 1140 1124 9Ω
1192 1073 1535 1141 σχετλιώτατε
1589 1073 1796 1140 ἀνδρῶν,
1851 1073 1979 1143 ἔργῳ

318 1163 384 1228 τῷ
439 1159 690 1228 αἰσχίστῳ
744 1158 928 1223 οὔνομα
978 1157 1035 1209 τὸ
1084 1156 1361 1209 κάλλιστον
1407 1157 1534 1216 ἔθευ,
1586 1158 1686 1224 φὰς
1737 1159 1817 1209 διὰ
1867 1157 1981 1213 τοὺς

319 1239 762 1309 πολιορκεομένους
811 1242 1029 1294 σεωυτὸν
1082 1239 1370 1307 ἀνηκέστως
1421 1245 1675 1294 διαθεῖναι·
1737 1243 1791 1294 τί
1834 1240 1891 1301 δ’,
1941 1238 1979 1292 ὦ

316 1326 509 1392 μάταιε,
559 1325 920 1392 λελωβημένου
969 1331 1059 1378 σεῦ
1105 1329 1303 1379 θᾶσσον
1349 1328 1395 1378 οἱ
1442 1325 1674 1391 πολέμιοι
1721 1323 1975 1392 παραστή-

319 1433 520 1472 σονται,·
577 1417 671 1465 κῶς
723 1411 810 1463 οὐκ
860 1410 1156 1476 ἐξέπλωσας
1207 1416 1304 1463 τῶν
1358 1416 1556 1478 φρενῶν
1608 1410 1826 1463 σεωυτὸν
1874 1413 1977 1463 δια-

316 1497 548 1562 φθείρας;
613 1497 639 1546 ὁ
684 1498 736 1548 δὲ
781 1495 903 1548 εἶπε·
970 1498 1030 1548 Εἰ
1070 1495 1161 1561 μέν
1205 1517 1283 1548 τοι
1326 1496 1614 1562 ὑπερετίθεα
1657 1497 1718 1547 τὰ
1762 1495 1978 1560 ἔμελλον

316 1579 565 1645 ποιήσειν,
588 1581 674 1633 οὐκ
698 1579 758 1631 ἄν
777 1602 838 1645 με
861 1584 1116 1647 περιεῖδες·
1164 1584 1250 1632 νῦν
1270 1579 1309 1631 δ’
1331 1579 1408 1632 ἐπ’
1430 1581 1672 1645 ἐμεωυτοῦ
1693 1579 1979 1644 βαλόμενος

316 1664 520 1732 ἔπρηξα.
608 1664 699 1730 ἤδη
738 1663 823 1724 ὧν,
856 1660 915 1728 ἢν
950 1664 1017 1729 μὴ
1054 1669 1151 1716 τῶν
1192 1669 1297 1716 σῶν
1334 1661 1505 1735 δεήσῃ,
1545 1662 1772 1731 αἱρέομεν
1810 1667 1977 1728 Βαβυ-

315 1755 470 1801 λῶνα.
561 1750 659 1816 ἐγὼ
690 1751 781 1815 μὲν
811 1751 906 1816 γὰρ
937 1749 1001 1802 ὡς
1039 1749 1139 1816 ἔχω
1171 1746 1502 1814 αὐτομολήσω
1535 1749 1585 1802 ἐς
1615 1747 1672 1799 τὸ
1701 1752 1868 1815 τεῖχος
1899 1747 1979 1799 καὶ

317 1833 466 1900 φήσω
504 1833 626 1901 πρὸς
660 1833 836 1887 αὐτοὺς
874 1833 938 1886 ὡς
975 1832 1070 1886 ὑπὸ
1109 1838 1199 1885 σεῦ
1232 1832 1350 1885 τάδε
1384 1831 1623 1884 πέπονθα.
1714 1832 1794 1883 καὶ
1824 1829 1976 1883 δοκέω

1957 1915 1972 1934 x

317 2002 387 2062 δέ,
421 2001 504 2055 ἀπ’
535 2002 592 2067 ἧς
621 2001 683 2054 ἂν
713 2001 897 2069 ἡμέρης
927 2002 1024 2069 ἐγὼ
1055 2001 1250 2053 ἐσέλθω
1290 2003 1340 2054 ἐς
1377 2000 1432 2052 τὸ
1455 2006 1639 2070 τεῖχος,
1674 2000 1771 2053 ἀπὸ
1799 1999 1979 2064 ταύτης

318 2089 369 2141 ἐς
420 2086 628 2151 δεκάτην
677 2085 864 2154 ἡμέρην
916 2089 1003 2151 τῆς
1055 2090 1274 2138 σεωυτοῦ
1325 2088 1575 2152 στρατιῆς,
1630 2088 1718 2150 τῆς
1767 2086 1980 2150 μηδεμία

318 2172 463 2223 ἔσται
506 2172 605 2238 ὤρη
650 2169 1016 2236 ἀπολλυμένης,
1064 2170 1243 2234 ταύτης
1286 2171 1480 2238 χιλίους
1524 2168 1675 2234 τάξον
1725 2171 1847 2222 κατὰ
1891 2170 1979 2222 τὰς

318 2254 616 2322 Σεμιράμιος
669 2253 972 2320 καλεομένας
1022 2254 1198 2308 πύλας·
1265 2256 1389 2319 μετὰ
1441 2255 1494 2304 δὲ
1554 2253 1688 2306 αῦτις
1746 2252 1842 2305 ἀπὸ
1891 2255 1979 2317 τῆς

318 2338 524 2403 δεκάτης
555 2341 605 2393 ἐς
635 2339 858 2405 ἑβδόμην
894 2338 1080 2391 ἄλλους
1115 2360 1199 2403 μοι
1235 2335 1384 2401 τάξον
1422 2339 1703 2405 δισχιλίους
1741 2338 1862 2389 κατὰ
1892 2338 1980 2390 τὰς

319 2425 510 2476 Νινίων
543 2422 845 2489 καλεομένας
881 2422 1058 2476 πύλας·
1106 2421 1205 2474 ἀπὸ
1241 2425 1292 2474 δὲ
1330 2424 1416 2486 τῆς
1458 2421 1676 2487 ἑβδόμης
1706 2422 1978 2473 διαλείπειν

375 2575 398 2599 2
430 2564 506 2612 τὴν
524 2564 613 2615 ῥῖνα
634 2563 783 2602 ἑωυτοῦ
806 2562 844 2600 R
860 2560 890 2600 S
905 2561 943 2599 V
1121 2575 1144 2609 4
1176 2561 1247 2601 τὸν
1270 2573 1351 2599 om.
1377 2559 1464 2597 AB
1481 2559 1514 2597 C
1531 2559 1563 2597 P
1726 2573 1751 2609 5
1781 2562 1843 2601 καὶ
1867 2560 1913 2602 ἔκ
1931 2579 1977 2602 τε

322 2615 458 2656 RSV
587 2615 930 2665 πηδήσαςΚΞἼ
1093 2614 1480 2656 6τεοῐῐι.ΑΒ(ἶ;
1513 2614 1657 2654 7·ιὸλῖ
1821 2627 1842 2664 7
1874 2616 1979 2669 ωνῆρ

319 2671 408 2710 AB
425 2671 458 2709 C
475 2671 508 2709 P
617 2672 643 2710 8
672 2673 766 2711 οὔτε
788 2671 827 2710 R
843 2671 923 2710 SV
1032 2683 1059 2720 9
1087 2670 1116 2711 ὦ
1138 2683 1220 2709 om.
1252 2669 1291 2707 R
1307 2670 1338 2708 S
1352 2668 1389 2707 V
1472 2668 1570 2709 τάδε
1593 2673 1802 2722 εἴργασται
1823 2670 1901 2721 (Sic
1923 2670 1977 2723 L)

319 2731 417 2773 βασ.
443 2726 483 2764 R
498 2725 528 2765 S
541 2726 580 2764 V
749 2738 797 2775 13
825 2723 1054 2774 -κευμένους
1075 2726 1115 2764 R
1130 2725 1161 2764 S
1175 2724 1212 2762 V
1347 2724 1381 2765 δ’
1404 2735 1486 2763 om.
1510 2722 1550 2761 A
1564 2723 1598 2761 B
1615 2724 1648 2762 C
1816 2736 1866 2774 15
1895 2729 1977 2766 πῶς

319 2779 359 2818 Α
374 2780 408 2818 Β
425 2780 459 2818 C
573 2779 838 2832 ἐξάμβλωσας
861 2780 900 2818 R
915 2779 997 2818 SV
1109 2781 1159 2818 16
1186 2778 1268 2831 τοι]
1297 2793 1362 2820 σοι
1382 2790 1592 2827 suprascr.
1616 2777 1657 2816 A
1742 2828 1745 2831 .
1776 2791 1822 2829 17
1854 2782 1976 2830 ἐμωυ-

319 2838 394 2875 ‘rofi
417 2834 456 2872 R
555 2834 815 2884 βαλλόμενος
837 2835 872 2873 Β
889 2834 929 2872 R
944 2833 974 2873 S
987 2833 1027 2872 V
1146 2834 1196 2872 18
1225 2833 1360 2881 δεήσει
1381 2832 1421 2871 Α
1434 2832 1469 2871 Β
1591 2845 1645 2872 20
1674 2832 1819 2874 ἔπαθον
1836 2831 1878 2871 Α
1890 2833 1926 2872 Β
1941 2833 1975 2872 C

320 2899 370 2927 ΩΙ
417 2888 631 2942 τεύξασθαι
672 2889 765 2928 RV
983 2901 1034 2938 23
1079 2890 1228 2928 ἑωυτοῦ
1269 2888 1306 2925 R
1330 2887 1361 2926 S
1377 2887 1415 2925 V
1579 2886 1742 2937 οὐδεμία
1777 2885 1818 2925 Α
1835 2886 1870 2925 Β
1889 2887 1923 2925 C
1943 2885 1978 2925 P

319 2956 372 2992 24
401 2943 494 2996 τὰς]
517 2947 591 2992 τῆς
613 2943 651 2980 R
665 2943 705 2982 V
869 2956 920 2992 25
951 2942 1211 2995 Σεμιράμιδος
1233 2942 1281 2987 C,
1304 2954 1409 2980 corr.
1441 2954 1457 2978 1
1631 2943 1685 2980 26
1714 2941 1874 2994 χιλίους
1895 2941 1928 2980 C
1944 2941 1977 2979 P

321 3010 371 3046 27
403 2999 598 3039 διαλιπὼν
617 2997 655 3035 Λ
671 2998 705 3035 Β
721 2998 754 3035 C
1388 3013 1392 3018 »

2007 1009 2058 1039 10

2009 1429 2054 1471 15

2007 1849 2058 1879 20

2004 2269 2054 2310 25
