2098 3320
781 79 1158 130 ΙΣΤΟΡΙΩΝ
1219 81 1260 131 Β
1893 81 1958 130 11.
1989 91 2078 145 14⁷

184 215 272 263 τοῦ
309 209 616 278 Ἱ-Ιφαίστου,
659 213 834 262 τοῦτον
875 209 1076 276 ἁπάσης
1113 210 1450 277 βασιλεύσειν
1482 209 1754 278 Αἰγύπτου·
1802 213 1853 264 ἐς

183 297 280 364 γὰρ
309 294 367 360 δὴ
398 297 460 347 τὰ
489 293 652 347 πάντα
683 296 763 362 ἱρὰ
794 294 1144 362 συνελέγοντο.
1223 295 1303 347 καὶ
1339 294 1397 360 δή
1429 302 1526 364 σφι
1555 296 1852 362 μνημόσυνα
1888 305 1980 364 148

183 378 326 444 ἔδοξε
353 378 594 432 λιπέσθαι
618 386 772 452 κοινῇ,
800 379 950 444 δόξαν
978 379 1033 432 δέ
1065 386 1161 447 σφι
1187 378 1492 445 ἐποιήσαντο
1522 381 1848 447 λαβύρινθον,

183 464 358 532 ὀλίγον
403 464 527 531 ὑπὲρ
571 466 659 528 τῆς
708 464 887 529 λίμνης
937 467 1026 529 τῆς
1074 465 1285 532 Μοίριος
1333 467 1456 516 κατὰ
1504 466 1852 532 Κροκοδείλων

136 571 158 613 5
184 547 491 614 καλεομένην
524 549 673 600 πόλιν
702 547 927 614 μάλιστά
959 570 1017 620 κῃ
1051 551 1293 614 κείμενον·
1340 548 1427 600 τὸν
1459 550 1556 616 ἐγὼ
1593 549 1686 618 ἤδη
1718 548 1920 603 εἳδονω
1947 561 2066 609 §w

181 634 338 701 λόγου
375 631 523 698 μέζω.
615 634 658 685 εἷ
697 632 792 700 γάρ
832 654 906 686 τις
945 636 1006 684 τὰ
1046 632 1104 698 ἐξ
1143 631 1410 698 Ἑλλήνων
1454 634 1626 702 τείχεά
1669 656 1724 687 τε
1770 637 1850 688 καὶ
1886 656 1910 686 2

182 717 341 786 ἔργων
381 715 615 782 ἀπόδεξιν
656 718 1039 784 συλλογίσαιτο,
1074 717 1361 771 ἐλάσσονος
1399 720 1551 771 πόνου
1585 741 1654 788 τε,
1677 719 1738 772 ἂν
1771 720 1850 772 καὶ

182 801 403 867 δαπάνης
427 803 607 869 φανείη
641 802 786 854 ἐόντα
817 806 903 853 τοῦ
932 804 1237 868 λαβυρίνθου
1262 802 1451 855 τούτου.
1529 805 1687 855 καίτοι
1712 802 1847 868 ἀξιό-

181 887 334 954 λογός
362 907 421 954 γε
454 886 531 938 καὶ
563 887 588 937 6
621 888 675 938 ἐν
703 885 910 957 Ἐφέσῳ
943 887 1053 939 ἐστὶ
1084 887 1200 952 νηὸς
1233 888 1310 939 καὶ
1342 889 1368 937 ὁ
1400 889 1453 939 ἐν
1484 886 1648 958 Σάμῳ.
1717 889 1850 954 ἦσαν
1883 910 1908 953 3

61 1000 71 1004 -
113 990 160 1021 10
179 970 272 1037 μέν
303 991 391 1023 νυν
415 971 494 1023 καὶ
526 973 575 1023 αἱ
606 971 874 1038 πυραμίδες
903 971 1061 1038 λόγου
1090 971 1292 1037 μέζονες
1318 973 1397 1024 καὶ
1420 978 1629 1024 πολλῶν
1661 972 1848 1038 ἑκάστη

181 1054 369 1108 αὐτέων
407 1055 721 1120 Ἑλληνικῶν
762 1055 922 1122 ἔργων
964 1057 1043 1108 καὶ
1082 1055 1318 1123 μεγάλων
1359 1055 1583 1122 ἀνταξίη,
1628 1059 1654 1108 6
1695 1060 1748 1110 δὲ
1789 1058 1847 1122 δὴ

135 1139 486 1207 λαβύρινθος
517 1140 597 1192 καὶ
626 1142 716 1195 τὰς
746 1141 1020 1207 πυραμίδας
1050 1139 1381 1209 ὑπερβάλλει.
1470 1146 1558 1193 τοῦ
1593 1163 1689 1209 γαρ
1724 1143 1845 1194 δυώ-
1882 1165 1909 1207 4

181 1228 298 1277 δεκα
332 1222 429 1290 ’μέν
469 1226 571 1277 εἶσι
611 1224 759 1277 αὐλαὶ
803 1224 1119 1293 κατάστεγοι,
1164 1226 1426 1277 ἀντίπυλοι
1467 1225 1744 1298 ἀλλήλῃσι,
1794 1224 2098 1290 ego-vmd*

179 1312 270 1375 μὲν
301 1308 424 1376 πρὸς
461 1308 644 1377 βορέω,
678 1307 738 1375 ἓξ
769 1311 823 1362 δε
862 1308 985 1377 πρὸς
1025 1310 1170 1362 νότον
1210 1308 1554 1376 τετραμμέναι,
1590 1310 1845 1379 συνεχέες·

109 1414 155 1456 15
179 1398 350 1463 τοῖχος
389 1396 442 1447 δὲ
482 1392 667 1459 ἔξωθεν
707 1395 734 1445 6
774 1393 921 1448 αὐτός
963 1401 1129 1462 σφεας
1168 1393 1432 1462 περιέργει.
1518 1394 1764 1461 ὀἰκήματα
1802 1395 1846 1447 δ’

179 1477 348 1531 ἔνεστι
378 1477 546 1538 διπλά,
580 1481 641 1531 τᾶ
670 1481 762 1545 μὲν
792 1480 1024 1546 ὑπόγαια,
1051 1481 1111 1531 τὰ
1143 1481 1196 1531 δὲ
1225 1478 1450 1547 μετέωρα
1482 1479 1558 1531 ἐπ’
1590 1481 1842 1540 ἐκείνοισι,

179 1563 439 1632 τρισχίλια
483 1564 705 1629 ἀριθμόν,
748 1564 1090 1617 πεντακοσίων
1132 1564 1211 1615 καὶ
1251 1564 1433 1632 χιλίων
1473 1563 1696 1632 ἑκάτερα.
1783 1567 1844 1616 τὰ
1884 1584 1904 1630 5

178 1646 273 1713 μέν
295 1668 383 1700 νυν
411 1646 634 1716 μετέωρα
656 1653 755 1700 τῶν
787 1647 1068 1714 οἰκημάτων
1092 1649 1235 1700 αὐτοί
1262 1670 1315 1700 τε
1347 1648 1548 1716 ὡρῶμεν
1577 1647 1844 1714 διεξιόντες

181 1731 261 1784 καὶ
284 1731 422 1785 αὐτοὶ
446 1731 747 1799 θεησάμενοι
775 1731 1011 1800 λέγομεν,
1037 1734 1097 1784 τὰ
1128 1735 1180 1784 δὲ
1213 1732 1372 1784 αὐτῶν
1402 1734 1618 1800 ὑπόγαια
1639 1734 1844 1800 λόγοισι

106 1836 158 1866 20
179 1817 569 1883 ἐπυνθανόμεθα.
644 1820 691 1870 οἱ
721 1818 817 1886 γὰρ
842 1818 1149 1871 ἐπεστεῶτες
1171 1821 1270 1869 τῶν
1290 1819 1575 1884 Αἰγυπτίων
1599 1819 1844 1870 δεικνύναι

178 1901 303 1954 αὐτὰ
343 1901 566 1968 οὐδαμῶς
596 1901 795 1968 ἤθελον,
830 1899 1046 1969 φάμενοι
1087 1900 1238 1966 θήκας
1275 1902 1446 1954 αὐτόθι
1487 1903 1612 1955 εἶναι
1651 1908 1750 1954 τῶν
1790 1924 1845 1955 τε

180 1986 340 2056 ἀρχὴν
380 1986 466 2040 τὸν
509 1987 819 2054 λαβύρινθον
858 1990 1034 2039 τοῦτον
1074 1986 1541 2053 οἰκοδομησαμένων
1580 1986 1843 2052 βασιλέων

180 2071 259 2123 καὶ
289 2076 389 2124 τῶν
419 2074 536 2138 ἱρῶν
568 2072 913 2138 κροκοδείλων.
995 2070 1121 2122 οὕτω
1153 2075 1253 2123 τῶν
1280 2074 1372 2136 μὲν
1405 2070 1534 2123 κάτω
1565 2070 1678 2138 πέρι
1707 2073 1840 2135 οἷκη-
1878 2080 1906 2124 6

176 2154 344 2221 μάτων
397 2157 520 2230 ἀκοῇ
571 2157 956 2223 παραλαβόντες
1007 2155 1239 2223 λέγομεν,
1292 2157 1354 2207 τὰ
1405 2158 1459 2207 δὲ
1510 2155 1610 2208 ἄνω
1660 2155 1844 2221 μέζονα

107 2258 154 2300 25
178 2241 504 2309 ἀνθρωπηίων
535 2240 694 2308 ἔργων
726 2240 863 2293 αὐτοὶ
888 2240 1106 2307 ὡρῶμεν·
1156 2241 1212 2292 αἵ
1237 2262 1288 2293 τε
1323 2243 1419 2308 γὰρ
1442 2239 1604 2306 ἔξοδοι
1636 2242 1715 2291 διὰ
1745 2244 1844 2292 τῶν

178 2324 403 2392 στεγέων
428 2326 506 2378 καὶ
529 2327 575 2378 οἱ
607 2324 824 2394 εἱλ-ξγμοὶ
854 2327 935 2377 διὰ
958 2330 1058 2378 τῶν
1083 2324 1276 2378 αὐλέων
1301 2326 1468 2379 ἐόντες
1491 2325 1845 2377 ποικιλώτατοι
1857 2333 2098 2434 ὒὼὲἶ

178 2411 318 2475 θῶμα
357 2411 533 2478 μυρίον
572 2410 875 2479 παρείχοντο
917 2408 977 2475 ἐξ
1009 2410 1164 2476 αὐλῆς
1204 2432 1258 2462 τε
1300 2413 1351 2464 ἐς
1390 2412 1451 2461 τὰ
1493 2408 1733 2475 οἰκήματα
1772 2413 1842 2461 δι-

235 2561 253 2587 1
287 2547 347 2600 ἐς]
370 2550 421 2590 ὡς
449 2548 561 2588 RS:
591 2548 692 2590 {fs-V
909 2561 934 2597 4
966 2547 1112 2602 Μύριος
1142 2548 1275 2588 RSV
1497 2560 1520 2597 5
1550 2547 1843 2590 YssovPRSV

177 2615 200 2653 7
230 2602 298 2655 τε]
320 2603 373 2644 τὰ
394 2603 424 2642 S
445 2618 453 2642 :
482 2604 531 2644 τὸ
551 2604 590 2642 V
744 2615 772 2653 9
798 2601 871 2655 γε]
895 2606 939 2644 δε
962 2604 1043 2643 SV
1154 2605 1249 2644 νεὼς
1272 2603 1310 2642 R
1325 2603 1407 2642 SV
1562 2616 1605 2643 11
1636 2603 1843 2654 μεγίστων

177 2656 213 2697 Ρ
340 2658 499 2711 ἆντεξίη
522 2658 613 2697 RV
807 2670 858 2708 13
889 2660 928 2700 αἱ
948 2658 1067 2699 αὐλαὶ
1091 2658 1130 2696 R
1145 2658 1226 2698 SV
1413 2671 1460 2707 14
1491 2657 1638 2712 βορέην
1661 2657 1694 2696 Ρ
1709 2658 1747 2696 R
1762 2657 1843 2696 SV

181 2722 230 2762 15
260 2711 403 2766 ἔξωθεν
420 2726 502 2752 om.
525 2713 555 2752 S
568 2713 607 2751 V
775 2714 826 2752 16
855 2715 976 2754 διπλᾶ
996 2713 1059 2751 V:
1091 2716 1216 2754 διπλᾶ
1236 2712 1327 2752 rell.
1454 2713 1608 2765 ὑπόγεα
1631 2712 1690 2751 Rc
1707 2718 1780 2762 (m.
1799 2724 1837 2755 1:

176 2766 220 2807 it.
249 2767 322 2818 19)
434 2767 499 2808 ὑπ’
522 2768 559 2806 R
574 2767 605 2807 S
617 2767 656 2806 V
801 2770 851 2807 18
880 2771 1032 2819 ὁρῶμεν
1054 2767 1093 2806 Α
1108 2767 1143 2806 Β
1158 2768 1191 2807 C
1207 2768 1246 2807 R
1261 2768 1290 2807 S
1304 2768 1341 2806 V
1492 2781 1544 2806 22
1576 2768 1731 2809 τούτων
1750 2766 1788 2806 Α
1804 2765 1839 2805 Β

176 2833 230 2872 25
260 2822 488 2874 ἆνθρωπίων
508 2821 566 2862 R¹
706 2825 858 2876 ὁρῶμεν
878 2823 918 2861 R
936 2822 965 2861 S
981 2823 1019 2861 V
1161 2824 1291 2876 ἄξοδοι
1315 2824 1353 2862 R
1550 2825 1604 2862 26
1630 2821 1739 2877 γέων
1759 2822 1790 2861 S
1803 2820 1843 2859 V

178 2877 399 2972 ειὶίιῖέιένοι
419 2876 458 2916 Α
474 2876 509 2916 Β
523 2877 580 2918 C:
613 2840 774 2932 {Atypflst
797 2877 831 2917 Ρ
845 2878 884 2917 R
900 2878 929 2916 S
942 2879 980 2916 V
1126 2890 1177 2927 27
1209 2882 1341 2929 θωυμα
1361 2877 1395 2916 C
1409 2878 1442 2917 P
1456 2879 1495 2918 R
1511 2877 1542 2918 S
1553 2878 1593 2917 V
1703 2879 1757 2920 εἷς
1776 2877 1816 2918 V
1832 2890 1842 2916 ε

178 2946 230 2972 κα
