2098 3320
749 171 1128 220 ιΣΤοΡΙ-ΩΝ
1189 172 1227 218 Γ
1859 172 1950 221 111.
1981 171 2047 231 38

150 300 366 370 πατέρας
417 298 826 374 ἀποθνῄσκοντας
877 300 1278 354 κατασιτέεσθαι·
1339 302 1388 354 οἱ
1434 302 1488 352 δὲ
1532 298 1608 352 ἐπ’
1657 299 1820 352 οὐδενὶ

152 386 354 454 ἔφασαν
384 386 545 454 ἔρδειν
573 383 636 439 ἂν
664 390 824 440 τοῦτο.
919 390 1130 454 Δαρεῖος
1160 388 1215 439 δὲ
1247 386 1374 452 μετὰ
1408 388 1562 437 ταῦτα
1599 383 1820 438 καλέσας
1855 405 1882 447 4

151 470 325 524 Ἰνδῶν
360 470 475 525 τοὺς
512 470 842 538 καλεομένους
873 472 1180 531 Καλλατίας,
1213 471 1260 523 οἳ
1300 470 1416 524 τοὺς
1454 468 1634 537 γονέας
1675 490 1816 521 κατε-

152 555 370 615 σθίουσι,
413 557 588 623 εἴρετο,
621 556 909 624 παρεόντων
946 561 1044 609 τῶν
1073 553 1339 620 Ἑλλήνων
1376 554 1455 608 καὶ
1492 553 1553 606 δι’
1585 553 1820 622 ἑρμηνέος

103 660 125 702 5
149 640 504 707 μανθανόντων
547 642 610 693 τὰ
655 641 921 709 λεγόμενα,
969 640 1051 693 ἐπὶ
1094 640 1192 693 τίνι
1237 638 1455 709 χρήματι
1499 637 1714 704 δεξαίατ’
1757 636 1820 691 ἂν

149 729 484 780 τελευτῶντας
524 725 638 781 τοὺς
677 724 895 794 πατέρας
937 726 1219 778 κατακαίειν
1257 726 1390 792 πυρί·
1453 726 1500 776 οἱ
1544 726 1599 776 δὲ
1642 722 1818 790 ἀμβώ-

152 831 333 865 σαντες
361 809 492 878 μέγα
522 809 792 879 εὐφημέειν
821 831 907 876 μιν
937 809 1183 863 ἐκέλευον.
1273 811 1398 862 οὕτω
1428 807 1521 874 μέν
1551 829 1638 861 νυν
1667 812 1823 860 ταῦτα

150 896 455 961 νενόμισται,
496 896 575 948 καὶ
615 896 773 963 ὀρθῶς
811 917 897 962 μοι
938 893 1098 947 δοκέει
1129 896 1381 962 Πίνδαρος
1422 897 1630 959 ποιῆσαι
1669 893 1821 959 νόμον

152 979 351 1032 πάντων
380 979 606 1046 βασιλέα
636 978 807 1047 φήσας
838 979 980 1032 εἶναι.

81 1085 128 1114 ιο
238 1064 528 1130 Καμβύσεω
573 1067 627 1117 δὲ
664 1063 740 1117 ἐπ’
782 1066 1036 1133 Αἴγυπτον
1081 1062 1477 1131 στρατευομένου
1517 1060 1822 1127 ἐποιήσαντο
1858 1075 1930 1125 39

0 1211 2 1213 ¹
155 1148 233 1200 καὶ
263 1149 648 1215 Λακεδαιμόνιοι
680 1150 949 1217 στρατηίην
981 1149 1061 1201 ἐπὶ
1094 1147 1262 1214 Σάμον
1297 1169 1352 1200 τε
1382 1148 1463 1200 καὶ
1494 1145 1824 1214 Πολυκράτεα

0 1219 111 1296 E„
152 1232 239 1301 τὸν
270 1231 496 1294 Αἰάκεος,
529 1232 583 1289 ὃς
614 1233 740 1303 ἔσχε
773 1233 940 1300 Σάμον
971 1232 1274 1302 ἐπαναστάς.
1342 1232 1422 1284 καὶ
1452 1233 1513 1284 τὰ
1535 1235 1636 1298 μὲν
1651 1235 1823 1298 πρῶτα
1856 1251 1881 1282 2

152 1318 297 1390 τριχῇ
330 1317 614 1384 δασάμενος
649 1317 740 1383 τὴν
771 1319 922 1371 πόλιν
957 1322 1092 1370 τοῖσι
1127 1318 1429 1385 ἀδελφεοῖσι
1466 1315 1821 1386 Πανταγνώτῳ
1889 1345 1894 1351 ·

125 1403 232 1455 ’καὶ
263 1406 557 1456 Συλοσῶντι
599 1402 777 1469 ἔνειμε,
810 1404 934 1469 μετὰ
971 1405 1024 1454 δὲ
1061 1401 1147 1454 τὸν
1180 1404 1274 1468 μὲν
1309 1401 1470 1453 αὐτῶν
1506 1402 1819 1460 ἀποκτείνας,

79 1504 126 1547 15
152 1485 238 1539 τὸν
268 1489 323 1540 δὲ
353 1486 592 1555 νεώτερον
633 1491 938 1540 Συλοσῶντα
974 1484 1222 1552 ἐξελάσας
1258 1485 1385 1555 ἔσχε
1419 1489 1591 1537 πᾶσαν
1632 1484 1819 1551 Σάμον,

151 1570 282 1640 ἔχων
314 1573 367 1626 δὲ
397 1569 585 1638 ξεινίην
623 1570 812 1639 Ἀμάσι
845 1576 913 1642 τῷ
948 1571 1210 1639 Αἰγύπτου
1241 1569 1455 1637 βασιλέϊ
1494 1568 1819 1635 συνεθήκατο,

151 1654 360 1722 πέμπων
407 1678 462 1711 τε
508 1660 642 1724 δῶρα
691 1658 770 1709 καὶ
817 1657 1082 1722 δεκόμενος
1128 1654 1264 1707 ἄλλα
1310 1654 1426 1723 παρ’
1472 1656 1677 1708 ἐκείνου.
1767 1656 1821 1707 ἐν
1854 1676 1878 1719 3

150 1741 317 1811 χρόνῳ
364 1743 418 1794 δὲ
471 1742 627 1812 ὀλίγῳ
679 1741 852 1794 αὐτίκα
903 1745 989 1793 τοῦ
1043 1739 1392 1807 Πολυκράτεος
1443 1741 1504 1791 τὰ
1556 1738 1822 1807 πρήγματα

151 1823 327 1890 ηὔξετο
359 1825 439 1878 καὶ
472 1824 533 1891 ἦν
562 1825 838 1893 βεβωμένα
867 1824 963 1878 ἀνά
999 1847 1054 1877 τε
1084 1824 1174 1889 τὴν
1204 1823 1397 1889 Ἰωνίην
1430 1825 1507 1877 καὶ
1538 1824 1628 1889 τὴν
1658 1818 2098 1894 ἄλληνβνΜσ-Μ.

79 1928 129 1957 20
151 1908 393 1966 Ἑλλάδα·
439 1912 556 1963 ὅκου
589 1912 684 1979 γὰρ
728 1910 915 1964 ἰθύσειε
954 1909 1332 1978 στρατεύεσθαι,
1366 1907 1530 1961 πάντα
1558 1911 1604 1961 οἱ
1636 1909 1821 1976 ἐχώρεε

153 1993 413 2063 εὐτυχέως.
481 1995 657 2060 ἔκτητο
687 1998 742 2049 δὲ
773 1994 1190 2061 πεντηκοντέρους
1222 2015 1276 2046 τε
1308 1993 1483 2046 ἑκατὸν
1515 1994 1596 2046 καὶ
1627 1995 1822 2062 χιλίους

152 2077 373 2144 τοξότας.
462 2080 612 2147 ἔφερε
649 2082 703 2133 δὲ
740 2081 820 2133 καὶ
855 2079 947 2148 ἦγε
984 2078 1174 2132 πάντας
1210 2080 1471 2145 διακρίνων
1515 2077 1705 2130 οὐδένα·
1751 2083 1820 2148 τῷ
1855 2101 1882 2142 4

153 2164 247 2230 γὰρ
299 2166 435 2234 φίλῳ
487 2164 585 2232 ἔφη
639 2168 927 2233 χαριεῖσθαι
979 2168 1177 2230 μᾶλλον
1231 2163 1494 2216 ἀποδιδοὺς
1546 2165 1608 2215 τὰ
1660 2162 1821 2228 ἔλαβε

152 2243 182 2311 ἢ
211 2247 372 2317 ἀρχὴν
400 2251 524 2314 μηδὲ
547 2250 741 2315 λαβών.
809 2250 999 2317 συχνὰς
1023 2250 1114 2314 μὲν
1146 2247 1202 2312 δὴ
1228 2252 1325 2299 τῶν
1351 2245 1519 2311 νήσων
1542 2246 1819 2313 ἀραιρήκεε,

79 2352 125 2392 25
154 2334 322 2384 πολλὰ
353 2336 407 2386 δὲ
445 2333 525 2385 καὶ
558 2336 645 2398 τῆς
679 2333 886 2400 ἠπείρου
922 2332 1096 2385 ἄστεα.
1188 2334 1241 2383 ἐν
1270 2334 1323 2383 δὲ
1360 2331 1418 2395 δὴ
1457 2331 1536 2382 καὶ
1566 2333 1823 2397 Λεσβίους

152 2419 462 2490 πανστρατιῇ
523 2416 833 2483 βοηθέοντας
893 2419 1201 2482 Μιλησίοισι
1260 2416 1507 2487 ναυμαχίῃ
1571 2415 1822 2483 κρατήσας

151 2502 272 2561 εἷλε,
319 2502 366 2555 οἳ.
411 2501 502 2567 τὴν
545 2501 742 2570 τάφρον
786 2503 898 2569 περὶ
942 2501 1000 2554 τὸ
1044 2506 1210 2570 τεῖχος
1254 2500 1311 2552 τὸ
1357 2503 1409 2552 ἐν
1455 2499 1604 2571 Σάμῳ
1651 2504 1822 2552 πᾶσαν

210 2651 227 2677 1
259 2639 436 2695 πατέρας
455 2653 537 2681 om.
563 2639 645 2679 SV
772 2653 796 2678 2
827 2638 971 2692 τοῦτο]
993 2641 1124 2681 ταῦτα
1147 2638 1186 2676 R
1202 2638 1232 2678 S
1249 2639 1287 2677 V
1308 2637 1427 2689 Orig.
1560 2651 1586 2688 3
1618 2638 1822 2680 Καλατίας

154 2693 291 2734 RSV
469 2708 494 2746 5
532 2695 624 2744 τίνη
658 2695 720 2733 R:
761 2694 842 2747 τέῳ
873 2695 923 2734 G.
959 2694 1146 2733 Dindorf
1320 2706 1342 2742 7
1384 2696 1576 2746 εὐφημεῖν
1602 2693 1636 2733 L
1747 2711 1823 2745 μεν

153 2749 187 2788 Ρ
201 2749 241 2787 R
258 2750 339 2789 SV
362 2750 481 2801 Orig.
500 2764 509 2791 :
541 2763 621 2789 om.
645 2750 686 2789 A
699 2749 733 2788 B
748 2749 782 2789 C
945 2761 993 2787 12
1025 2749 1176 2801 εἶχε(ν)
1202 2749 1241 2787 R
1256 2747 1286 2786 S
1300 2747 1338 2785 V
1505 2760 1555 2798 13
1580 2747 1693 2803 (σὺν)
1711 2752 1822 2790 τοῖσι

153 2804 276 2844 Stein
405 2805 718 2858 Πανταγνῶστῳ
740 2805 773 2844 C
973 2816 1021 2854 14
1051 2803 1222 2854 διένειμε
1245 2802 1284 2840 R
1299 2802 1329 2841 S
1342 2801 1380 2840 V
1510 2802 1665 2845 αὐτέων
1686 2803 1725 2843 R
1741 2804 1771 2843 S
1785 2804 1823 2841 V

155 2860 205 2897 16
242 2863 375 2911 ἴσχων
406 2859 448 2898 Α
469 2859 504 2898 Β
527 2859 562 2900 C
586 2858 643 2899 P:
688 2861 804 2912 σχὼν
838 2859 961 2899 Stein
1074 2858 1249 2910 ξεινηίην
1283 2856 1324 2896 Α
1344 2856 1380 2895 Β
1403 2857 1437 2895 C
1549 2862 1646 2905 βασ.
1680 2859 1823 2911 φιλίην

151 2915 402 2965 συνεθήκατο
430 2915 470 2954 Α
492 2915 527 2953 Β
713 2927 760 2964 17
806 2913 936 2965 ἄλλα]
977 2913 1058 2964 ἅμα
1094 2913 1134 2951 R
1157 2913 1186 2950 S
1208 2912 1246 2950 V
1431 2925 1478 2962 19
1522 2915 1659 2966 εὕξετο
1693 2913 1732 2951 Α
1757 2914 1818 2952 Β;

151 2969 294 3022 αὔξετο
315 2969 349 3010 C
363 2969 398 3009 P
617 2983 666 3009 21
702 2970 850 3019 ἔκτητο
872 2969 905 3008 C
923 2969 982 3007 P:
1013 2967 1209 3017 ἐκέκτητο
1232 2967 1319 3006 rell.
1530 2981 1581 3017 24
1613 2970 1820 3023 ἀραιρήκεε

153 3021 348 3063 Bekker:
379 3024 537 3078 αιρήκεε
564 3026 594 3063 L
