2098 3320
44 89 108 142 ΙΙ.
136 90 232 151 164
888 86 1313 140 ΗΡΟΔΟΤΟΎ

141 221 235 281 165
273 220 453 285 νομοὺς
477 221 724 287 Αἴγυπτος
749 221 924 272 ἅπασα
954 222 1274 287 διαραίρηται.
1349 220 1695 288 Ἑρμοτυβίων
1717 224 1808 287 μὲν
1831 222 1934 275 οἵδε

275 304 374 356 εἰσὶ
421 305 578 368 νομοί·
649 306 955 371 Βουσιρίτης,
1010 304 1206 370 Σαΐτης,
1262 308 1529 371 Χεμμίτης,
1586 308 1929 373 Παπρημίτης,

273 391 426 453 νῆσος
457 389 486 453 ἡ
525 392 843 455 Προσωπῖτις
886 388 1176 455 καλεομένη,
1210 393 1364 440 Ναθῶ
1400 394 1454 441 τὸ
1491 390 1660 455 ἥμισυ.
1749 391 1802 441 ἐκ
1841 393 1933 456 μὲν

273 472 463 524 τούτων
513 477 612 525 τῶν
663 478 824 538 νομῶν
870 473 1197 540 Ἑρμοτύβιές
1242 475 1356 532 εἰσι,
1404 474 1678 541 γενόμενοι,
1724 474 1807 526 ὅτε
1852 474 1932 527 ἐπὶ

275 558 541 610 πλείστους
585 559 829 624 γενοίατο,
874 559 1130 610 ἑκκαίδεκα
1168 556 1411 624 μυριάδες.
1500 558 1580 609 καὶ
1609 558 1794 610 τούτων
1833 563 1929 624 βα-
1955 581 1979 622 5

274 642 480 706 ναυσίης
511 642 670 695 οὐδεὶς
700 641 905 706 δεδάηκε
935 641 1091 705 οὐδέν,
1125 641 1240 693 ἀλλ’
1272 640 1512 694 ἀνέωνται
1542 644 1592 695 ἐς
1614 642 1671 694 τὸ
1693 641 1928 710 μάχιμον.
2019 640 2021 642 ’

134 730 234 778 166
275 726 598 793 Καλασιρίων
617 728 670 777 δὲ
689 727 791 778 οἵδε
810 725 959 778 ἄλλοι
983 726 1130 791 νομοί
1151 728 1265 778 εἰσι·
1299 730 1545 791 Θηβαῖος,
1569 729 1929 792 Βουβαστίτης,

273 808 531 875 Ἀφθίτης,
592 811 823 875 Τανίτης,
887 809 1189 874 Μενδήσιος,
1245 810 1570 875 Σεβεννύτης,
1622 810 1928 878 Ἀθριβίτης,

273 894 631 959 Φαρβαιθίτης,
657 893 922 959 Θμουΐτης,
945 894 1262 961 Ὀνουφίτης,
1286 894 1534 954 Ἀνύσιος,
1561 895 1929 962 Μυεκφορίτης·

272 978 414 1031 οὗτος
451 979 476 1028 ὁ
513 977 661 1043 νομὸς
703 980 756 1029 ἐν
796 977 932 1048 νήσῳ
965 977 1128 1036 οἰκέει,
1172 979 1339 1030 ἀντίον
1382 977 1697 1044 Βουβάστιος
1739 980 1928 1033 πόλιος.
1958 1007 2008 1037 10

208 1080 233 1112 2
273 1061 407 1113 οὗτοι
454 1064 506 1113 δὲ
557 1064 603 1114 οἱ
653 1062 796 1128 νομοὶ
849 1062 1171 1130 Καλασιρίων
1222 1064 1338 1121 εἰσί,
1393 1063 1664 1130 γενόμενοι,
1719 1065 1802 1116 ὅτε
1851 1064 1932 1117 ἐπὶ

271 1146 538 1199 πλείστους
589 1148 832 1213 γενοίατο,
888 1147 1037 1199 πέντε
1097 1148 1175 1199 καὶ
1234 1138 1391 1199 εἴκοσι
1443 1146 1671 1214 μυριάδες
1723 1148 1930 1215 ἀνδρῶν.

272 1230 383 1281 οὐδὲ
414 1231 636 1281 τούτοισι
672 1228 839 1294 ἔξεστι
876 1230 1059 1300 τέχνην
1099 1234 1386 1296 ἐπασκῆσαι
1422 1232 1667 1296 οὐδεμίαν,
1702 1233 1834 1284 ἀλλὰ
1869 1234 1932 1283 τὰ

272 1315 323 1366 ἐς
347 1315 568 1379 πόλεμον
593 1314 894 1367 ἐπασκέουσι
913 1321 1084 1380 μοῦνα,
1108 1321 1222 1369 παῖς
1241 1317 1373 1383 παρὰ
1392 1315 1576 1382 πατρὸς
1595 1317 1928 1381 ἐκδεκόμενος.

139 1402 232 1463 167
272 1399 314 1449 εἰ
343 1398 436 1463 μέν
460 1420 545 1450 νυν
566 1400 643 1450 καὶ
664 1404 807 1450 τοῦτο
828 1399 942 1466 παρ’
962 1401 1246 1467 Αἰγυπτίων
1263 1399 1578 1465 μεμαθήκασι
1597 1403 1643 1452 οἱ
1658 1399 1927 1465 ’Έλληνες,
1957 1427 2003 1469 15

271 1483 358 1533 οὐκ
390 1483 490 1550 ἔχω
521 1482 764 1550 ἀτρεκέως
797 1488 969 1550 κρῖναι,
1004 1486 1131 1550 ὁρῶν
1163 1484 1242 1536 καὶ
1267 1483 1490 1550 Θρήικας
1521 1485 1599 1536 καὶ
1631 1485 1819 1538 Σκύθας
1852 1485 1930 1547 καὶ

271 1565 477 1632 Πέρσας
524 1568 601 1618 καὶ
649 1567 838 1622 Λυδοὺς
887 1568 965 1640 καὶ
1013 1567 1197 1636 σχεδὸν
1245 1567 1432 1622 πάντας
1478 1568 1591 1622 τοὺς
1638 1567 1928 1636 βαρβάρους

216 1661 220 1667 “
269 1650 652 1717 ἀποτιμοτέρους
696 1657 795 1703 τῶν
834 1651 1006 1704 ἄλλων
1044 1651 1320 1720 ἡγημένους
1365 1652 1642 1717 πολιητέων
1687 1653 1806 1706 τοὺςΔ
1840 1655 1928 1708 τὰς

269 1734 449 1802 τέχνας
500 1735 842 1799 μανθάνοντας
894 1737 974 1788 καὶ
1024 1737 1138 1790 τοὺς
1186 1737 1418 1804 ἐκγόνους
1464 1737 1667 1799 τούτων,
1717 1736 1830 1790 τοὺς
1878 1739 1932 1789 δὲ

269 1819 688 1886 ἀπαλλαγμένους
733 1826 831 1873 τῶν
877 1819 1242 1889 χειρωναξιέων
1286 1823 1540 1888 γενναίους
1585 1820 1930 1886 νομιζομένους
1957 1847 2008 1876 20

208 1925 234 1956 2
269 1902 410 1961 εἶναι,
445 1903 777 1969 καὶ“μάλιστα
806 1905 919 1958 τοὺς
951 1908 1001 1958 ἐς
1031 1905 1117 1956 τὸν
1151 1905 1371 1970 πόλεμον
1403 1904 1699 1970 ἀνειμένους.
1772 1927 1927 1971 μεμα-

270 1986 451 2051 θήκασι
483 1988 522 2038 δ’
553 1986 620 2039 ὧν
651 1993 795 2040 τοῦτο
830 1988 1009 2043 πάντες
1034 1992 1085 2041 ,οἱ
1106 1987 1361 2051 ’Έλληνες
1399 1989 1476 2040 καὶ
1512 1988 1734 2054 μάλιστα
1770 1993 1926 2041 Λακε-

269 2072 526 2136 δαιμόνιοι,
574 2073 757 2136 ἥκιστα
803 2075 855 2124 δὲ
900 2074 1153 2140 Κορίνθιοι
1197 2076 1395 2125 ὄνονται
1437 2073 1550 2126 τοὺς
1593 2072 1928 2142 χειροτέχνας.

135 2163 231 2211 168
269 2154 416 2222 γέρεα
464 2155 519 2206 δέ
563 2163 660 2223 σφι
705 2155 764 2221 ἧν
808 2156 925 2209 τάδε
970 2155 1328 2224 ἐξαραιρημένα
1371 2157 1601 2222 μούνοισι
1646 2159 1930 2224 Αἰγυπτίων

269 2236 429 2305 πάρεξ
454 2245 551 2291 τῶν
577 2239 735 2306 ἱρέων,
762 2240 962 2307 ἄρουραι
986 2240 1224 2308 ἐξαίρετοι
1255 2242 1469 2292 δυώδεκα
1495 2240 1687 2310 ἑκάστῳ
1711 2239 1927 2295 ἀτελέες.
1956 2265 2003 2307 ²5

267 2323 297 2387 ἡ
340 2326 392 2374 δὲ
432 2323 613 2390 ἄρουρα
654 2324 829 2376 ἑκατὸν
869 2323 1072 2393 πήχεών
1113 2328 1225 2377 ἐστι
1268 2326 1551 2392 Αἰγυπτίων
1593 2324 1770 2396 πάντῃ,
1810 2326 1837 2375 ὁ
1877 2327 1930 2377 δὲ

212 2427 237 2458 2
270 2407 539 2474 Αἰγύπτιος
569 2411 728 2477 πῆχυς
759 2408 996 2477 τυγχάνει
1026 2411 1136 2462 ’ίσος
1161 2409 1254 2460 ἐὼν
1287 2414 1353 2478 τῷ
1385 2410 1570 2479 Σαμίῳ.
1658 2413 1812 2461 ταῦτα
1839 2411 1930 2474 μὲν

327 2557 344 2582 1
379 2545 560 2599 διήρηται
583 2545 665 2584 SV
784 2558 808 2583 2
839 2553 972 2596 Χαμμ.
1000 2547 1038 2585 R
1161 2559 1186 2595 4
1216 2551 1298 2587 τῶν
1318 2559 1398 2585 om.
1426 2545 1465 2583 R
1482 2546 1562 2585 SV
1685 2558 1709 2595 5
1740 2545 1929 2599 ἐγένοντο

269 2598 355 2638 ΑΒ
372 2600 405 2638 C
571 2603 597 2639 6
627 2599 810 2641 ἀνέονται
833 2601 912 2640 SV
928 2601 1028 2639 P‘R
1057 2600 1188 2652 (ἀλλὰ
1208 2602 1265 2651 ν.)
1428 2602 1454 2638 8
1484 2600 1756 2648 Μενδήσιος..
1775 2630 1783 2640 .
1800 2606 1924 2654 Φαρβ.

270 2667 351 2693 om.
379 2654 418 2692 R
615 2669 641 2704 9
671 2657 841 2704 Θουΐτης
863 2655 1064 2707 Κουφίτης
1087 2656 1124 2693 R
1140 2655 1220 2694 SV
1358 2655 1570 2696 Ἀνύσσιος
1592 2655 1691 2694 SVc
1710 2669 1718 2694 :
1750 2653 1929 2696 Ἀνύτιος

268 2708 307 2746 Α
324 2709 357 2746 Β
375 2710 408 2748 C
426 2710 458 2747 P
625 2723 674 2749 10
704 2710 842 2751 ἀντίον
860 2713 896 2750 οἱ
918 2711 956 2748 R
974 2709 1055 2748 SV
1223 2722 1270 2747 12
1303 2708 1494 2761 ἐγενέατο
1517 2708 1550 2747 L
1711 2722 1760 2758 13
1791 2712 1922 2756 οὔδεμ.

270 2766 412 2804 ἐπασκ.
442 2763 578 2802 RSV
687 2765 757 2816 τὰ]
781 2781 829 2805 τε
851 2765 935 2804 RS
952 2764 990 2802 V
1131 2776 1179 2813 14
1208 2763 1312 2815 μόνα
1331 2764 1369 2801 Α
1385 2764 1419 2801 Β
1563 2775 1611 2813 15
1643 2766 1679 2804 οἱ
1700 2764 1738 2802 R
1761 2776 1927 2813 quoque

271 2819 320 2855 16
351 2817 472 2871 ὁρέων
493 2818 526 2856 C
545 2818 726 2857 PRSV
949 2831 996 2868 17
1026 2819 1120 2859 τοὺς
1148 2831 1229 2858 om.
1261 2817 1396 2856 RSV
1449 2840 1455 2844 -
1619 2819 1668 2856 18
1697 2818 1820 2870 ἡγημ.
1845 2821 1928 2858 τῶν

268 2873 407 2912 ἄλλων
430 2873 467 2911 R
483 2871 564 2910 SV
764 2886 819 2913 20
846 2873 1112 2926 χειρωναξίων
1133 2873 1171 2910 R
1188 2873 1217 2911 S
1236 2886 1245 2911 ε
1274 2873 1508 2926 χειροειξίων
1526 2872 1566 2910 V
1585 2887 1594 2911 t
1622 2871 1853 2924 χειραξιέων
1874 2870 1923 2910 C¹

268 2925 500 2976 νομίζοντας
523 2927 556 2965 Ρ
573 2942 582 2966 :
613 2944 699 2969 -τες
720 2927 754 2966 C
919 2941 972 2976 24
1001 2926 1051 2975 ἣν
1071 2940 1152 2966 om.
1180 2927 1218 2964 R
1235 2926 1264 2965 S
1279 2927 1316 2964 V
1426 2925 1660 2980 ἐξαιρημένα
1681 2926 1721 2965 R
1736 2926 1766 2965 S
1779 2924 1818 2964 V
