2098 3320
59 129 98 177 1:
114 130 196 179 181

132 1608 224 1657 182

133 2363 224 2424 183

876 130 1307 180 HPOAOTOT

261 259 349 322 τῆς
391 257 567 311 πόλιος
612 259 919 327 ἐτετείχιστο
961 261 1013 312 ἐν
1056 258 1195 330 μέσῳ
1241 262 1294 312 ἐν
1335 266 1401 331 τῷ
1445 264 1537 326 μὲν
1575 263 1636 313 τὰ
1679 261 1930 327 βασιλήια

263 342 520 411 περιβόλῳ
550 338 644 409 [τε]
673 342 876 413 μεγάλῳ
907 365 962 396 τε
999 344 1077 396 καὶ
1115 346 1319 414 ἰσχυρῷ,
1355 346 1407 397 ἐν
1438 348 1491 398 δὲ
1519 351 1587 416 τῷ
1625 345 1773 416 ἑτέρῳ
1806 346 1930 402 Διὸς

265 423 430 489 Βήλου
454 425 560 492 ἱρὸν
582 427 923 493 χαλκόπυλον,
946 429 1026 480 καὶ
1049 430 1099 482 ἐς
1125 430 1210 493 ἐμὲ
1230 429 1302 480 ἔτι
1320 434 1462 481 τοῦτο
1482 430 1579 489 ἐόν,
1603 430 1688 481 δύο
1713 432 1930 484 σταδίων

263 508 438 580 πάντῃ,
465 509 548 562 ἐὸν
572 509 897 578 τετράγωνον.
964 515 1019 564 ἐν
1041 512 1179 583 μέσῳ
1205 515 1257 564 δὲ
1281 519 1366 565 τοῦ
1391 516 1495 580 ἱροῦ
1517 514 1702 581 πύργος
1727 514 1930 583 στερεὸς
1949 522 2098 579 spuo·

262 595 591 658 οἰκοδόμηται,
620 596 822 647 σταδίου
847 596 923 648 καὶ
947 596 1005 648 τὸ
1027 599 1181 662 μῆκος
1207 597 1284 648 καὶ
1307 596 1363 648 τὸ
1387 597 1538 664 εῦρος,
1567 598 1647 650 καὶ
1671 598 1751 651 ἐπὶ
1773 599 1928 670 τούτῳ
1944 580 2098 663 ἴση

260 683 328 747 τῷ
372 679 540 748 πύργῳ
581 677 737 733 ἄλλος
777 681 963 747 πύργος
1005 680 1298 746 ἐπιβέβηκε,
1343 683 1422 734 καὶ
1465 674 1629 749 ἕτερος
1672 681 1809 748 μάλα
1847 684 1929 737 ἐπὶ

261 762 434 831 τούτῳ,
479 761 629 830 μέχρι
677 763 732 814 οῦ
780 765 907 815 ὀκτὼ
952 765 1166 832 πύργων.
1258 764 1508 831 ἀνάβασις
1555 769 1607 818 δὲ
1656 768 1708 820 ἐς
1755 767 1931 822 αὐτοὺς

262 844 445 910 ἔξωθεν
477 847 636 917 κύκλῳ
674 849 785 915 περὶ
817 848 1004 902 πάντας
1033 848 1145 902 τοὺς
1176 850 1390 917 πύργους
1425 850 1614 918 ἔχουσα
1647 853 1926 916 πεποίηται.

261 935 496 996 μεσοῦντι
526 931 582 983 δέ
613 953 696 984 κου
725 935 812 996 τῆς
842 932 1124 998 ἆναβάσιός
1155 935 1265 985 ἐστι
1297 933 1557 1010 καταγωγή
1588 957 1643 987 τε
1673 935 1752 987 καὶ
1782 938 1930 988 θῶκοι

264 1014 645 1082 ἀμπαυστήριοι,
688 1018 742 1068 ἐν
780 1022 913 1069 τοῖσι
957 1018 1233 1081 κατίζοντες
1274 1019 1584 1083 ἀμπαύονται
1624 1022 1671 1072 οἱ
1715 1020 1927 1086 ἀναβαί·
1957 1042 2005 1071 10

263 1120 449 1154 νοντες.
538 1102 591 1152 ἐν
622 1103 675 1153 δὲ
704 1106 770 1171 τῷ
801 1103 1068 1171 τελευταίῳ
1100 1102 1267 1172 πύργῳ
1299 1101 1416 1167 νηὸς
1453 1103 1626 1155 ἔπεστι
1660 1103 1829 1172 μέγας·
1877 1106 1932 1157 ἐν

263 1186 317 1236 δὲ
339 1189 404 1254 τῷ
436 1189 535 1254 νηῷ
568 1185 710 1250 κλίνη
741 1185 937 1253 μεγάλη
962 1191 1118 1238 κεῖται
1151 1187 1203 1238 εῦ
1234 1186 1518 1254 ἐστρωμένη
1545 1188 1629 1239 καί
1649 1191 1695 1240 οἱ
1717 1187 1932 1255 τράπεζα

262 1267 553 1333 παράκειται
582 1269 787 1337 χρυσέη.
851 1270 1052 1337 ἄγαλμα
1083 1273 1135 1322 δὲ
1159 1271 1244 1322 οὐκ
1275 1271 1347 1323 ἔνι
1378 1272 1519 1324 οὐδὲν
1543 1271 1713 1323 αὐτόθι
1742 1274 1928 1339 ἐνιδρυ-

261 1352 428 1417 μένον·
475 1353 586 1406 οὐδὲ
616 1354 766 1405 νύκτα
789 1354 946 1408 οὐδεὶς
979 1355 1285 1419 ἐναυλίζεται
1315 1356 1587 1422 ἀνθρώπων
1611 1357 1687 1408 ὅτι
1716 1355 1782 1421 μὴ
1807 1357 1928 1423 γυνὴ

260 1436 415 1501 μούνη
457 1442 555 1489 τῶν
600 1439 896 1506 ἐπιχωρίων,
938 1438 1028 1503 τὴν
1069 1439 1130 1491 ἂν
1169 1441 1195 1489 ὁ
1240 1439 1351 1493 θεὸς
1396 1440 1568 1504 ἕληται
1609 1442 1662 1491 ἐκ
1708 1440 1926 1500 πασέων,
1943 1459 2004 1500 -15

242 1521 327 1574 ὡς
376 1520 588 1588 λέγουσι
637 1525 682 1574 οἱ
731 1526 992 1587 Χαλδαῖοι,
1043 1524 1208 1577 ἐόντες
1260 1523 1386 1590 ἱρέες
1436 1525 1610 1576 τούτου
1661 1529 1746 1576 τοῦ
1798 1529 1928 1577 θεοῦ.

262 1604 392 1671 φασὶ
432 1607 485 1657 δὲ
526 1608 572 1658 οἱ
614 1606 752 1658 αὐτοὶ
793 1607 943 1666 οὗτοι,
984 1607 1090 1672 ἐμοὶ
1129 1609 1220 1673 μὲν
1260 1607 1318 1658 οὐ
1358 1609 1512 1659 πιστὰ
1551 1607 1799 1675 λέγοντες,
1841 1609 1928 1661 τὸν

262 1688 376 1740 θεὸν
424 1689 573 1741 αὐτὸν,
617 1694 796 1758 φοιτᾶν
840 1713 894 1743 τε
939 1693 990 1745 ἐς
1037 1691 1123 1743 τὸν
1170 1691 1290 1756 νηὸν
1335 1693 1412 1744 καὶ
1460 1693 1802 1744 ἀναπαύεσθαι
1847 1693 1928 1745 ἐπὶ

260 1776 348 1837 τῆς
394 1775 579 1839 κλίνης,
630 1774 751 1826 κατά
795 1798 886 1842 περ
931 1777 985 1827 ἐν
1030 1774 1244 1847 Θήβῃσι
1286 1783 1403 1848 τῇσι
1448 1777 1750 1848 Αἰγυπτίῃσι
1803 1779 1928 1828 κατὰ

261 1857 348 1908 τὸν
391 1857 539 1909 αὐτὸν
583 1859 782 1925 τρόπον,
831 1860 896 1912 ὡς
938 1859 1150 1926 λέγουσι
1192 1862 1238 1911 οἱ
1282 1861 1544 1927 Αἰγύπτιοι
1585 1858 1685 1925 (καὶ
1727 1863 1823 1928 γὰρ
1868 1861 1926 1925 δὴ
1955 1878 2003 1906 20

263 1942 414 1993 ἐκεῖθι
452 1946 676 2007 κοιμᾶται
711 1945 765 1995 ἐν
799 1948 864 2013 τῷ
900 1949 987 1995 τοῦ
1024 1943 1145 1996 Διὸς
1179 1949 1266 1995 τοῦ
1300 1943 1558 2010 Θηβαιέος
1592 1942 1730 2011 γυνή,
1761 1945 1924 2012 ἀμφό-

261 2046 396 2091 τεραι
426 2028 479 2077 δὲ
510 2027 651 2078 αὗται
679 2026 916 2094 λέγονται
946 2029 1134 2094 ἀνδρῶν
1155 2028 1378 2093 οὐδαμῶν
1408 2031 1459 2081 ἐς
1489 2029 1687 2093 ὁμιλίην
1711 2027 1924 2095 φοιτᾶν),

263 2110 350 2161 καὶ,
387 2109 508 2161 κατά
552 2132 642 2177 περ
684 2113 737 2163 ἐν
782 2111 1065 2178 Πατάροισι
1108 2115 1195 2176 τῆς
1239 2113 1419 2176 Λυκίης
1463 2112 1492 2176 ἡ
1532 2113 1800 2180 πρόμαντις
1842 2117 1928 2164 τοῦ

263 2196 391 2251 θεοῦ,
446 2195 598 2246 ἐπεὰν
649 2194 868 2261 γένηται·
935 2196 990 2247 οὐ
1041 2197 1135 2262 γὰρ
1189 2194 1256 2247 ὧν
1308 2197 1407 2247 αἰεί
1452 2198 1564 2248 ἐστι
1619 2194 1926 2264 χρηστήριον

261 2277 446 2328 αὐτόθι·
514 2280 666 2330 ἐπεὰν
713 2281 766 2330 δὲ
811 2278 1028 2346 γένηται,
1077 2280 1190 2331 τότε
1236 2277 1303 2331 ὧν
1351 2282 1794 2347 συγκατακληίεται
1837 2282 1925 2333 τὰς
1953 2298 2000 2340 25

260 2360 435 2414 νύκτας
480 2362 581 2413 ἔσω
626 2364 681 2413 ἐν
720 2368 787 2432 τῷ
831 2369 946 2433 νηῷ.
1037 2363 1148 2414 ἔστι
1192 2365 1244 2414 δὲ
1288 2367 1373 2413 τοῦ
1418 2365 1472 2415 ἐν
1513 2368 1780 2429 Βαβυλῶνι
1821 2366 1925 2430 ἱροῦ

263 2443 340 2494 καὶ
388 2444 545 2499 ἄλλος
598 2445 725 2497 κάτω
773 2448 904 2511 νηός,
955 2447 1074 2498 ἔνθα
1124 2446 1326 2514 ἄγαλμα
1374 2446 1503 2513 μέγα
1547 2451 1634 2499 τοῦ
1683 2446 1804 2500 Διὸς
1850 2447 1924 2499 ἔνι

262 2526 536 2593 κατήμενον
585 2530 817 2596 χρύσεον,
873 2532 956 2582 καί
1011 2533 1056 2582 οἱ
1114 2528 1329 2597 τράπεζα
1386 2529 1579 2597 μεγάλη
1632 2530 1922 2597 παράκειται

0 2611 448 2678 ΙινψὸωνιυιΐιὶΜχρυσεή
489 2614 569 2666 καὶ
604 2612 659 2664 τὸ
697 2613 891 2680 βάθρον
926 2616 972 2665 οἱ
1009 2614 1088 2665 καὶ
1125 2615 1151 2664 ὁ
1188 2615 1359 2680 θρόνος
1393 2614 1607 2682 χρύσεός
1643 2617 1767 2666 ἐστι.
1843 2615 1921 2666 καὶ

259 2695 324 2749 ὡς
382 2696 560 2765 ἔλεγον
616 2700 663 2750 οἱ
714 2701 976 2757 Χαλδαῖοι,
1029 2697 1288 2749 ταλάντων
1345 2699 1653 2750 ὀκτακοσίων
1709 2699 1920 2765 χρυσίου
1946 2719 1996 2757 30

315 2844 332 2869 1
367 2835 410 2873 ἐν
428 2831 540 2884 μέσῳ
561 2832 643 2873 del.
665 2831 832 2883 Oppert
940 2832 1016 2884 μὲν
1037 2832 1212 2873 Gronov
1227 2845 1244 2870 ε.
1267 2835 1340 2881 ἣεν
1357 2831 1398 2870 Α
1412 2832 1446 2870 Β
1462 2832 1494 2871 Ρ
1512 2846 1521 2871 :
1552 2830 1632 2873 εῑέν
1652 2832 1686 2871 C
1797 2846 1822 2870 2
1851 2846 1914 2883 pr.

257 2902 305 2926 τε
327 2886 408 2926 del.
434 2887 606 2925 Bekker
716 2887 787 2926 alt.
808 2904 855 2928 τε
876 2900 958 2926 om.
983 2887 1017 2925 P
1208 2899 1238 2936 7⁴
1261 2885 1404 2939 μέχρις
1425 2887 1460 2925 L
1647 2900 1694 2925 12
1723 2887 1861 2929 κέεται
1882 2888 1928 2926 L.

261 2953 310 2990 13
339 2940 579 2994 παρακέεται
602 2942 635 2980 L
751 2942 800 2980 18
830 2941 1078 2992 ἀμπαύεσθαι
1101 2940 1238 2980 Aldus
1349 2954 1402 2980 20
1430 2943 1468 2990 οἱ
1488 2955 1567 2982 om.
1591 2941 1627 2981 C
1738 2953 1790 2992 25
1819 2941 1917 2984 τότε

257 2994 312 3036 ὦν
331 3008 412 3035 om.
436 2996 487 3035 Ρι
648 2998 701 3035 28
731 2995 969 3051 παρακέεται
992 2997 1025 3035 L
