2098 3320
795 182 1176 231 ΙΣΤΟΡΙΩΝ
1238 184 1281 232 Α

206 314 412 382 ἤπειρον
435 320 658 384 τελευτᾷ,
683 314 835 385 ταύτῃ
868 314 894 363 ὁ
926 315 1103 379 ἰσθμός
1135 316 1245 366 ἐστι
1277 313 1363 366 τὸν
1395 314 1643 381 ὤρυσσον.
1714 317 1791 368 καὶ
1823 316 1880 381 δὴ

206 404 375 471 πολλῇ
411 400 541 467 χειρὶ
578 396 918 466 ἐργαζομένων
955 403 1054 450 τῶν
1087 400 1317 461 Κνιδίων,
1356 401 1554 463 μᾶλλον
1589 400 1684 467 γάρ
1720 421 1767 452 τι
1805 402 1880 451 καὶ

208 483 458 550 θειότερον
483 484 751 551 ἐφαίνοντο
774 483 1137 549 τιτρώσκεσθαι
1161 486 1205 535 οἱ
1239 484 1556 551 ἐργαζόμενοι
1580 489 1667 537 τοῦ
1691 486 1881 538 οἰκότος

205 567 266 620 τά
288 589 343 620 τε
367 567 501 619 ἄλλα
519 571 605 619 τοῦ
630 568 860 632 σώματος
884 568 963 619 καὶ
986 566 1210 632 μάλιστα
1233 570 1294 620 τὰ
1319 569 1430 634 περὶ
1454 568 1566 623 τοὺς
1590 570 1882 637 ὀφθαλμοὺς

157 668 179 710 5
205 651 506 731 θραυομένης
551 654 637 716 τῆς
682 651 878 718 πέτρης,
927 652 1147 718 ἔπεμπον
1192 654 1243 706 ἐς
1290 652 1529 722 Δελφοὺς
1578 654 1882 721 θεοπρόπους

204 736 621 804 ἐπειρησομένους
665 736 720 787 τὸ
766 735 1010 805 ἀντ-ίξοον.
1098 737 1128 802 ἡ
1170 739 1223 789 δὲ
1265 739 1426 802 Πυθίη
1475 745 1587 806 σφι,
1634 739 1698 792 ὡς
1744 737 1881 791 αὐτοὶ

206 822 397 875 Κνίδιοι
426 820 652 889 λέγουσι,
686 827 784 891 χρᾷ
815 822 868 872 ἐν
898 819 1135 891 τριμέτρῳ
1166 822 1292 891 τόνῳ
1324 821 1456 873 τάδε·

456 949 662 1016 Ἰσθμὸν
693 952 746 1002 δὲ
775 949 841 1015 μὴ
873 954 1116 1016 πυργοῦτε
1145 949 1258 1015 μηδ’
1289 950 1550 1016 ὀρύσσετε·

457 1035 582 1088 Ζεὺς
612 1033 708 1102 γάρ
739 1033 780 1085 κ’
812 1034 957 1099 ἔθηκε
988 1037 1160 1099 νῆσον,
1195 1036 1242 1087 εἴ
1272 1034 1312 1085 κ’
1345 1034 1604 1099 ἐβούλετο.

130 1181 179 1213 10
203 1165 395 1217 Κνίδιοι
428 1165 520 1229 μὲν
557 1166 710 1215 ταῦτα
745 1164 831 1226 τῆς
864 1162 1054 1226 Πυθίης
1091 1160 1358 1229 χρησάσης
1395 1165 1480 1212 τοῦ
1515 1182 1567 1213 τε
1605 1161 1879 1227 ὀρύγματος

201 1248 486 1302 ἐπαύσαντο
535 1247 612 1299 καὶ
654 1245 890 1316 (Αρπάγῳ
938 1247 1124 1298 ἐπιόντι
1170 1246 1262 1297 σὺν
1306 1250 1372 1315 τῷ
1420 1251 1614 1315 στρατῷ
1661 1246 1879 1312 ἀμαχητὶ

202 1332 368 1401 σφέας
393 1332 569 1385 αὐτοὺς
593 1330 895 1398 παρέδοσαν.
968 1328 1099 1394 ἦσαν
1122 1332 1173 1381 δὲ
1200 1329 1465 1394 Πηδασέες
1489 1328 1734 1382 οἰκέοντες
1757 1331 1878 1396 ὑπὲρ

200 1417 609 1485 Ἁλικαρνησσοῦ
640 1416 934 1483 μεσόγαιαν,
959 1419 1093 1466 τοῖσι
1124 1415 1249 1467 ὅκως
1273 1435 1319 1465 τι
1349 1413 1533 1479 μέλλοι
1558 1412 1878 1477 ἀνεπιτήδεον

201 1502 427 1573 ἔσεσθαι,
453 1501 650 1553 αὐτοῖσί
675 1522 730 1553 τε
761 1500 841 1552 καὶ
870 1504 1004 1551 τοῖσι
1034 1500 1347 1566 περιοίκοισι,
1376 1499 1405 1563 ἡ
1439 1499 1587 1564 ἱερείη
1620 1501 1706 1562 τῆς
1728 1497 1874 1562 Ἀθη-

128 1606 174 1647 15
201 1589 342 1652 ναίης
363 1587 581 1653 πώγωνα
609 1584 768 1652 μέγαν
792 1586 945 1652 ἴσχει.
1018 1584 1121 1650 τρίς
1153 1589 1250 1650 σφι
1273 1587 1417 1634 τοῦτο
1451 1581 1665 1649 ἐγένετο.
1742 1582 1877 1634 οὗτοι

199 1676 298 1724 τῶν
320 1671 433 1739 περὶ
458 1672 646 1737 Καρίην
670 1671 860 1736 ἀνδρῶν
881 1670 1057 1734 μοῦνοί
1075 1689 1130 1720 τε
1161 1666 1410 1735 ἀντέσχον
1437 1667 1620 1734 χρόνον
1642 1666 1877 1736 Ἁρπάγῳ

202 1756 281 1809 καὶ
303 1754 569 1823 πρήγματα
592 1753 849 1822 παρέσχον
874 1757 1106 1812 πλεῖστα,
1131 1754 1244 1819 ὄρος
1270 1752 1582 1820 τειχίσαντες
1605 1756 1672 1820 τῷ
1693 1751 1878 1815 οὔνομά

200 1843 310 1893 ἐστι
346 1842 487 1905 Λίδη.
579 1837 841 1904 Πηδασέες
875 1836 967 1903 μέν
1003 1858 1090 1889 νυν
1124 1836 1288 1906 χρόνῳ
1330 1834 1673 1903 ἐξαιρέθησαν,
1707 1836 1877 1886 Λύκιοι

201 1924 271 1985 δέ,
299 1925 364 1980 ὡς
393 1927 444 1979 ἐς
474 1924 530 1976 τὸ
556 1923 776 1978 Ξάνθιον
807 1923 978 1975 πεδίον
1009 1920 1173 1986 ἤλασε
1206 1918 1507 1987 ὁ“Αρπαγος
1531 1920 1618 1971 τὸν
1642 1920 1874 1986 στρατόν,

128 2032 178 2060 20
202 2009 483 2075 ἐπεξιόντες
522 2010 600 2061 καὶ
636 2008 914 2075 μαχόμενοι
943 2006 1108 2072 ὀλίγοι
1137 2004 1259 2071 πρὸς
1291 2003 1511 2058 πολλοὺς
1551 1987 1726 2070 ἀρετάς
1756 2005 1874 2055 ἀπε-

166 2093 170 2099 ’
201 2096 467 2152 δείκνυντο,
518 2091 833 2145 ἑσσωθέντες
885 2093 938 2143 δὲ
990 2090 1070 2142 καὶ
1121 2087 1495 2154 κατειληθέντες
1553 2091 1602 2141 ἐς
1648 2088 1705 2140 τὸ
1751 2087 1878 2139 ἄστυ

202 2178 482 2244 συνήλισαν
516 2179 568 2231 ἐς
602 2176 692 2241 τὴν
728 2176 999 2243 ἀκρόπολιν
1029 2173 1117 2227 τάς
1154 2195 1208 2225 τε
1245 2178 1478 2241 γυναῖκας
1521 2173 1598 2224 καὶ
1635 2174 1696 2223 τὰ
1731 2171 1878 2224 τέκνα

204 2263 283 2315 καὶ
318 2264 379 2314 τὰ
419 2260 649 2330 χρήματα
694 2260 771 2314 καὶ
809 2259 922 2314 τοὺς
962 2257 1156 2312 οἰκέτας
1203 2257 1284 2309 καὶ
1329 2258 1500 2310 ἔπειτα
1542 2259 1749 2324 ὑπῆψαν
1788 2256 1877 2320 τὴν

203 2347 475 2414 ἀκρόπολιν
499 2349 667 2399 πᾶσαν
689 2344 869 2409 ταύτην
893 2345 1138 2396 καίεσθαι.
1205 2347 1358 2394 ταῦτα
1391 2344 1444 2394 δὲ
1468 2340 1768 2405 ποιήσαντες
1799 2341 1878 2392 καὶ

100 2463 101 2466 =
128 2451 178 2493 25
204 2432 576 2497 συνομόσαντες
607 2431 780 2496 ὅρκους
811 2429 1015 2488 δεινούς,
1041 2426 1395 2491 ἐπεξελθόντες
1422 2425 1672 2477 ἀπέθανον
1696 2424 1878 2478 πάντες

205 2514 416 2571 Ξάνθιοι
445 2515 736 2584 μαχόμενοι.
817 2517 916 2565 τῶν
947 2515 1000 2564 δὲ
1031 2516 1118 2564 νῦν
1150 2512 1346 2563 Λυκίων
1378 2509 1615 2578 φαμένων
1647 2510 1877 2562 Ξανθίων

203 2599 330 2653 εἶναι
359 2602 406 2652 οἱ
437 2600 635 2659 πολλοί,
662 2598 797 2663 πλὴν
825 2597 1110 2665 ὀγδώκοντα
1142 2593 1357 2666 ῖσῃέων,
1393 2594 1492 2646 εἶσὶ
1524 2592 1782 2658 ἐπήλυδες·
1828 2595 1877 2644 αἱ

203 2687 257 2737 δὲ
300 2684 584 2752 ὀγδώκοντα
632 2684 786 2736 ἱστίαι
833 2682 975 2733 αὗται
1019 2680 1196 2748 ἔτυχον
1240 2683 1503 2744 τηνικαῦτα
1552 2676 1878 2743 ἐκδημέουσαι

206 2770 284 2821 καὶ
320 2769 445 2821 οὕτω
482 2766 840 2835 περιεγένοντο.
930 2765 1018 2829 τὴν
1053 2766 1144 2829 μὲν
1175 2763 1231 2827 δὴ
1267 2763 1465 2817 Ξάνθον
1502 2764 1656 2815 οὕτως
1692 2761 1815 2830 ἔσχε
1851 2762 1877 2811 ὁ

257 2907 285 2946 6
315 2908 421 2960 ἕπερ.
455 2906 488 2944 L
661 2916 663 2918 ·
708 2911 736 2954 9
766 2883 868 2957 er'y’
892 2902 1064 2942 Bekker
1288 2914 1336 2939 12
1367 2898 1603 2949 πηδασσέες
1634 2899 1668 2938 c
1704 2899 1764 2950 (it.
1804 2899 1872 2950 18)

205 2963 408 3003 οἷκοῦντες
431 2961 464 2999 L
598 2972 646 3009 14
675 2962 918 3013 περιοικεῦσι
940 2958 974 2996 C
1112 2969 1157 3005 15
1188 2957 1286 3008 ῖσχε
1308 2954 1432 2994 Stein
1562 2967 1616 2994 20
1647 2953 1874 3007 ἐπεξιόντες

207 3015 401 3056 Bekker:
434 3018 543 3067 ὑπεξ.
564 3014 597 3053 L
682 3014 963 3055 ἐπεδείκνυντο
981 3012 1014 3052 C
1129 3025 1179 3051 22
1211 3011 1459 3059 συνείλησαν
1480 3009 1514 3049 Ρ
1627 3022 1678 3059 25
1709 3012 1871 3060 ἐπεξελ-

207 3070 347 3113 θόντες
367 3070 566 3109 Bekker:
598 3072 706 3121 ὑπεξ.
733 3069 766 3107 L

1399 3156 1409 3181 x

1921 192 1958 239 Ι.
1979 202 2063 253 174

1921 339 1948 381 4

1924 750 2098 804 santa

1917 1346 2002 1397 Ι75

1915 1834 2007 1894 176
