<?xml version="1.0" encoding="UTF-8"?>
<!DOCTYPE html PUBLIC "-//W3C//DTD XHTML 1.0 Transitional//EN"
    "http://www.w3.org/TR/xhtml1/DTD/xhtml1-transitional.dtd">
<html xmlns="http://www.w3.org/1999/xhtml" xml:lang="en" lang="en">
 <head>
  <title>
</title>
<meta http-equiv="Content-Type" content="text/html;charset=utf-8" />
  <meta name='ocr-system' content='tesseract 3.04.00' />
  <meta name='ocr-capabilities' content='ocr_page ocr_carea ocr_par ocr_line ocrx_word'/>
</head>
<body>
  <div class='ocr_page' id='page_1' title='image "./herodotihistoria01herouoft_0100.png"; bbox 0 0 2098 3320; ppageno 0'>
   <div class='ocr_carea' id='block_1_1' title="bbox 96 173 1341 237">
    <p class='ocr_par' dir='ltr' id='par_1_1' title="bbox 96 173 1341 237">
     <span class='ocr_line' id='line_1_1' title="bbox 96 173 1341 237; baseline 0.003 -17"><span class='ocrx_word' id='word_1_1' title='bbox 96 173 237 237; x_wconf 43' lang='lat'><strong>1³152</strong></span> <span class='ocrx_word' id='word_1_2' title='bbox 915 175 1341 223; x_wconf 71' lang='lat' dir='ltr'><strong>HPOAOTOT</strong></span> 
     </span>
    </p>
   </div>
   <div class='ocr_carea' id='block_1_2' title="bbox 174 303 1964 626">
    <p class='ocr_par' dir='ltr' id='par_1_2' title="bbox 174 303 1964 626">
     <span class='ocr_line' id='line_1_2' title="bbox 174 303 1964 373; baseline 0.003 -19"><span class='ocrx_word' id='word_1_3' title='bbox 174 315 261 364; x_wconf 85' lang='lat'>152</span> <span class='ocrx_word' id='word_1_4' title='bbox 382 303 477 357; x_wconf 72' lang='grc' dir='ltr'>“Ως</span> <span class='ocrx_word' id='word_1_5' title='bbox 507 306 559 356; x_wconf 77' lang='grc' dir='ltr'>δὲ</span> <span class='ocrx_word' id='word_1_6' title='bbox 592 305 825 357; x_wconf 88' lang='grc' dir='ltr'>ἀπίκοντο</span> <span class='ocrx_word' id='word_1_7' title='bbox 857 306 907 358; x_wconf 87' lang='grc' dir='ltr'>ἐς</span> <span class='ocrx_word' id='word_1_8' title='bbox 937 304 1027 369; x_wconf 73' lang='grc' dir='ltr'>τὴν</span> <span class='ocrx_word' id='word_1_9' title='bbox 1048 305 1281 373; x_wconf 90' lang='grc' dir='ltr'>Σπάρτην</span> <span class='ocrx_word' id='word_1_10' title='bbox 1299 309 1398 358; x_wconf 81' lang='grc' dir='ltr'>τῶν</span> <span class='ocrx_word' id='word_1_11' title='bbox 1417 304 1600 358; x_wconf 87' lang='grc' dir='ltr'>Ἰώνων</span> <span class='ocrx_word' id='word_1_12' title='bbox 1632 306 1709 358; x_wconf 82' lang='grc' dir='ltr'>καὶ</span> <span class='ocrx_word' id='word_1_13' title='bbox 1740 306 1964 360; x_wconf 80' lang='grc' dir='ltr'>Αἰολέων</span> 
     </span>
     <span class='ocr_line' id='line_1_3' title="bbox 301 387 1962 461; baseline 0.004 -23"><span class='ocrx_word' id='word_1_14' title='bbox 301 391 346 440; x_wconf 74' lang='grc' dir='ltr'>οἱ</span> <span class='ocrx_word' id='word_1_15' title='bbox 366 389 574 456; x_wconf 82' lang='grc' dir='ltr'>ἄγγελοι</span> <span class='ocrx_word' id='word_1_16' title='bbox 591 387 732 454; x_wconf 77' lang='grc' dir='ltr'>(κατὰ</span> <span class='ocrx_word' id='word_1_17' title='bbox 753 391 847 456; x_wconf 77' lang='grc' dir='ltr'>γὰρ</span> <span class='ocrx_word' id='word_1_18' title='bbox 869 389 929 453; x_wconf 74' lang='grc' dir='ltr'>δὴ</span> <span class='ocrx_word' id='word_1_19' title='bbox 953 389 1107 458; x_wconf 73' lang='grc' dir='ltr'>τάχος</span> <span class='ocrx_word' id='word_1_20' title='bbox 1127 388 1187 453; x_wconf 80' lang='grc' dir='ltr'>ἦν</span> <span class='ocrx_word' id='word_1_21' title='bbox 1208 394 1359 442; x_wconf 80' lang='grc' dir='ltr'>ταῦτα</span> <span class='ocrx_word' id='word_1_22' title='bbox 1380 389 1739 456; x_wconf 74' lang='grc' dir='ltr'>πρησσόμενα),</span> <span class='ocrx_word' id='word_1_23' title='bbox 1768 393 1962 461; x_wconf 82' lang='grc' dir='ltr'>εἵλοντο</span> 
     </span>
     <span class='ocr_line' id='line_1_4' title="bbox 301 471 1959 544; baseline 0.001 -18"><span class='ocrx_word' id='word_1_24' title='bbox 301 473 394 539; x_wconf 82' lang='grc' dir='ltr'>πρὸ</span> <span class='ocrx_word' id='word_1_25' title='bbox 426 471 626 525; x_wconf 85' lang='grc' dir='ltr'>πάντων</span> <span class='ocrx_word' id='word_1_26' title='bbox 663 472 832 540; x_wconf 91' lang='grc' dir='ltr'>λέγειν</span> <span class='ocrx_word' id='word_1_27' title='bbox 862 473 947 525; x_wconf 84' lang='grc' dir='ltr'>τὸν</span> <span class='ocrx_word' id='word_1_28' title='bbox 978 473 1228 533; x_wconf 86' lang='grc' dir='ltr'>Φωκαιέα,</span> <span class='ocrx_word' id='word_1_29' title='bbox 1267 480 1335 544; x_wconf 78' lang='grc' dir='ltr'>τῷ</span> <span class='ocrx_word' id='word_1_30' title='bbox 1377 475 1562 540; x_wconf 82' lang='grc' dir='ltr'>οὕνομα</span> <span class='ocrx_word' id='word_1_31' title='bbox 1593 474 1652 539; x_wconf 81' lang='grc' dir='ltr'>ἣν</span> <span class='ocrx_word' id='word_1_32' title='bbox 1684 476 1959 543; x_wconf 82' lang='grc' dir='ltr'>Πύθερμος.</span> 
     </span>
     <span class='ocr_line' id='line_1_5' title="bbox 301 556 1963 626; baseline 0.003 -19"><span class='ocrx_word' id='word_1_33' title='bbox 301 558 327 607; x_wconf 85' lang='grc' dir='ltr'>ὁ</span> <span class='ocrx_word' id='word_1_34' title='bbox 358 559 410 608; x_wconf 82' lang='grc' dir='ltr'>δὲ</span> <span class='ocrx_word' id='word_1_35' title='bbox 442 556 728 624; x_wconf 88' lang='grc' dir='ltr'>πορφύρεόν</span> <span class='ocrx_word' id='word_1_36' title='bbox 758 577 812 610; x_wconf 90' lang='grc' dir='ltr'>τε</span> <span class='ocrx_word' id='word_1_37' title='bbox 844 558 956 623; x_wconf 74' lang='grc' dir='ltr'>εἷμα</span> <span class='ocrx_word' id='word_1_38' title='bbox 986 558 1401 625; x_wconf 82' lang='grc' dir='ltr'>περιβαλόμενος,</span> <span class='ocrx_word' id='word_1_39' title='bbox 1430 559 1495 612; x_wconf 87' lang='grc' dir='ltr'>ὡς</span> <span class='ocrx_word' id='word_1_40' title='bbox 1516 557 1578 611; x_wconf 76' lang='grc' dir='ltr'>ἂν</span> <span class='ocrx_word' id='word_1_41' title='bbox 1601 561 1963 626; x_wconf 82' lang='grc' dir='ltr'>πυνθανόμενοι</span> 
     </span>
    </p>
   </div>
   <div class='ocr_carea' id='block_1_3' title="bbox 302 640 2082 712">
    <p class='ocr_par' dir='ltr' id='par_1_3' title="bbox 302 640 2082 712">
     <span class='ocr_line' id='line_1_6' title="bbox 302 640 2082 712; baseline 0.002 -19"><span class='ocrx_word' id='word_1_42' title='bbox 302 645 532 694; x_wconf 78' lang='grc' dir='ltr'>πλεῖστοι</span> <span class='ocrx_word' id='word_1_43' title='bbox 558 640 848 694; x_wconf 82' lang='grc' dir='ltr'>συνέλθοιεν</span> <span class='ocrx_word' id='word_1_44' title='bbox 868 642 1234 709; x_wconf 85' lang='grc' dir='ltr'>Σπαρτιητέων,</span> <span class='ocrx_word' id='word_1_45' title='bbox 1259 643 1337 694; x_wconf 85' lang='grc' dir='ltr'>καὶ</span> <span class='ocrx_word' id='word_1_46' title='bbox 1359 645 1608 698; x_wconf 78' lang='grc' dir='ltr'>καταστὰς</span> <span class='ocrx_word' id='word_1_47' title='bbox 1628 643 1775 712; x_wconf 85' lang='grc' dir='ltr'>ἔλεγε</span> <span class='ocrx_word' id='word_1_48' title='bbox 1794 641 1963 697; x_wconf 80' lang='grc' dir='ltr'>πολλὰ</span> <span class='ocrx_word' id='word_1_49' title='bbox 1987 669 2009 709; x_wconf 84' lang='lat'>5</span> <span class='ocrx_word' id='word_1_50' title='bbox 2076 665 2082 670; x_wconf 88' lang='lat'>·</span> 
     </span>
    </p>
   </div>
   <div class='ocr_carea' id='block_1_4' title="bbox 0 724 1965 1897">
    <p class='ocr_par' dir='ltr' id='par_1_4' title="bbox 239 724 1963 1133">
     <span class='ocr_line' id='line_1_7' title="bbox 239 724 1961 795; baseline 0.001 -16"><span class='ocrx_word' id='word_1_51' title='bbox 239 748 262 779; x_wconf 82' lang='lat'>2</span> <span class='ocrx_word' id='word_1_52' title='bbox 301 724 557 792; x_wconf 84' lang='grc' dir='ltr'>τιμωρέειν</span> <span class='ocrx_word' id='word_1_53' title='bbox 603 727 832 778; x_wconf 84' lang='grc' dir='ltr'>ἑωυτοῖσι</span> <span class='ocrx_word' id='word_1_54' title='bbox 876 727 1107 794; x_wconf 75' lang='grc' dir='ltr'>χρηίζων.</span> <span class='ocrx_word' id='word_1_55' title='bbox 1187 728 1569 792; x_wconf 89' lang='grc' dir='ltr'>Λακεδαιμόνιοι</span> <span class='ocrx_word' id='word_1_56' title='bbox 1613 726 1682 780; x_wconf 62' lang='grc' dir='ltr'>δὲΔ</span> <span class='ocrx_word' id='word_1_57' title='bbox 1710 728 1796 780; x_wconf 86' lang='grc' dir='ltr'>οὐκ</span> <span class='ocrx_word' id='word_1_58' title='bbox 1842 729 1961 795; x_wconf 81' lang='grc' dir='ltr'>ε’σή-</span> 
     </span>
     <span class='ocr_line' id='line_1_8' title="bbox 304 809 1962 879; baseline 0.002 -18"><span class='ocrx_word' id='word_1_59' title='bbox 304 831 463 868; x_wconf 89' lang='grc' dir='ltr'>κουον,</span> <span class='ocrx_word' id='word_1_60' title='bbox 514 809 629 861; x_wconf 87' lang='grc' dir='ltr'>ἀλλ’</span> <span class='ocrx_word' id='word_1_61' title='bbox 661 809 874 875; x_wconf 82' lang='grc' dir='ltr'>ἀπέδοξέ</span> <span class='ocrx_word' id='word_1_62' title='bbox 919 818 1016 879; x_wconf 89' lang='grc' dir='ltr'>σφι</span> <span class='ocrx_word' id='word_1_63' title='bbox 1059 810 1126 876; x_wconf 75' lang='grc' dir='ltr'>μὴ</span> <span class='ocrx_word' id='word_1_64' title='bbox 1170 811 1428 878; x_wconf 87' lang='grc' dir='ltr'>τιμωρέειν</span> <span class='ocrx_word' id='word_1_65' title='bbox 1466 811 1626 864; x_wconf 85' lang='grc' dir='ltr'>Ἴωσι.</span> <span class='ocrx_word' id='word_1_66' title='bbox 1702 814 1748 865; x_wconf 85' lang='grc' dir='ltr'>οἱ</span> <span class='ocrx_word' id='word_1_67' title='bbox 1782 815 1872 879; x_wconf 80' lang='grc' dir='ltr'>μὲν</span> <span class='ocrx_word' id='word_1_68' title='bbox 1902 813 1962 878; x_wconf 78' lang='grc' dir='ltr'>δὴ</span> 
     </span>
     <span class='ocr_line' id='line_1_9' title="bbox 303 893 1963 962; baseline 0.002 -16"><span class='ocrx_word' id='word_1_69' title='bbox 303 893 713 953; x_wconf 85' lang='grc' dir='ltr'>ἀπαλλάσσοντο,</span> <span class='ocrx_word' id='word_1_70' title='bbox 757 896 1137 961; x_wconf 89' lang='grc' dir='ltr'>Λακεδαιμόνιοι</span> <span class='ocrx_word' id='word_1_71' title='bbox 1178 898 1231 948; x_wconf 82' lang='grc' dir='ltr'>δὲ</span> <span class='ocrx_word' id='word_1_72' title='bbox 1271 895 1594 962; x_wconf 84' lang='grc' dir='ltr'>ἀπωσάμενοι</span> <span class='ocrx_word' id='word_1_73' title='bbox 1625 901 1734 949; x_wconf 68' lang='grc' dir='ltr'>τῶν</span> <span class='ocrx_word' id='word_1_74' title='bbox 1779 897 1963 950; x_wconf 86' lang='grc' dir='ltr'>Ἰώνων</span> 
     </span>
     <span class='ocr_line' id='line_1_10' title="bbox 302 978 1963 1051; baseline 0.003 -21"><span class='ocrx_word' id='word_1_75' title='bbox 302 978 417 1032; x_wconf 83' lang='grc' dir='ltr'>τοὺς</span> <span class='ocrx_word' id='word_1_76' title='bbox 453 978 698 1046; x_wconf 75' lang='grc' dir='ltr'>ἀγγέλους</span> <span class='ocrx_word' id='word_1_77' title='bbox 733 980 865 1044; x_wconf 85' lang='grc' dir='ltr'>ὅμως</span> <span class='ocrx_word' id='word_1_78' title='bbox 901 978 1210 1032; x_wconf 87' lang='grc' dir='ltr'>ἀπέστειλαν</span> <span class='ocrx_word' id='word_1_79' title='bbox 1246 980 1615 1051; x_wconf 82' lang='grc' dir='ltr'>πεντηκοντέρῳ</span> <span class='ocrx_word' id='word_1_80' title='bbox 1652 980 1848 1050; x_wconf 83' lang='grc' dir='ltr'>ἄνδρας,</span> <span class='ocrx_word' id='word_1_81' title='bbox 1898 982 1963 1036; x_wconf 84' lang='grc' dir='ltr'>ὡς</span> 
     </span>
     <span class='ocr_line' id='line_1_11' title="bbox 302 1063 1963 1133; baseline 0.002 -18"><span class='ocrx_word' id='word_1_82' title='bbox 302 1066 393 1128; x_wconf 80' lang='grc' dir='ltr'>μὲν</span> <span class='ocrx_word' id='word_1_83' title='bbox 426 1064 535 1128; x_wconf 84' lang='grc' dir='ltr'>ἐμοὶ</span> <span class='ocrx_word' id='word_1_84' title='bbox 566 1063 742 1122; x_wconf 88' lang='grc' dir='ltr'>δοκέει,</span> <span class='ocrx_word' id='word_1_85' title='bbox 778 1065 1122 1117; x_wconf 88' lang='grc' dir='ltr'>κατασκόπους</span> <span class='ocrx_word' id='word_1_86' title='bbox 1152 1069 1251 1117; x_wconf 85' lang='grc' dir='ltr'>τῶν</span> <span class='ocrx_word' id='word_1_87' title='bbox 1282 1087 1336 1116; x_wconf 89' lang='grc' dir='ltr'>τε</span> <span class='ocrx_word' id='word_1_88' title='bbox 1360 1065 1523 1132; x_wconf 85' lang='grc' dir='ltr'>Κύρου</span> <span class='ocrx_word' id='word_1_89' title='bbox 1554 1066 1855 1133; x_wconf 85' lang='grc' dir='ltr'>πρηγμάτων</span> <span class='ocrx_word' id='word_1_90' title='bbox 1881 1066 1963 1119; x_wconf 89' lang='grc' dir='ltr'>καὶ</span> 
     </span>
    </p>

    <p class='ocr_par' dir='ltr' id='par_1_5' title="bbox 245 1142 1964 1387">
     <span class='ocr_line' id='line_1_12' title="bbox 245 1142 1964 1217; baseline 0.003 -19"><span class='ocrx_word' id='word_1_91' title='bbox 245 1170 268 1213; x_wconf 87' lang='lat'>3</span> <span class='ocrx_word' id='word_1_92' title='bbox 304 1148 509 1213; x_wconf 85' lang='grc' dir='ltr'>Ἰωνίης.</span> <span class='ocrx_word' id='word_1_93' title='bbox 557 1148 846 1213; x_wconf 89' lang='grc' dir='ltr'>ἀπικόμενοι</span> <span class='ocrx_word' id='word_1_94' title='bbox 876 1151 929 1200; x_wconf 82' lang='grc' dir='ltr'>δὲ</span> <span class='ocrx_word' id='word_1_95' title='bbox 954 1148 1088 1200; x_wconf 75' lang='grc' dir='ltr'>οὗτοι</span> <span class='ocrx_word' id='word_1_96' title='bbox 1121 1150 1171 1202; x_wconf 84' lang='grc' dir='ltr'>ἐς</span> <span class='ocrx_word' id='word_1_97' title='bbox 1193 1149 1426 1200; x_wconf 86' lang='grc' dir='ltr'>Φώκαιαν</span> <span class='ocrx_word' id='word_1_98' title='bbox 1457 1149 1681 1214; x_wconf 82' lang='grc' dir='ltr'>ἔπεμπον</span> <span class='ocrx_word' id='word_1_99' title='bbox 1703 1142 1756 1206; x_wconf 78' lang='grc' dir='ltr'>ἔς</span> <span class='ocrx_word' id='word_1_100' title='bbox 1786 1149 1964 1217; x_wconf 90' lang='grc' dir='ltr'>Σάρδις</span> 
     </span>
     <span class='ocr_line' id='line_1_13' title="bbox 305 1231 1961 1303; baseline 0.002 -20"><span class='ocrx_word' id='word_1_101' title='bbox 305 1231 481 1299; x_wconf 77' lang='grc' dir='ltr'>σφέων</span> <span class='ocrx_word' id='word_1_102' title='bbox 524 1233 684 1284; x_wconf 81' lang='grc' dir='ltr'>αὐτῶν</span> <span class='ocrx_word' id='word_1_103' title='bbox 727 1231 815 1284; x_wconf 86' lang='grc' dir='ltr'>τὸν</span> <span class='ocrx_word' id='word_1_104' title='bbox 861 1233 1211 1298; x_wconf 88' lang='grc' dir='ltr'>δοκιμώτατον,</span> <span class='ocrx_word' id='word_1_105' title='bbox 1265 1239 1332 1303; x_wconf 82' lang='grc' dir='ltr'>τῷ</span> <span class='ocrx_word' id='word_1_106' title='bbox 1379 1234 1564 1299; x_wconf 81' lang='grc' dir='ltr'>οὔνομα</span> <span class='ocrx_word' id='word_1_107' title='bbox 1609 1233 1669 1299; x_wconf 82' lang='grc' dir='ltr'>ἣν</span> <span class='ocrx_word' id='word_1_108' title='bbox 1699 1235 1961 1301; x_wconf 79' lang='grc' dir='ltr'>Λακρίνης,</span> 
     </span>
     <span class='ocr_line' id='line_1_14' title="bbox 305 1315 1964 1422; baseline 0.003 -54"><span class='ocrx_word' id='word_1_109' title='bbox 305 1315 580 1383; x_wconf 87' lang='grc' dir='ltr'>ἀπερέοντα</span> <span class='ocrx_word' id='word_1_110' title='bbox 624 1317 767 1387; x_wconf 89' lang='grc' dir='ltr'>Κύρῳ</span> <span class='ocrx_word' id='word_1_111' title='bbox 808 1319 1210 1422; x_wconf 85' lang='grc' dir='ltr'>Λακεδαιμονίων</span> <span class='ocrx_word' id='word_1_112' title='bbox 1252 1319 1417 1385; x_wconf 88' lang='grc' dir='ltr'>ῥῆσιν,</span> <span class='ocrx_word' id='word_1_113' title='bbox 1450 1321 1542 1385; x_wconf 86' lang='grc' dir='ltr'>γῆς</span> <span class='ocrx_word' id='word_1_114' title='bbox 1585 1321 1671 1382; x_wconf 87' lang='grc' dir='ltr'>τῆς</span> <span class='ocrx_word' id='word_1_115' title='bbox 1714 1317 1964 1373; x_wconf 89' lang='grc' dir='ltr'>Ἑλλάδος</span> 
     </span>
    </p>

    <p class='ocr_par' dir='ltr' id='par_1_6' title="bbox 0 1401 1964 1638">
     <span class='ocr_line' id='line_1_15' title="bbox 0 1401 1961 1471; baseline -0.001 -14"><span class='ocrx_word' id='word_1_116' title='bbox 0 1409 207 1458; x_wconf 51' lang='grc' dir='ltr'>ως</span> <span class='ocrx_word' id='word_1_117' title='bbox 304 1403 546 1467; x_wconf 88' lang='grc' dir='ltr'>μηδεμίαν</span> <span class='ocrx_word' id='word_1_118' title='bbox 591 1402 742 1453; x_wconf 91' lang='grc' dir='ltr'>πόλιν</span> <span class='ocrx_word' id='word_1_119' title='bbox 787 1401 1112 1470; x_wconf 55' lang='grc' dir='ltr'>σιναμωρέειν</span> <span class='ocrx_word' id='word_1_120' title='bbox 1156 1402 1221 1456; x_wconf 87' lang='grc' dir='ltr'>ὡς</span> <span class='ocrx_word' id='word_1_121' title='bbox 1265 1402 1424 1454; x_wconf 82' lang='grc' dir='ltr'>αὐτῶν</span> <span class='ocrx_word' id='word_1_122' title='bbox 1464 1403 1519 1454; x_wconf 83' lang='grc' dir='ltr'>οὐ</span> <span class='ocrx_word' id='word_1_123' title='bbox 1566 1402 1961 1471; x_wconf 82' lang='grc' dir='ltr'>περιοψομένων.</span> 
     </span>
     <span class='ocr_line' id='line_1_16' title="bbox 58 1484 1964 1590; baseline 0.004 -57"><span class='ocrx_word' id='word_1_124' title='bbox 58 1490 60 1492; x_wconf 78' lang='grc'><strong>’</strong></span> <span class='ocrx_word' id='word_1_125' title='bbox 181 1497 267 1546; x_wconf 87' lang='lat'>153</span> <span class='ocrx_word' id='word_1_126' title='bbox 305 1489 457 1537; x_wconf 83' lang='grc' dir='ltr'>ταῦτα</span> <span class='ocrx_word' id='word_1_127' title='bbox 489 1486 714 1539; x_wconf 83' lang='grc' dir='ltr'>εἰπόντος</span> <span class='ocrx_word' id='word_1_128' title='bbox 742 1507 829 1537; x_wconf 92' lang='grc' dir='ltr'>του</span> <span class='ocrx_word' id='word_1_129' title='bbox 866 1484 1071 1553; x_wconf 90' lang='grc' dir='ltr'>κήρυκος</span> <span class='ocrx_word' id='word_1_130' title='bbox 1105 1485 1309 1590; x_wconf 81' lang='grc' dir='ltr'>λέγεται</span> <span class='ocrx_word' id='word_1_131' title='bbox 1339 1490 1502 1553; x_wconf 84' lang='grc' dir='ltr'>Κῦρον</span> <span class='ocrx_word' id='word_1_132' title='bbox 1539 1486 1820 1554; x_wconf 84' lang='grc' dir='ltr'>ἐπειρέσθαι</span> <span class='ocrx_word' id='word_1_133' title='bbox 1849 1486 1964 1541; x_wconf 82' lang='grc' dir='ltr'>τοὺς</span> 
     </span>
     <span class='ocr_line' id='line_1_17' title="bbox 308 1568 1963 1638; baseline 0 -16"><span class='ocrx_word' id='word_1_134' title='bbox 308 1571 583 1637; x_wconf 91' lang='grc' dir='ltr'>παρεόντας</span> <span class='ocrx_word' id='word_1_135' title='bbox 613 1572 659 1622; x_wconf 80' lang='grc' dir='ltr'>οἱ</span> <span class='ocrx_word' id='word_1_136' title='bbox 677 1568 941 1635; x_wconf 88' lang='grc' dir='ltr'>Ἑλλήνων</span> <span class='ocrx_word' id='word_1_137' title='bbox 965 1572 1095 1624; x_wconf 84' lang='grc' dir='ltr'>τίνες</span> <span class='ocrx_word' id='word_1_138' title='bbox 1126 1572 1293 1624; x_wconf 81' lang='grc' dir='ltr'>ἐόντες</span> <span class='ocrx_word' id='word_1_139' title='bbox 1315 1570 1566 1638; x_wconf 84' lang='grc' dir='ltr'>ἄνθρωποι</span> <span class='ocrx_word' id='word_1_140' title='bbox 1584 1571 1963 1637; x_wconf 88' lang='grc' dir='ltr'>Λακεδαιμόνιοι</span> 
     </span>
    </p>

    <p class='ocr_par' dir='ltr' id='par_1_7' title="bbox 308 1655 1958 1724">
     <span class='ocr_line' id='line_1_18' title="bbox 308 1655 1958 1724; baseline 0 -18"><span class='ocrx_word' id='word_1_141' title='bbox 308 1656 385 1706; x_wconf 90' lang='grc' dir='ltr'>καὶ</span> <span class='ocrx_word' id='word_1_142' title='bbox 436 1655 577 1706; x_wconf 89' lang='grc' dir='ltr'>κόσοι</span> <span class='ocrx_word' id='word_1_143' title='bbox 619 1657 809 1719; x_wconf 87' lang='grc' dir='ltr'>πλῆθος</span> <span class='ocrx_word' id='word_1_144' title='bbox 847 1659 1001 1706; x_wconf 83' lang='grc' dir='ltr'>ταῦτα</span> <span class='ocrx_word' id='word_1_145' title='bbox 1038 1657 1199 1724; x_wconf 81' lang='grc' dir='ltr'>ἑωυτῷ</span> <span class='ocrx_word' id='word_1_146' title='bbox 1241 1655 1648 1723; x_wconf 84' lang='grc' dir='ltr'>προαγορεύουσι.</span> <span class='ocrx_word' id='word_1_147' title='bbox 1716 1656 1958 1708; x_wconf 89' lang='grc' dir='ltr'>πυνθανό-</span> 
     </span>
    </p>

    <p class='ocr_par' dir='ltr' id='par_1_8' title="bbox 304 1738 1963 1807">
     <span class='ocr_line' id='line_1_19' title="bbox 304 1738 1963 1807; baseline 0 -16"><span class='ocrx_word' id='word_1_148' title='bbox 304 1760 455 1804; x_wconf 89' lang='grc' dir='ltr'>μενον</span> <span class='ocrx_word' id='word_1_149' title='bbox 484 1738 539 1791; x_wconf 85' lang='grc' dir='ltr'>δέ</span> <span class='ocrx_word' id='word_1_150' title='bbox 566 1760 651 1804; x_wconf 91' lang='grc' dir='ltr'>μιν</span> <span class='ocrx_word' id='word_1_151' title='bbox 682 1741 839 1791; x_wconf 83' lang='grc' dir='ltr'>εἰπεῖν</span> <span class='ocrx_word' id='word_1_152' title='bbox 869 1738 990 1806; x_wconf 88' lang='grc' dir='ltr'>πρὸς</span> <span class='ocrx_word' id='word_1_153' title='bbox 1020 1738 1106 1791; x_wconf 84' lang='grc' dir='ltr'>τὸν</span> <span class='ocrx_word' id='word_1_154' title='bbox 1137 1738 1318 1807; x_wconf 87' lang='grc' dir='ltr'>κήρυκα</span> <span class='ocrx_word' id='word_1_155' title='bbox 1354 1739 1441 1792; x_wconf 90' lang='grc' dir='ltr'>τὸν</span> <span class='ocrx_word' id='word_1_156' title='bbox 1481 1738 1810 1807; x_wconf 87' lang='grc' dir='ltr'>Σπαρτιήτην·</span> <span class='ocrx_word' id='word_1_157' title='bbox 1855 1739 1963 1791; x_wconf 80' lang='grc' dir='ltr'>Οὐκ</span> 
     </span>
    </p>

    <p class='ocr_par' dir='ltr' id='par_1_9' title="bbox 306 1822 1965 1897">
     <span class='ocr_line' id='line_1_20' title="bbox 306 1822 1965 1897; baseline 0 -22"><span class='ocrx_word' id='word_1_158' title='bbox 306 1822 475 1876; x_wconf 85' lang='grc' dir='ltr'>ἔδεισά</span> <span class='ocrx_word' id='word_1_159' title='bbox 501 1845 566 1875; x_wconf 91' lang='grc' dir='ltr'>κω</span> <span class='ocrx_word' id='word_1_160' title='bbox 590 1823 771 1890; x_wconf 84' lang='grc' dir='ltr'>ἄνδρας</span> <span class='ocrx_word' id='word_1_161' title='bbox 789 1823 1054 1882; x_wconf 80' lang='grc' dir='ltr'>τοιούτους,</span> <span class='ocrx_word' id='word_1_162' title='bbox 1075 1826 1214 1876; x_wconf 83' lang='grc' dir='ltr'>τοῖσί</span> <span class='ocrx_word' id='word_1_163' title='bbox 1234 1825 1341 1875; x_wconf 83' lang='grc' dir='ltr'>ἐστι</span> <span class='ocrx_word' id='word_1_164' title='bbox 1361 1829 1521 1892; x_wconf 84' lang='grc' dir='ltr'>χῶρος</span> <span class='ocrx_word' id='word_1_165' title='bbox 1541 1826 1593 1875; x_wconf 81' lang='grc' dir='ltr'>ἐν</span> <span class='ocrx_word' id='word_1_166' title='bbox 1613 1823 1746 1896; x_wconf 86' lang='grc' dir='ltr'>μέσῃ</span> <span class='ocrx_word' id='word_1_167' title='bbox 1763 1832 1825 1897; x_wconf 83' lang='grc' dir='ltr'>τῇ</span> <span class='ocrx_word' id='word_1_168' title='bbox 1843 1824 1965 1876; x_wconf 90' lang='grc' dir='ltr'>πόλι</span> 
     </span>
    </p>
   </div>
   <div class='ocr_carea' id='block_1_5' title="bbox 0 1906 1965 2060">
    <p class='ocr_par' dir='ltr' id='par_1_10' title="bbox 0 1906 1965 2060">
     <span class='ocr_line' id='line_1_21' title="bbox 307 1906 1961 1975; baseline 0.001 -16"><span class='ocrx_word' id='word_1_169' title='bbox 307 1907 699 1975; x_wconf 88' lang='grc' dir='ltr'>ἀποδεδεγμένος</span> <span class='ocrx_word' id='word_1_170' title='bbox 730 1909 781 1962; x_wconf 82' lang='grc' dir='ltr'>ἐς</span> <span class='ocrx_word' id='word_1_171' title='bbox 800 1912 887 1960; x_wconf 86' lang='grc' dir='ltr'>τὸν</span> <span class='ocrx_word' id='word_1_172' title='bbox 907 1909 1271 1975; x_wconf 88' lang='grc' dir='ltr'>συλλεγόμενοι</span> <span class='ocrx_word' id='word_1_173' title='bbox 1301 1906 1555 1972; x_wconf 90' lang='grc' dir='ltr'>ἀλλήλους</span> <span class='ocrx_word' id='word_1_174' title='bbox 1586 1909 1820 1974; x_wconf 87' lang='grc' dir='ltr'>ὀμνύντες</span> <span class='ocrx_word' id='word_1_175' title='bbox 1850 1907 1961 1973; x_wconf 79' lang='grc' dir='ltr'>ἐξα-</span> 
     </span>
     <span class='ocr_line' id='line_1_22' title="bbox 0 1988 1965 2060; baseline -0.001 -15"><span class='ocrx_word' id='word_1_176' title='bbox 0 2018 63 2048; x_wconf 66' lang='lat' dir='ltr'>..re</span> <span class='ocrx_word' id='word_1_177' title='bbox 305 1997 514 2045; x_wconf 88' lang='grc' dir='ltr'>πατῶσι.</span> <span class='ocrx_word' id='word_1_178' title='bbox 561 1998 710 2051; x_wconf 84' lang='grc' dir='ltr'>τοῖσι,</span> <span class='ocrx_word' id='word_1_179' title='bbox 744 1988 806 2057; x_wconf 84' lang='grc' dir='ltr'>ἢν</span> <span class='ocrx_word' id='word_1_180' title='bbox 843 1993 940 2060; x_wconf 84' lang='grc' dir='ltr'>ἐγὼ</span> <span class='ocrx_word' id='word_1_181' title='bbox 975 1994 1196 2060; x_wconf 56' lang='grc' dir='ltr'>ὑγιαίνω,</span> <span class='ocrx_word' id='word_1_182' title='bbox 1230 1992 1286 2043; x_wconf 79' lang='grc' dir='ltr'>οὗ</span> <span class='ocrx_word' id='word_1_183' title='bbox 1320 1995 1381 2043; x_wconf 82' lang='grc' dir='ltr'>τὰ</span> <span class='ocrx_word' id='word_1_184' title='bbox 1413 1992 1595 2044; x_wconf 85' lang='grc' dir='ltr'>Ἰώνων</span> <span class='ocrx_word' id='word_1_185' title='bbox 1631 1991 1792 2044; x_wconf 88' lang='grc' dir='ltr'>πάθεα</span> <span class='ocrx_word' id='word_1_186' title='bbox 1821 1993 1965 2045; x_wconf 84' lang='grc' dir='ltr'>ἔσται</span> 
     </span>
    </p>
   </div>
   <div class='ocr_carea' id='block_1_6' title="bbox 1991 1090 2042 1117">
    <p class='ocr_par' dir='ltr' id='par_1_11' title="bbox 1991 1090 2042 1117">
     <span class='ocr_line' id='line_1_23' title="bbox 1991 1090 2042 1117; baseline 0 0"><span class='ocrx_word' id='word_1_187' title='bbox 1991 1090 2042 1117; x_wconf 94' lang='lat'>10</span> 
     </span>
    </p>
   </div>
   <div class='ocr_carea' id='block_1_7' title="bbox 1992 1510 2038 1549">
    <p class='ocr_par' dir='ltr' id='par_1_12' title="bbox 1992 1510 2038 1549">
     <span class='ocr_line' id='line_1_24' title="bbox 1992 1510 2038 1549; baseline 0 0"><span class='ocrx_word' id='word_1_188' title='bbox 1992 1510 2038 1549; x_wconf 66' lang='grc' dir='ltr'>τε</span> 
     </span>
    </p>
   </div>
   <div class='ocr_carea' id='block_1_8' title="bbox 1992 1931 2042 1960">
    <p class='ocr_par' dir='ltr' id='par_1_13' title="bbox 1992 1931 2042 1960">
     <span class='ocr_line' id='line_1_25' title="bbox 1992 1931 2042 1960; baseline -0.04 0"><span class='ocrx_word' id='word_1_189' title='bbox 1992 1931 2042 1960; x_wconf 83' lang='lat'>20</span> 
     </span>
    </p>
   </div>
   <div class='ocr_carea' id='block_1_9' title="bbox 244 2075 2039 2144">
    <p class='ocr_par' dir='ltr' id='par_1_14' title="bbox 244 2075 2039 2144">
     <span class='ocr_line' id='line_1_26' title="bbox 244 2075 2039 2144; baseline 0.002 -17"><span class='ocrx_word' id='word_1_190' title='bbox 244 2096 269 2127; x_wconf 88' lang='lat'>2</span> <span class='ocrx_word' id='word_1_191' title='bbox 305 2076 533 2144; x_wconf 82' lang='grc' dir='ltr'>ἔλλεσχα</span> <span class='ocrx_word' id='word_1_192' title='bbox 564 2078 698 2128; x_wconf 80' lang='grc' dir='ltr'>ἀλλὰ</span> <span class='ocrx_word' id='word_1_193' title='bbox 728 2079 789 2128; x_wconf 82' lang='grc' dir='ltr'>τὰ</span> <span class='ocrx_word' id='word_1_194' title='bbox 819 2075 997 2141; x_wconf 80' lang='grc' dir='ltr'>οἰκήια.</span> <span class='ocrx_word' id='word_1_195' title='bbox 1070 2081 1224 2128; x_wconf 82' lang='grc' dir='ltr'>ταῦτα</span> <span class='ocrx_word' id='word_1_196' title='bbox 1255 2078 1306 2130; x_wconf 83' lang='grc' dir='ltr'>ἐς</span> <span class='ocrx_word' id='word_1_197' title='bbox 1336 2077 1449 2130; x_wconf 86' lang='grc' dir='ltr'>τοὺς</span> <span class='ocrx_word' id='word_1_198' title='bbox 1485 2075 1674 2131; x_wconf 90' lang='grc' dir='ltr'>πάντας</span> <span class='ocrx_word' id='word_1_199' title='bbox 1704 2075 1965 2142; x_wconf 65' lang='grc' dir='ltr'>’Έλληνας</span> <span class='ocrx_word' id='word_1_200' title='bbox 2033 2115 2039 2118; x_wconf 94' lang='grc'>-</span> 
     </span>
    </p>
   </div>
   <div class='ocr_carea' id='block_1_10' title="bbox 0 2160 1965 2734">
    <p class='ocr_par' dir='ltr' id='par_1_15' title="bbox 306 2160 1965 2234">
     <span class='ocr_line' id='line_1_27' title="bbox 306 2160 1965 2234; baseline 0 -22"><span class='ocrx_word' id='word_1_201' title='bbox 306 2160 554 2228; x_wconf 80' lang='grc' dir='ltr'>ἀπέρριψε</span> <span class='ocrx_word' id='word_1_202' title='bbox 587 2163 612 2211; x_wconf 90' lang='grc' dir='ltr'>ὁ</span> <span class='ocrx_word' id='word_1_203' title='bbox 646 2165 803 2228; x_wconf 83' lang='grc' dir='ltr'>Κῦρος</span> <span class='ocrx_word' id='word_1_204' title='bbox 831 2162 892 2212; x_wconf 80' lang='grc' dir='ltr'>τὰ</span> <span class='ocrx_word' id='word_1_205' title='bbox 924 2161 1061 2219; x_wconf 86' lang='grc' dir='ltr'>ἔπεα,</span> <span class='ocrx_word' id='word_1_206' title='bbox 1095 2162 1172 2212; x_wconf 88' lang='grc' dir='ltr'>ὅτι</span> <span class='ocrx_word' id='word_1_207' title='bbox 1202 2162 1386 2228; x_wconf 80' lang='grc' dir='ltr'>ἀγορᾶς</span> <span class='ocrx_word' id='word_1_208' title='bbox 1418 2160 1728 2226; x_wconf 90' lang='grc' dir='ltr'>στησάμενοι</span> <span class='ocrx_word' id='word_1_209' title='bbox 1769 2160 1870 2234; x_wconf 82' lang='grc' dir='ltr'>ὠνῇ</span> <span class='ocrx_word' id='word_1_210' title='bbox 1910 2182 1965 2212; x_wconf 91' lang='grc' dir='ltr'>τε</span> 
     </span>
    </p>

    <p class='ocr_par' dir='ltr' id='par_1_16' title="bbox 308 2243 1965 2317">
     <span class='ocr_line' id='line_1_28' title="bbox 308 2243 1965 2317; baseline 0 -21"><span class='ocrx_word' id='word_1_211' title='bbox 308 2246 386 2296; x_wconf 90' lang='grc' dir='ltr'>καὶ</span> <span class='ocrx_word' id='word_1_212' title='bbox 425 2243 580 2312; x_wconf 90' lang='grc' dir='ltr'>πρήσι</span> <span class='ocrx_word' id='word_1_213' title='bbox 620 2244 879 2312; x_wconf 85' lang='grc' dir='ltr'>χρέωνται·</span> <span class='ocrx_word' id='word_1_214' title='bbox 925 2244 1064 2296; x_wconf 80' lang='grc' dir='ltr'>αὐτοὶ</span> <span class='ocrx_word' id='word_1_215' title='bbox 1108 2247 1206 2312; x_wconf 77' lang='grc' dir='ltr'>γὰρ</span> <span class='ocrx_word' id='word_1_216' title='bbox 1254 2247 1300 2297; x_wconf 84' lang='grc' dir='ltr'>οἱ</span> <span class='ocrx_word' id='word_1_217' title='bbox 1346 2244 1544 2312; x_wconf 88' lang='grc' dir='ltr'>Πέρσαι</span> <span class='ocrx_word' id='word_1_218' title='bbox 1574 2246 1786 2317; x_wconf 84' lang='grc' dir='ltr'>ἀγορῇσι</span> <span class='ocrx_word' id='word_1_219' title='bbox 1823 2246 1965 2296; x_wconf 78' lang='grc' dir='ltr'>οὐδὲν</span> 
     </span>
    </p>

    <p class='ocr_par' dir='ltr' id='par_1_17' title="bbox 246 2327 1964 2396">
     <span class='ocr_line' id='line_1_29' title="bbox 246 2327 1964 2396; baseline 0 -16"><span class='ocrx_word' id='word_1_220' title='bbox 246 2352 269 2393; x_wconf 83' lang='lat'>3</span> <span class='ocrx_word' id='word_1_221' title='bbox 308 2330 495 2380; x_wconf 82' lang='grc' dir='ltr'>ἐώθασι</span> <span class='ocrx_word' id='word_1_222' title='bbox 526 2331 760 2396; x_wconf 80' lang='grc' dir='ltr'>χρᾶσθαι,</span> <span class='ocrx_word' id='word_1_223' title='bbox 805 2327 918 2379; x_wconf 82' lang='grc' dir='ltr'>οὐδέ</span> <span class='ocrx_word' id='word_1_224' title='bbox 963 2335 1061 2396; x_wconf 92' lang='grc' dir='ltr'>σφι</span> <span class='ocrx_word' id='word_1_225' title='bbox 1104 2329 1213 2380; x_wconf 86' lang='grc' dir='ltr'>ἔστι</span> <span class='ocrx_word' id='word_1_226' title='bbox 1253 2333 1309 2380; x_wconf 85' lang='grc' dir='ltr'>τὸ</span> <span class='ocrx_word' id='word_1_227' title='bbox 1350 2327 1584 2395; x_wconf 90' lang='grc' dir='ltr'>παράπαν</span> <span class='ocrx_word' id='word_1_228' title='bbox 1620 2327 1811 2396; x_wconf 89' lang='grc' dir='ltr'>ἀγορή.-</span> <span class='ocrx_word' id='word_1_229' title='bbox 1840 2331 1964 2395; x_wconf 81' lang='grc' dir='ltr'>μετὰ</span> 
     </span>
    </p>

    <p class='ocr_par' dir='ltr' id='par_1_18' title="bbox 305 2411 1964 2484">
     <span class='ocr_line' id='line_1_30' title="bbox 305 2411 1964 2484; baseline 0.001 -21"><span class='ocrx_word' id='word_1_230' title='bbox 305 2418 457 2464; x_wconf 80' lang='grc' dir='ltr'>ταῦτα</span> <span class='ocrx_word' id='word_1_231' title='bbox 489 2412 762 2479; x_wconf 79' lang='grc' dir='ltr'>ἐπιτρέψας</span> <span class='ocrx_word' id='word_1_232' title='bbox 781 2415 869 2466; x_wconf 79' lang='grc' dir='ltr'>τὰς</span> <span class='ocrx_word' id='word_1_233' title='bbox 897 2415 989 2478; x_wconf 80' lang='grc' dir='ltr'>μὲν</span> <span class='ocrx_word' id='word_1_234' title='bbox 1020 2411 1199 2479; x_wconf 90' lang='grc' dir='ltr'>Σάρδις</span> <span class='ocrx_word' id='word_1_235' title='bbox 1226 2412 1452 2482; x_wconf 80' lang='grc' dir='ltr'>Ταβάλῳ</span> <span class='ocrx_word' id='word_1_236' title='bbox 1490 2413 1628 2479; x_wconf 85' lang='grc' dir='ltr'>ἀνδρὶ</span> <span class='ocrx_word' id='word_1_237' title='bbox 1659 2411 1854 2484; x_wconf 89' lang='grc' dir='ltr'>Πέρσῃ,</span> <span class='ocrx_word' id='word_1_238' title='bbox 1879 2412 1964 2464; x_wconf 86' lang='grc' dir='ltr'>τὸν</span> 
     </span>
    </p>

    <p class='ocr_par' dir='ltr' id='par_1_19' title="bbox 0 2496 1965 2734">
     <span class='ocr_line' id='line_1_31' title="bbox 307 2496 1964 2568; baseline 0 -20"><span class='ocrx_word' id='word_1_239' title='bbox 307 2500 359 2548; x_wconf 82' lang='grc' dir='ltr'>δὲ</span> <span class='ocrx_word' id='word_1_240' title='bbox 389 2496 579 2565; x_wconf 83' lang='grc' dir='ltr'>χρυσὸν</span> <span class='ocrx_word' id='word_1_241' title='bbox 605 2497 691 2548; x_wconf 91' lang='grc' dir='ltr'>τόν</span> <span class='ocrx_word' id='word_1_242' title='bbox 721 2518 774 2548; x_wconf 90' lang='grc' dir='ltr'>τε</span> <span class='ocrx_word' id='word_1_243' title='bbox 807 2497 1027 2563; x_wconf 89' lang='grc' dir='ltr'>Κροίσου</span> <span class='ocrx_word' id='word_1_244' title='bbox 1047 2497 1124 2548; x_wconf 86' lang='grc' dir='ltr'>καὶ</span> <span class='ocrx_word' id='word_1_245' title='bbox 1143 2501 1229 2548; x_wconf 87' lang='grc' dir='ltr'>τὸν</span> <span class='ocrx_word' id='word_1_246' title='bbox 1253 2501 1351 2549; x_wconf 84' lang='grc' dir='ltr'>τῶν</span> <span class='ocrx_word' id='word_1_247' title='bbox 1375 2496 1547 2548; x_wconf 82' lang='grc' dir='ltr'>ἄλλων</span> <span class='ocrx_word' id='word_1_248' title='bbox 1565 2499 1737 2548; x_wconf 82' lang='grc' dir='ltr'>Λυδῶν</span> <span class='ocrx_word' id='word_1_249' title='bbox 1759 2497 1964 2568; x_wconf 85' lang='grc' dir='ltr'>Πακτύῃ</span> 
     </span>
     <span class='ocr_line' id='line_1_32' title="bbox 0 2546 1965 2650; baseline 0.001 -20"><span class='ocrx_word' id='word_1_250' title='bbox 0 2546 445 2648; x_wconf 44' lang='grc' dir='ltr'>Ις..,,Ι’““Μ’”ἰιςῖῗῑινινν-ιάἀνδρὶ</span> <span class='ocrx_word' id='word_1_251' title='bbox 467 2585 609 2650; x_wconf 82' lang='grc' dir='ltr'>Λυδῷ</span> <span class='ocrx_word' id='word_1_252' title='bbox 635 2581 864 2647; x_wconf 62' lang='grc' dir='ltr'>κομ-ίζειν,</span> <span class='ocrx_word' id='word_1_253' title='bbox 894 2579 1149 2645; x_wconf 88' lang='grc' dir='ltr'>ἀπήλαυνε</span> <span class='ocrx_word' id='word_1_254' title='bbox 1168 2579 1314 2635; x_wconf 85' lang='grc' dir='ltr'>αὐτὸς</span> <span class='ocrx_word' id='word_1_255' title='bbox 1339 2582 1389 2633; x_wconf 81' lang='grc' dir='ltr'>ἐς</span> <span class='ocrx_word' id='word_1_256' title='bbox 1407 2579 1716 2647; x_wconf 85' lang='grc' dir='ltr'>Ἀγβάτανα,</span> <span class='ocrx_word' id='word_1_257' title='bbox 1745 2580 1965 2647; x_wconf 81' lang='grc' dir='ltr'>Κροῖσόν</span> 
     </span>
     <span class='ocr_line' id='line_1_33' title="bbox 305 2662 1960 2734; baseline 0 -19"><span class='ocrx_word' id='word_1_258' title='bbox 305 2686 358 2716; x_wconf 90' lang='grc' dir='ltr'>τε</span> <span class='ocrx_word' id='word_1_259' title='bbox 391 2664 491 2730; x_wconf 79' lang='grc' dir='ltr'>ἅμα</span> <span class='ocrx_word' id='word_1_260' title='bbox 527 2666 769 2732; x_wconf 89' lang='grc' dir='ltr'>ἀγόμενος</span> <span class='ocrx_word' id='word_1_261' title='bbox 807 2666 886 2717; x_wconf 88' lang='grc' dir='ltr'>καὶ</span> <span class='ocrx_word' id='word_1_262' title='bbox 922 2664 1036 2718; x_wconf 80' lang='grc' dir='ltr'>τοὺς</span> <span class='ocrx_word' id='word_1_263' title='bbox 1065 2664 1243 2719; x_wconf 85' lang='grc' dir='ltr'>Ἴωνας</span> <span class='ocrx_word' id='word_1_264' title='bbox 1285 2666 1339 2716; x_wconf 85' lang='grc' dir='ltr'>ἐν</span> <span class='ocrx_word' id='word_1_265' title='bbox 1379 2664 1540 2716; x_wconf 83' lang='grc' dir='ltr'>οὐδενὶ</span> <span class='ocrx_word' id='word_1_266' title='bbox 1576 2665 1712 2734; x_wconf 85' lang='grc' dir='ltr'>λόγῳ</span> <span class='ocrx_word' id='word_1_267' title='bbox 1750 2662 1960 2729; x_wconf 90' lang='grc' dir='ltr'>ποιησά-</span> 
     </span>
    </p>
   </div>
   <div class='ocr_carea' id='block_1_11' title="bbox 0 2747 2041 2821">
    <p class='ocr_par' dir='ltr' id='par_1_20' title="bbox 0 2747 2041 2821">
     <span class='ocr_line' id='line_1_34' title="bbox 0 2747 2041 2821; baseline -0.004 -16"><span class='ocrx_word' id='word_1_268' title='bbox 0 2757 225 2821; x_wconf 45' lang='grc' dir='ltr'>ἔωθεν-ξεῖ</span> <span class='ocrx_word' id='word_1_269' title='bbox 246 2771 273 2811; x_wconf 84' lang='grc'>4</span> <span class='ocrx_word' id='word_1_270' title='bbox 305 2752 453 2813; x_wconf 85' lang='grc' dir='ltr'>μενος</span> <span class='ocrx_word' id='word_1_271' title='bbox 484 2749 799 2815; x_wconf 58' lang='grc' dir='ltr'>τὴν-πρώτην</span> <span class='ocrx_word' id='word_1_272' title='bbox 834 2749 972 2801; x_wconf 76' lang='grc' dir='ltr'>εἶναι.</span> <span class='ocrx_word' id='word_1_273' title='bbox 1029 2749 1061 2813; x_wconf 86' lang='grc' dir='ltr'>ἤ</span> <span class='ocrx_word' id='word_1_274' title='bbox 1089 2770 1144 2801; x_wconf 88' lang='grc' dir='ltr'>τε</span> <span class='ocrx_word' id='word_1_275' title='bbox 1174 2751 1268 2816; x_wconf 79' lang='grc' dir='ltr'>γὰρ</span> <span class='ocrx_word' id='word_1_276' title='bbox 1301 2748 1550 2813; x_wconf 90' lang='grc' dir='ltr'>Βαβυλών</span> <span class='ocrx_word' id='word_1_277' title='bbox 1569 2751 1614 2800; x_wconf 77' lang='grc' dir='ltr'>οἱ</span> <span class='ocrx_word' id='word_1_278' title='bbox 1645 2747 1706 2812; x_wconf 83' lang='grc' dir='ltr'>ἤν</span> <span class='ocrx_word' id='word_1_279' title='bbox 1733 2748 1965 2813; x_wconf 82' lang='grc' dir='ltr'>ἐμπόδιος</span> <span class='ocrx_word' id='word_1_280' title='bbox 1989 2767 2041 2806; x_wconf 82' lang='lat'>30</span> 
     </span>
    </p>
   </div>
   <div class='ocr_carea' id='block_1_12' title="bbox 306 2886 1966 3048">
    <p class='ocr_par' dir='ltr' id='par_1_21' title="bbox 306 2886 1966 3048">
     <span class='ocr_line' id='line_1_35' title="bbox 363 2886 1966 2937; baseline -0.001 -9"><span class='ocrx_word' id='word_1_281' title='bbox 363 2900 379 2925; x_wconf 88' lang='grc' dir='ltr'>Ι</span> <span class='ocrx_word' id='word_1_282' title='bbox 428 2889 598 2929; x_wconf 82' lang='grc' dir='ltr'>ἀπίκατο</span> <span class='ocrx_word' id='word_1_283' title='bbox 625 2888 680 2928; x_wconf 92' lang='lat' dir='ltr'>C:</span> <span class='ocrx_word' id='word_1_284' title='bbox 727 2887 921 2929; x_wconf 81' lang='grc' dir='ltr'>ἀπικέατο</span> <span class='ocrx_word' id='word_1_285' title='bbox 953 2888 987 2929; x_wconf 91' lang='grc' dir='ltr'>Ρ</span> <span class='ocrx_word' id='word_1_286' title='bbox 1027 2900 1030 2902; x_wconf 84' lang='grc'><em>“</em></span> <span class='ocrx_word' id='word_1_287' title='bbox 1150 2900 1176 2937; x_wconf 88' lang='lat'><strong>3</strong></span> <span class='ocrx_word' id='word_1_288' title='bbox 1213 2886 1377 2928; x_wconf 85' lang='grc' dir='ltr'>Φωκαέα</span> <span class='ocrx_word' id='word_1_289' title='bbox 1407 2886 1440 2925; x_wconf 92' lang='lat' dir='ltr'><strong>L</strong></span> <span class='ocrx_word' id='word_1_290' title='bbox 1604 2887 1632 2925; x_wconf 91' lang='lat'><strong>6</strong></span> <span class='ocrx_word' id='word_1_291' title='bbox 1670 2889 1741 2927; x_wconf 77' lang='grc' dir='ltr'>οὐκ</span> <span class='ocrx_word' id='word_1_292' title='bbox 1771 2886 1966 2935; x_wconf 82' lang='grc' dir='ltr'>ἐσήκουον</span> 
     </span>
     <span class='ocr_line' id='line_1_36' title="bbox 307 2940 1963 2993; baseline 0.001 -14"><span class='ocrx_word' id='word_1_293' title='bbox 307 2942 448 2980; x_wconf 81' lang='lat' dir='ltr'><strong>Naber</strong></span> <span class='ocrx_word' id='word_1_294' title='bbox 468 2958 476 2982; x_wconf 88' lang='lat'><strong>:</strong></span> <span class='ocrx_word' id='word_1_295' title='bbox 507 2945 630 2984; x_wconf 79' lang='grc' dir='ltr'>οὕκως</span> <span class='ocrx_word' id='word_1_296' title='bbox 649 2945 794 2992; x_wconf 76' lang='grc' dir='ltr'>ἤκουον</span> <span class='ocrx_word' id='word_1_297' title='bbox 816 2943 849 2981; x_wconf 94' lang='lat' dir='ltr'>L</span> <span class='ocrx_word' id='word_1_298' title='bbox 1072 2954 1121 2981; x_wconf 91' lang='lat'>10</span> <span class='ocrx_word' id='word_1_299' title='bbox 1148 2941 1224 2993; x_wconf 83' lang='grc' dir='ltr'>μὲν</span> <span class='ocrx_word' id='word_1_300' title='bbox 1241 2954 1324 2982; x_wconf 84' lang='lat' dir='ltr'>om.</span> <span class='ocrx_word' id='word_1_301' title='bbox 1347 2942 1381 2980; x_wconf 90' lang='lat' dir='ltr'>C</span> <span class='ocrx_word' id='word_1_302' title='bbox 1570 2953 1626 2980; x_wconf 85' lang='lat'>20</span> <span class='ocrx_word' id='word_1_303' title='bbox 1651 2941 1905 2993; x_wconf 78' lang='grc' dir='ltr'>ἆποδεδειγμ.</span> <span class='ocrx_word' id='word_1_304' title='bbox 1928 2940 1963 2980; x_wconf 91' lang='lat' dir='ltr'>C</span> 
     </span>
     <span class='ocr_line' id='line_1_37' title="bbox 306 2994 1962 3048; baseline -0.002 -12"><span class='ocrx_word' id='word_1_305' title='bbox 306 2997 497 3046; x_wconf 85' lang='grc' dir='ltr'>ὀμνύντες</span> <span class='ocrx_word' id='word_1_306' title='bbox 519 2997 712 3038; x_wconf 85' lang='lat' dir='ltr'>Bekker:</span> <span class='ocrx_word' id='word_1_307' title='bbox 747 2998 938 3048; x_wconf 81' lang='grc' dir='ltr'>ὄμοῦντες</span> <span class='ocrx_word' id='word_1_308' title='bbox 960 2997 993 3035; x_wconf 94' lang='lat' dir='ltr'>L</span> <span class='ocrx_word' id='word_1_309' title='bbox 1132 3009 1184 3046; x_wconf 88' lang='lat'>23</span> <span class='ocrx_word' id='word_1_310' title='bbox 1215 2996 1463 3046; x_wconf 80' lang='grc' dir='ltr'>στησάμενοι</span> <span class='ocrx_word' id='word_1_311' title='bbox 1485 2995 1630 3036; x_wconf 76' lang='lat' dir='ltr'><strong>stein:</strong></span> <span class='ocrx_word' id='word_1_312' title='bbox 1662 2994 1907 3045; x_wconf 79' lang='grc' dir='ltr'>κτησάμενοι</span> <span class='ocrx_word' id='word_1_313' title='bbox 1928 2994 1962 3033; x_wconf 93' lang='lat' dir='ltr'>L</span> 
     </span>
    </p>
   </div>
   <div class='ocr_carea' id='block_1_13' title="bbox 305 3049 1960 3106">
    <p class='ocr_par' dir='ltr' id='par_1_22' title="bbox 305 3049 1960 3106">
     <span class='ocr_line' id='line_1_38' title="bbox 305 3049 1960 3106; baseline -0.001 -16"><span class='ocrx_word' id='word_1_314' title='bbox 305 3063 358 3101; x_wconf 86' lang='lat'>24</span> <span class='ocrx_word' id='word_1_315' title='bbox 378 3051 521 3105; x_wconf 82' lang='grc' dir='ltr'>πρήσει</span> <span class='ocrx_word' id='word_1_316' title='bbox 540 3052 573 3091; x_wconf 91' lang='lat' dir='ltr'>L</span> <span class='ocrx_word' id='word_1_317' title='bbox 655 3051 855 3106; x_wconf 81' lang='grc' dir='ltr'>χρέωνται</span> <span class='ocrx_word' id='word_1_318' title='bbox 874 3082 882 3092; x_wconf 92' lang='grc'>.</span> <span class='ocrx_word' id='word_1_319' title='bbox 898 3079 909 3091; x_wconf 89' lang='grc'>.</span> <span class='ocrx_word' id='word_1_320' title='bbox 927 3081 936 3092; x_wconf 92' lang='grc'>.</span> <span class='ocrx_word' id='word_1_321' title='bbox 955 3059 1028 3104; x_wconf 84' lang='grc' dir='ltr'>σφι</span> <span class='ocrx_word' id='word_1_322' title='bbox 1042 3063 1124 3091; x_wconf 86' lang='lat' dir='ltr'>om.</span> <span class='ocrx_word' id='word_1_323' title='bbox 1140 3051 1176 3090; x_wconf 94' lang='lat' dir='ltr'>C</span> <span class='ocrx_word' id='word_1_324' title='bbox 1287 3062 1339 3100; x_wconf 86' lang='lat'>25</span> <span class='ocrx_word' id='word_1_325' title='bbox 1361 3054 1535 3104; x_wconf 83' lang='grc' dir='ltr'>χρῆσθαι</span> <span class='ocrx_word' id='word_1_326' title='bbox 1555 3050 1588 3089; x_wconf 92' lang='lat' dir='ltr'>L</span> <span class='ocrx_word' id='word_1_327' title='bbox 1697 3050 1749 3089; x_wconf 85' lang='lat'>28</span> <span class='ocrx_word' id='word_1_328' title='bbox 1770 3049 1911 3092; x_wconf 78' lang='grc' dir='ltr'>αὐτοὺς</span> <span class='ocrx_word' id='word_1_329' title='bbox 1927 3049 1960 3088; x_wconf 92' lang='lat' dir='ltr'>C</span> 
     </span>
    </p>
   </div>
  </div>
 </body>
</html>
