2098 3320
57 62 152 113 ΙΙΙ.

180 74 234 124 51

210 301 233 343 b)

171 710 234 758 52

890 62 1325 112 HPOAOTO‘I'

276 190 513 252 ἐποιέετο,
561 194 611 246 ἐς
656 191 855 246 τούτους
899 192 1107 259 πέμπων
1152 191 1370 262 ἄγγελον
1414 195 1691 263 ἀπηγόρευε
1735 197 1802 263 μή
1848 221 1933 264 μιν

275 277 507 330 δέκεσθαι
559 278 778 330 οἰκίοισι.
884 279 911 329 6
962 281 1016 331 δὲ
1063 279 1190 333 ὅκως
1239 279 1642 345 ἀπελαυνόμενος
1693 281 1830 334 ἔλθοι
1881 286 1933 339 ἐς

275 361 438 426 ἄλλην
473 363 649 426 οἰκίην,
682 361 981 427 ἀπηλαύνετ’
1026 362 1087 414 ἂν
1123 363 1204 415 καὶ
1239 362 1339 416 ἀπὸ
1377 363 1572 429 ταύτης,
1612 365 1934 422 ἀπειλέοντός

273 467 327 497 τε
349 451 437 498 τοῦ
460 444 765 513 Περιάνδρου
788 450 922 498 τοῖσι
942 443 1259 512 δεξαμένοισι
1280 446 1359 499 καὶ
1382 446 1603 516 ἐξέργειν
1628 451 1931 506 κελεύοντος.

275 530 676 595 ἀπελαυνόμενος
706 529 749 581 δ’
778 529 841 582 ἂν
869 529 947 595 ἤιε
978 529 1054 583 ἐπ’
1086 530 1259 597 ἑτέρην
1288 535 1388 584 τῶν
1418 534 1641 598 ἑταίρων·
1687 536 1733 586 οἱ
1763 537 1818 587 δὲ
1847 534 1934 588 ἅτε
1958 559 1980 599 5

275 614 582 682 Περιάνδρου
602 615 749 667 ἐόντα
773 618 939 673 παῖδα,
964 616 1138 682 καίπερ
1161 617 1508 681 δειμαίνοντες,
1530 618 1662 683 ὅμως
1687 617 1932 672 ἐδέκοντο.

272 698 419 753 τέλος
449 702 502 752 δὲ
533 700 560 750 6
590 699 896 766 Περίανδρος
928 697 1149 766 κήρυγμα
1181 698 1469 764 ἐποιήσατο,
1496 699 1551 756 ὃς
1579 701 1641 754 ἂν
1670 697 1700 767 ἢ
1731 704 1935 756 οἰκίοισι

272 781 575 849 ὑποδέξηταί
616 805 702 849 μιν
747 779 778 848 ἢ
823 785 1217 856 προσδιαλεχθῇ,
1266 783 1375 851 ἱρὴν
1425 785 1598 851 ζημίην
1644 791 1820 840 τοῦτον
1866 793 1933 859 τῷ

274 867 560 921 Ἀπόλλωνι
604 868 848 935 ὀφείλειν,
891 868 1019 933 ὅσην
1063 867 1121 933 δὴ
1168 869 1325 922 εἴπας.
1411 867 1533 938 πρὸς
1576 867 1645 923 ὧν
1688 870 1747 936 δὴ
1791 876 1934 925 τοῦτο

273 952 331 1004 τὸ
363 951 585 1020 κήρυγμα
615 953 729 1004 οὔτε
763 954 838 1005 τίς
874 954 921 1004 οἱ
958 951 1283 1020 διαλέγεσθαι
1319 952 1432 1005 οὕτε
1469 954 1671 1007 οἰκίοισι
1701 954 1933 1009 δέκεσθαι
1961 976 2007 1005 10

274 1036 441 1102 ἤθελε·
486 1037 608 1103 πρὸς
638 1039 691 1089 δὲ
721 1035 834 1089 οὐδὲ
864 1036 1010 1091 αὐτὸς
1039 1038 1227 1090 ἐκεῖνος
1251 1038 1466 1090 ἐδικαίου
1495 1042 1761 1106 πειρᾶσθαι
1791 1041 1931 1094 ἀπει-

274 1121 502 1188 ρημένου,
541 1122 676 1173 ἀλλὰ
715 1119 1070 1189 διακαρτερέων
1111 1123 1165 1173 ἐν
1202 1128 1321 1194 τῇσι
1361 1129 1563 1195 στοιῇσι
1602 1123 2098 1213 ἐκαλψδέετο.““ΐε

274 1205 482 1278 τετάρτῃ
513 1209 566 1259 δὲ
594 1204 749 1278 ἡμέρῃ
787 1205 904 1258 ἰδών
938 1206 1085 1275 μιν-,ό
1120 1206 1426 1273 Περίανδρος
1463 1207 1739 1281 ἀλουσίῃσί
1763 1229 1818 1262 τε
1855 1209 1934 1262 καὶ

274 1291 502 1362 ἀσιτίῃσι
549 1290 944 1356 συμπεπτωκότα
990 1290 1383 1358 οἵκτιρε·“ὑπεὶς
1427 1293 1481 1344 δὲ
1526 1294 1614 1356 τῆς
1660 1293 1811 1360 ὀργῆς
1855 1292 1935 1359 ἤιε

273 1376 440 1427 ἆσσον
477 1374 557 1427 καὶ
593 1375 753 1442 ἔλεγε·
792 1373 866 1426 Ὦ
902 1379 1008 1432 παῖ,
1042 1375 1218 1442 κότερα
1252 1375 1439 1428 τούτων
1473 1375 1767 1444 αἱρετώτερά
1804 1379 1930 1438 ἐστι,
1959 1397 2007 1439 15

273 1464 426 1511 ταῦτα
471 1462 533 1512 τὰ
575 1465 662 1512 νῦν
706 1460 836 1528 ἔχων
881 1458 1143 1527 πρήσσεις,
1188 1455 1219 1524 ἢ
1265 1458 1355 1524 τὴν
1397 1461 1659 1528 τυραννίδα
1704 1460 1782 1514 καὶ
1827 1459 1932 1531 (τὰ)

273 1545 437 1611 ἀγαθὰ
475 1546 534 1596 τὰ
576 1549 664 1597 νῦν
705 1545 802 1611 ἐγὼ
843 1544 961 1612 ἔχω,
997 1549 1149 1596 ταῦτα
1192 1543 1339 1597 ἐόντα
1376 1549 1445 1616 τῷ
1485 1545 1633 1611 πατρὶ
1675 1544 1932 1612 ἐπιτήδεον
1960 1550 1980 1585 <-
2010 1550 2090 1589 εἶ’(

272 1628 712 1695 παραλαμβάνειν;
775 1628 830 1682 ὃς
875 1629 970 1681 ἐὼν
1017 1629 1133 1694 ἐμός
1176 1649 1232 1681 τε
1274 1632 1391 1682 παῖς
1435 1629 1514 1681 καὶ
1559 1631 1802 1697 Κορίνθου
1843 1633 1932 1697 τῆς

273 1714 563 1780 εὐδαίμονος
606 1712 853 1785 βασιλεὺς
898 1711 1088 1778 ἀλήτην
1132 1714 1253 1779 βίον
1298 1714 1447 1773 εἵλευ,
1495 1714 1831 1768 ἀντιστατέων
1876 1737 1932 1768 τε

274 1798 353 1850 καὶ
389 1799 510 1871 ὀργῇ
548 1798 828 1866 χρεώμενος
865 1799 916 1852 ἐς
949 1799 1037 1850 τόν
1075 1819 1138 1850 σε
1174 1797 1358 1863 ἥκιστα
1394 1799 1562 1866 ἐχρῆν.
1655 1801 1698 1852 εἰ
1733 1799 1828 1868 γάρ
1858 1820 1933 1855 τις
1959 1818 2008 1848 20

272 1883 506 1951 συμφορὴ
553 1882 841 1948 ἐπέ-αὐτοῖσι
876 1882 1070 1950 γέγονε,
1105 1879 1164 1947 ἐξ
1197 1881 1257 1947 ἧς
1293 1883 1517 1951 ὑποψίην
1563 1884 1614 1938 ἐς
1654 1885 1741 1950 ἐμὲ
1780 1883 1929 1953 ἔχεις,

238 2028 241 2030 ,
272 1968 386 2034 ἐμοί
410 1989 465 2020 τε
496 1968 616 2033 αὕτη
648 1967 826 2035 γέγονε
862 1966 941 2020 καὶ
978 1967 1076 2034 ἐγὼ
1112 1966 1263 2031 αὐτῆς
1297 1966 1354 2019 τὸ
1385 1971 1542 2020 πλεῦν
1570 1967 1783 2037 μέτοχός
1814 1970 1929 2035 εἰμι,

156 2042 161 2045 ⁴
217 2074 238 2119 5
271 2052 376 2122 ὅσῳ
409 2051 554 2107 αὐτός
585 2059 723 2119 σφεα
751 2050 1115 2120 ἐξεργασάμην.
1206 2050 1271 2103 σὺ
1302 2053 1356 2104 δὲ
1383 2052 1553 2117 μαθὼν
1582 2053 1687 2123 ὅσῳ
1720 2052 2098 2124 &Helge-bna*

0 2114 164 2200 W

271 2139 392 2188 σθαι
424 2135 644 2204 κρέσσον
674 2137 784 2188 ἐστὶ
814 2132 844 2201 ἢ
884 2136 1206 2204 οἰκτίρεσθαι,
1240 2133 1341 2200 ἅμα
1376 2156 1431 2187 τε
1467 2137 1707 2205 ὁκοῖᾞι
1736 2135 1787 2191 ἐς
1817 2137 2098 2191 rubet-amu

270 2219 444 2275 τοκέας
492 2221 570 2273 καὶ
618 2223 668 2275 ἐς
718 2220 832 2274 τοὺς
880 2219 1157 2288 κρέσσονας
1202 2222 1532 2285 τεθυμῶσθαι,
1583 2219 1723 2274 ἄπιθι
1774 2223 1824 2276 ἐς
1870 2223 1930 2274 τὰ
1956 2243 2004 2285 25

212 2309 241 2354 6
271 2305 418 2358 οἰκία.
506 2305 810 2372 Περίανδρος
844 2307 935 2371 μὲν
972 2304 1195 2357 τούτοισι
1230 2303 1378 2356 αὐτὸν
1417 2303 1783 2371 κατελάμβανε,
1819 2307 1846 2357 6
1876 2308 1931 2358 δὲ

270 2388 399 2441 ἄλλο
442 2392 534 2455 μὲν
578 2389 721 2441 οὐδὲν
765 2390 1027 2455 ἀμείβεται
1072 2387 1159 2450 τὸν
1200 2386 1406 2455 πατέρα,
1449 2388 1547 2456 ἔφη
1592 2388 1648 2442 δέ
1688 2411 1774 2456 μιν
1821 2389 1929 2458 ἱρὴν

330 2539 349 2566 1
383 2529 438 2570 εἷς
460 2526 552 2567 RV
679 2540 704 2567 2
734 2526 842 2567 ἔλθοι
858 2556 866 2565 .
888 2555 897 2565 .
913 2556 922 2566 .
938 2523 1261 2576 ἀπελαυνόμενος
1276 2522 1337 2573 (5)
1359 2536 1439 2565 om.
1466 2524 1505 2563 R
1635 2538 1661 2575 3
1690 2526 1929 2568 ἂπελαύνετ’

271 2580 356 2622 SV
466 2580 727 2633 ἐπιλέγοντος
750 2581 831 2620 SV
960 2594 985 2629 4
1015 2580 1206 2633 ἐξείργειν
1230 2578 1316 2618 ΑΒ
1334 2578 1415 2618 SV
1525 2591 1550 2628 5
1580 2579 1613 2621 δ’
1635 2593 1716 2621 om.
1739 2581 1827 2619 AB
1845 2581 1879 2620 C
1895 2581 1929 2620 P

269 2640 353 2678 τῶν
373 2635 519 2690 ἐτέρων
539 2636 573 2675 C
589 2635 694 2674 RV¹
840 2637 867 2673 6
898 2638 1109 2676 ἐκδέκοντο
1131 2633 1165 2673 C
1314 2646 1335 2683 7
1367 2633 1516 2687 κήρυκα
1536 2634 1570 2673 C
1711 2636 1738 2674 8
1767 2635 1929 2688 δέξηταί

272 2691 312 2730 R
335 2691 366 2731 S
385 2691 426 2731 V
592 2703 635 2729 11
684 2690 855 2732 ἐδικαίευ
893 2690 926 2729 C
951 2690 985 2728 P
1151 2701 1199 2727 12
1243 2691 1286 2729 ἐν
1323 2701 1404 2727 om.
1445 2688 1483 2727 R
1504 2689 1542 2728 V
1653 2693 1827 2745 στολῇσι
1867 2689 1926 2731 C:
1975 2716 1977 2718 -

270 2749 419 2800 στοῇσι
448 2744 583 2785 ΑΒΡ
805 2758 852 2793 14
884 2748 1053 2797 οἴκτειρε
1084 2744 1117 2782 L
1140 2742 1205 2793 (it.
1229 2742 1299 2791 24)
1524 2744 1573 2782 16
1600 2744 1652 2786 τὰ
1674 2744 1769 2785 add.
1791 2744 1928 2785 Aldus

274 2813 324 2851 19
354 2802 463 2842 εἶλεν
483 2801 523 2839 R
663 2813 716 2839 20
745 2802 798 2842 εἷς
818 2800 857 2838 Α
873 2800 907 2838 Β
1039 2811 1085 2836 21
1120 2800 1304 2838 ἑωυτοῖσι
1327 2796 1419 2836 Eltz
1528 2796 1678 2851 γέγονε
1701 2798 1926 2848 Krueger:

271 2854 525 2907 ἐγεγόνεε(ν)
547 2853 588 2893 Α
601 2853 636 2892 Β
651 2854 684 2892 C
698 2854 731 2893 Ρ
748 2854 779 2892 S
797 2868 806 2894 :
838 2853 1080 2907 ἐγγεγόνεεν
1102 2852 1140 2890 R
1155 2852 1195 2891 V
1340 2865 1394 2890 22
1424 2853 1498 2903 ἐμη
1521 2852 1550 2892 S
1565 2853 1602 2892 V
1746 2866 1800 2904 23
1829 2855 1926 2894 ὅσον

271 2909 302 2949 S
315 2909 354 2948 V
368 2909 419 2963 (2)
532 2918 638 2962 σφεα
659 2909 846 2950 Bredow
863 2924 873 2950 :
901 2919 982 2962 σφε
1004 2908 1038 2946 L
1149 2909 1291 2959 ἐξειργ.
1314 2905 1354 2944 Α
1367 2905 1402 2944 Β
1599 2920 1649 2957 24
1681 2911 1869 2962 κρεῖσσον
1889 2908 1924 2947 C

270 2964 388 3004 Stob.
414 2965 501 3005 ssor.
526 2965 581 3004 iii.
606 2966 658 3014 58
768 2963 828 3016 τι]
851 2982 889 3005 τι
913 2964 1025 3004 ἐστὶν
1049 2963 1086 3001 R
1104 2961 1209 2999 SV:
1237 2973 1319 3002 om.
1347 2959 1462 3000 Stob.
