2098 3320
26 132 91 179 II.
114 144 177 180 22

154 534 177 565 2

155 956 175 971 ἢ

153 972 176 998 ζ)

152 1295 178 1337 4

836 131 1263 180 ΗΡΟΔΟΤΟΎ

217 259 428 325 κεστάτη
461 262 614 311 ἐοῦσα
645 259 870 325 μάλιστα
904 261 1166 328 ἔψευσται.
1239 260 1379 329 λέγει
1411 263 1506 328 γὰρ
1536 260 1594 325 δὴ
1625 260 1727 313 οὐδ’
1758 263 1877 329 αὕτη

215 343 372 404 οὐδέν,
406 343 603 411 φαμένη
643 344 730 396 τὸν
768 349 957 397 Νεῖλον
996 344 1129 411 ῥέειν
1166 345 1265 398 ἀπὸ
1304 344 1575 411 τηκομένης
1605 347 1791 414 χιόνος,
1824 346 1879 400 ὃς

212 429 313 496 ῥέει
365 430 457 494 μὲν
506 430 559 480 ἐκ
606 429 800 494 Λιβύης
847 431 927 481 διὰ
972 429 1144 495 μέσων
1190 430 1459 488 Αἰθιόπων,
1506 430 1692 482 ἐκδιδοῖ
1731 433 1785 482 δὲ
1829 433 1880 486 ἐς

216 515 486 580 Αἴγυπτον.
588 518 683 567 κῶς
727 509 795 565 ὧν
841 516 963 578 δῆτα
1008 513 1114 581 ῥέοι
1157 512 1219 565 ἂν
1264 513 1362 567 ἀπὸ
1405 514 1590 582 χιόνος,
1637 513 1736 566 ἀπὸ
1782 519 1880 568 τῶν

215 597 530 664 θερμοτάτων
561 593 764 661 [τόπων]
791 596 919 664 ῥέων
953 599 1004 652 ἐς
1036 601 1134 650 τῶν
1166 594 1261 665 [τὰ]
1293 598 1584 666 ψυχρότερα
1613 599 1676 649 τὰ
1711 597 1880 652 πολλά
1904 621 1926 662 5

214 683 347 742 ἐστι,·
395 682 541 748 ἀνδρί
565 703 623 749 γε
659 683 953 749 λογίζεσθαι
990 683 1225 734 τοιούτων
1267 681 1379 750 πέρι
1416 683 1502 752 οἵῳ
1539 703 1593 735 τε
1632 683 1779 742 ἐόντι,
1814 683 1880 738 ὡς

213 765 325 818 οὐδὲ
356 765 489 819 οἰκὸς
520 765 617 819 ἀπὸ
648 767 819 835 χιόνος
855 787 940 832 μιν
977 765 1125 833 ῥέειν,
1160 770 1354 833 πρῶτον
1394 769 1487 832 μὲν
1525 766 1604 819 καὶ
1638 765 1879 835 μέγιστον

211 850 477 918 μαρτύριον
508 853 554 902 οἱ
594 850 767 916 ἄνεμοι
803 850 1110 919 παρέχονται
1146 849 1379 905 πνέοντες
1417 850 1517 903 ἀπὸ
1548 855 1645 904 τῶν
1675 850 1881 920 χωρέων

213 933 427 986 τουτέων
478 935 663 1002 θερμοί·
726 935 953 1002 δεύτερον
1008 937 1061 987 δὲ
1112 936 1189 987 ὅτι
1236 934 1490 1002 ἄνομβρος
1534 935 1564 1001 ἡ
1613 936 1750 1005 χώρη
1800 936 1879 988 καὶ

214 1019 561 1086 ἀκρύσταλλος
597 1017 841 1072 διατελέει
874 1016 1043 1078 ἐοῦσα,
1079 1019 1159 1072 ἐπὶ
1198 1021 1251 1071 δὲ
1291 1020 1424 1088 χιόνι
1468 1020 1695 1092 πεσούσῃ
1737 1023 1880 1077 πᾶσα
1906 1040 1956 1070 10

215 1102 404 1170 ἀνάγκη
437 1103 546 1155 ἐστὶ
574 1102 694 1154 ὗσαι
725 1105 778 1156 ἐν
814 1102 964 1156 πέντε
1000 1102 1229 1175 ἡμέρῃσι,
1263 1103 1394 1156 ὥστε
1429 1105 1473 1156 εἷ
1505 1104 1732 1172 ἐχιόνιζε,
1763 1104 1878 1157 ὕετο

214 1186 275 1239 ἂν
305 1191 458 1239 ταῦτα
487 1188 549 1239 τὰ
579 1189 755 1255 χωρία·
800 1188 940 1254 τρίτα
962 1190 1016 1240 δὲ
1042 1189 1088 1239 οἱ
1114 1186 1366 1255 ἄνθρωποι
1396 1187 1491 1240 ὑπὸ
1514 1192 1602 1239 τοῦ
1634 1188 1879 1254 καύματος

212 1270 427 1337 μέλανες
466 1272 650 1325 ἐόντες·
698 1273 871 1340 ἷκζζνοι
911 1274 965 1324 δὲ
1008 1273 1086 1324 καὶ
1127 1272 1386 1346 χελι-δόνες
1427 1271 1488 1323 δι’
1532 1271 1667 1326 ἔτεος
1710 1272 1879 1326 ἐόν-τες
1896 1286 2098 1334 omnum

214 1355 301 1407 οὐκ
342 1356 693 1415 ἀπολείπουσι,
730 1355 932 1424 γέρανοι
972 1358 1025 1408 δὲ
1068 1356 1347 1424 φεύγουσαι
1392 1355 1478 1408 τὸν
1525 1360 1746 1424 χειμῶνα
1789 1356 1878 1410 τὸν

214 1441 267 1491 ἐν
312 1440 371 1511 τῇ
416 1441 627 1513 Σκυθικῇ
671 1440 811 1512 χώρῃ
855 1440 1117 1507 γινόμενον
1163 1445 1381 1508 φοιτῶσι
1421 1442 1472 1494 ἐς
1513 1441 1783 1509 χειμασίην
1827 1441 1878 1494 ἐς
1905 1459 1952 1501 15

213 1524 328 1578 τοὺς
378 1525 559 1578 τόπους
609 1525 828 1578 τούτους.
926 1526 969 1577 εἷ
1021 1524 1188 1577 τοίνυν
1240 1525 1451 1594 ἐχιόνιζε
1502 1526 1582 1577 καὶ
1635 1526 1760 1577 ὅσον
1809 1521 2073 1592 ὦνῳνυτ

214 1609 396 1674 ταύτην
427 1607 518 1673 τὴν
557 1608 726 1677 χώρην
763 1608 823 1660 δι’
853 1608 911 1674 ἧς
947 1630 1001 1661 τε
1041 1607 1144 1676 ῥέει
1184 1609 1265 1661 καὶ
1306 1611 1359 1660 ἐκ
1402 1611 1489 1673 τῆς
1519 1608 1724 1677 ἄρχεται
1751 1587 2038 1676 ῥέωνωι*

216 1694 242 1743 6
282 1696 484 1753 Νεῖλος,
523 1691 583 1758 ἣν
627 1692 689 1745 ἄν
731 1714 779 1745 τι
822 1693 1010 1745 τούτων
1052 1691 1211 1752 οὐδέν,
1246 1693 1310 1746 ὡς
1350 1693 1380 1758 ἡ
1423 1691 1611 1760 ἀνάγκη
1658 1692 1876 1762 ἐλέγχει.

216 1778 242 1827 6
280 1779 335 1829 δὲ
374 1778 486 1843 περὶ
524 1781 611 1829 τοῦ
650 1776 895 1830 Ὠκεανοῦ
932 1775 1083 1843 λέξας
1125 1777 1413 1848 ε’ς-ἀφανὲς
1451 1776 1538 1829 τὸν
1573 1780 1727 1843 μῦθον
1763 1777 1875 1830 ἀνε-

217 1863 381 1914 νείκας
412 1860 498 1913 οὐκ
528 1861 635 1931 ἔχει
667 1860 900 1930 ἔλεγχον·
946 1861 1003 1912 οὐ
1038 1860 1135 1929 γάρ
1171 1882 1284 1915 τινα
1321 1861 1482 1929 ἔγωγε
1517 1859 1627 1913 οἶδα
1655 1860 1879 1927 ποταμὸν
1903 1878 1956 1907 20

217 1945 471 1998 Ὠκεανὸν
507 1945 669 2004 ἐόντα,
708 1944 939 2013 οΌμηρον
982 1947 1035 1998 δὲ
1078 1945 1110 2011 ἤ
1154 1966 1265 1998 τινα
1307 1950 1408 1998 τῶν
1451 1945 1690 2013 πρότερον
1733 1965 1875 2013 γενο-

215 2028 380 2095 μένων
410 2029 653 2095 ποιητέων
683 2028 836 2082 δοκέω
873 2030 1089 2096 τοῦνομα
1130 2030 1335 2097 εὑρόντα
1373 2031 1423 2084 ἐς
1453 2031 1657 2094 ποίησιν
1687 2029 1875 2081 ἐσενεί-

220 2117 415 2167 κασθαι.
504 2116 548 2166 εἰ
588 2117 641 2167 δὲ
686 2117 762 2166 δεῖ
801 2112 1131 2182 μεμψάμενον
1178 2114 1378 2182 γνώμας
1421 2115 1509 2168 τᾶς
1553 2111 1879 2181 προκειμένας

218 2197 367 2250 αὐτὸν
391 2198 503 2265 περὶ
521 2202 618 2250 τῶν
637 2196 873 2265 ἀφανέων
893 2199 1095 2265 γνώμην
1122 2197 1477 2263 ἀποδέξασθαι,
1501 2195 1682 2264 φράσω
1706 2196 1767 2248 δι’
1785 2198 1815 2247 ὅ
1830 2217 1880 2248 τι

217 2303 302 2348 μοι
342 2281 503 2334 δοκέει
537 2282 851 2346 πληθύεσθαι
895 2283 922 2333 6
966 2286 1150 2335 Νεῖλος
1187 2285 1275 2334 τοῦ
1312 2280 1495 2347 θέρεος.
1582 2279 1673 2345 τὴν
1708 2302 1876 2348 χειμε-
1905 2297 1952 2337 25

218 2365 358 2431 ρινὴν
388 2366 519 2433 ὥρην
549 2366 947 2430 ἀπελαυνόμενος
981 2367 1007 2416 6
1037 2366 1178 2430 ἥλιος
1214 2367 1268 2416 ἐκ
1304 2368 1392 2429 τῆς
1421 2365 1630 2433 ἀρχαίης
1660 2363 1881 2428 διεξόδου
1898 2367 2070 2412 unul

218 2449 314 2501 ὑπὸ
350 2454 448 2502 τῶν
488 2449 747 2518 χειμῴνων
790 2449 989 2518 ἔρχεται
1030 2452 1117 2514 τῆς
1157 2449 1351 2514 Λιβύης
1388 2450 1449 2500 τᾶ
1488 2447 1606 2500 ἄνω.
1694 2447 1760 2502 ὡς
1787 2446 1880 2513 μέν

219 2554 306 2586 νυν
336 2534 389 2586 ἐν
422 2535 677 2604 ἐλαχίστῳ
709 2537 950 2599 δηλῶσαι,
984 2537 1083 2586 πᾶν
1121 2534 1324 2599 εἴρηται·
1370 2535 1458 2596 τῆς
1495 2534 1591 2599 γὰρ
1629 2530 1691 2583 ἂν
1722 2532 1876 2599 ἀγχο-

280 2685 298 2711 1
331 2673 434 2722 αὕτη
455 2671 606 2712 Stein:
636 2674 736 2722 αὐτὴ
760 2672 793 2710 L
941 2685 967 2721 4
997 2669 1121 2712 κόσον
1142 2668 1234 2709 RV
1379 2680 1404 2719 5
1433 2667 1571 2710 τόπων
1591 2681 1673 2708 om.
1699 2666 1880 2707 PRSV

221 2725 320 2781 ῥέων
339 2729 380 2769 ἐς
399 2731 481 2768 τῶν
503 2726 595 2779 [τὰ]
618 2725 850 2779 ψυχρότερα
868 2725 1045 2776 scripsi:
1076 2728 1116 2766 ἐς
1142 2726 1194 2766 τὰ
1218 2722 1447 2776 ψυχρότερα
1471 2727 1553 2764 τῶν
1572 2722 1612 2761 Α
1626 2722 1661 2769 Β
1676 2722 1710 2761 C
1728 2736 1738 2762 ε
1769 2725 1809 2764 ἐς
1827 2723 1880 2764 τὰ

222 2781 452 2835 ψυχρότερα
470 2781 570 2834 ῥέων
589 2785 669 2822 τῶν
691 2780 755 2820 R:
785 2780 884 2834 ῥέων
911 2782 951 2821 ἐς
977 2781 1028 2820 τὰ
1052 2777 1290 2832 ψυχρότατα
1311 2781 1393 2818 τῶν
1415 2777 1469 2818 P:
1500 2780 1541 2819 ἐς
1563 2778 1617 2818 τὰ
1640 2776 1881 2830 ψυχρότατα

222 2834 324 2887 ῥέων
343 2840 423 2876 τῶν
445 2835 525 2874 SV
647 2837 674 2874 6
701 2851 752 2887 γε
772 2846 854 2873 om.
883 2833 1063 2873 PRSV
1192 2845 1214 2882 7
1244 2831 1360 2873 οὐδὲν
1383 2831 1418 2870 C
1529 2833 1631 2873 εἰκὸς
1649 2830 1880 2870 ABCSV

222 2891 250 2928 8
278 2890 435 2942 χωρίων
457 2887 592 2928 RSV
747 2900 791 2926 11
823 2886 992 2929 ffev'P:
1020 2889 1089 2929 ὕεν
1110 2885 1214 2927 SV:
1245 2885 1351 2927 &R
1503 2886 1552 2925 18
1582 2884 1879 2927 &nomez

222 2959 265 2985 τι
285 2956 368 2987 orn.
389 2943 428 2982 A
441 2943 476 2982 B
604 2942 795 2984 τοιούτων
818 2943 856 2981 R
876 2957 885 2982 :
914 2944 1096 2983 τοιοῦτον
1116 2941 1198 2981 SV
1388 2953 1442 2979 22
1469 2944 1647 2988 ποιητῶν
1663 2939 1703 2978 Α
1830 2941 1879 2981 τὸ

224 2996 531 3049 οὔνομαΡῙῖν
695 3010 745 3047 27
778 2996 1093 3039 e’serapRSV
1203 2996 1257 3035 28
1285 2993 1594 3037 avomRSV
