2098 3320
66 56 153 105 lv.
179 39 273 117 136
942 55 1370 104 HPOAOTOT

255 205 280 248 3
313 185 556 250 μαθόντες
587 187 639 237 δὲ
651 184 785 239 ’τοὺς
809 181 1017 252 Πέρσας
1041 185 1167 236 οὔκω
1198 183 1500 252 ἀπιγμένους
1524 186 1704 253 ἔλεγον
1727 184 1849 254 πρὸς
1870 186 1983 242 τοὺς

306 268 485 323 Ἴωνας
521 270 695 323 ἐόντας
732 271 786 321 ἐν
823 271 941 340 τῇσι
977 271 1139 333 νηυσί·
1177 267 1389 336 ῨΑνδρες
1409 269 1597 329 Ἴωνες,
1631 272 1686 322 αἵ
1716 292 1771 323 τε
1804 269 1982 338 ἡμέραι

313 356 429 419 ὑμῖν
450 359 537 405 τοῦ
567 355 774 421 ἀριθμοῦ
804 356 1081 422 διοίχηνται
1113 355 1192 406 καὶ
1223 354 1280 406 οὐ
1309 351 1505 406 ποιέετε
1534 356 1698 406 δίκαια
1727 355 1802 407 ἔτι
1822 377 1979 423 παρα-

252 463 279 506 4
314 435 564 503 μένοντες.
653 438 769 490 ἀλλ’
814 439 922 498 ἐπεὶ
967 439 1209 506 πρότερον
1252 440 1587 503 δειμαίνοντες
1634 436 1847 503 ἐμένετε,
1894 444 1982 492 νῦν

314 523 560 576 λύσαντες
602 527 688 574 τὸν
732 523 889 588 πόρον
932 522 1021 586 τὴν
1061 524 1307 591 ταχίστην
1347 522 1491 575 ἄπιτε
1534 524 1795 591 χαίροντες
1840 523 1978 576 ἐλεύ-
2006 548 2029 590 5

316 611 467 674 θεροι,
496 609 663 660 θεοῖσί
680 628 735 659 τε
760 607 839 658 καὶ
865 607 1086 678 Σκύθῃσι
1111 607 1295 660 εἰδότες
1325 605 1487 675 χάριν.
1555 606 1643 660 τὸν
1666 609 1719 660 δὲ
1743 608 1982 675 πρότερον

317 692 465 744 ἐόντα
493 691 658 757 ὑμέων
681 692 931 756 δεσπότην
953 692 1094 757 ἡμεῖς
1116 692 1542 758 παραστησόμεθα
1563 692 1717 746 οὕτως
1738 692 1872 745 ὥστε
1901 693 1982 746 ἐπὶ

189 793 277 843 137
314 776 568 842 μηδαμοὺς
598 776 672 828 ἔτι
702 776 990 843 ἀνθρώπους
1020 775 1168 828 αὐτὸν
1199 776 1611 843 στρατεύσεσθαι.
1679 775 1802 844 πρὸς
1829 781 1983 830 ταῦτα

307 859 480 914 Ἴωνες
504 861 854 927 ἐβουλεύοντο.
925 860 1212 912 Μιλτιάδεω
1242 863 1334 926 μὲν
1355 865 1441 913 τοῦ
1463 860 1741 926 Ἀθηναίου,
1769 883 1981 929 στρατη-

316 945 519 1013 γέοντος
556 945 636 997 καὶ
670 946 1050 1012 τυραννεύοντος
1086 945 1504 1012 Χερσονησιτέων
1539 950 1637 998 τῶν
1673 947 1726 998 ἐν
1756 945 1979 1009 Ἑλλησ-
2010 970 2060 1000 10

317 1031 500 1100 πόντῳ,
527 1030 588 1096 ἦν
610 1023 782 1098 γνώμη
807 1032 1070 1082 πείθεσθαι
1096 1030 1316 1101 Σκύθῃσι
1346 1029 1425 1082 καὶ
1458 1032 1746 1097 ἐλευθεροῦν
1769 1029 1980 1096 Ἰωνίην,

259 1139 285 1170 2
316 1114 555 1167 Ἱστιαίου
591 1118 646 1168 δὲ
677 1119 764 1167 τοῦ
797 1115 1055 1180 Μιλησίου
1092 1115 1290 1180 ἐναντίη
1321 1116 1489 1187 ταύτῃ,
1521 1114 1761 1182 λέγοντος
1795 1114 1860 1170 ὧς
1897 1120 1984 1168 νῦν

314 1202 407 1266 μὲν
453 1201 535 1252 διὰ
588 1204 805 1267 Δαρεῖον
853 1199 1065 1252 ἕκαστος
1116 1198 1274 1251 αὐτῶν
1326 1198 1608 1266 τυραννεύει
1658 1200 1847 1259 πόλιος,
1896 1201 1984 1264 τῆς

318 1285 532 1351 Δαρείου
578 1287 631 1336 δὲ
675 1283 908 1350 δυνάμιος
954 1284 1327 1350 καταιρεθείσης
1372 1285 1485 1336 οὔτε
1528 1282 1673 1337 αὐτὸς
1715 1284 1983 1349 Μιλησίων

316 1370 420 1422 οἶός
449 1391 505 1422 τε
533 1369 744 1421 ἔσεσθαι
774 1368 948 1437 ἄρχειν
971 1369 1084 1421 οὔτε
1113 1367 1274 1421 ἄλλον
1297 1367 1474 1421 οὐδένα
1503 1369 1745 1434 οὐδαμῶν·
1791 1366 1980 1434 βουλή-
2013 1391 2058 1435 15
2093 1439 2096 1442 ι

318 1456 503 1506 σεσθαι
531 1456 627 1522 γὰρ
657 1453 875 1518 ἑκάστην
910 1459 1008 1505 τῶν
1038 1454 1229 1506 πολίων
1266 1452 1690 1520 δημοκρατέεσθαι
1725 1456 1924 1519 μᾶλλον
1952 1448 1982 1518 ἢ

260 1560 286 1604 3
316 1539 718 1607 τυραννεύεσθαι.
788 1538 1027 1590 Ἱστιαίου
1055 1541 1110 1590 δὲ
1140 1538 1340 1606 γνώμην
1363 1537 1546 1603 ταύτην
1570 1537 1983 1603 ἀποδεικνυμένου

317 1623 491 1676 αὐτίκα
529 1622 711 1677 πάντες
747 1622 878 1687 ἦσαν
913 1621 1236 1689 τετραμμένοι
1271 1621 1394 1689 πρὸς
1429 1623 1610 1687 ταύτην
1645 1621 1735 1687 τὴν
1763 1622 1982 1690 γνώμην,

189 1698 278 1777 138
319 1708 556 1775 πρότερον
603 1707 693 1773 τὴν
743 1706 1032 1759 Μιλτιάδεω
1081 1708 1375 1773 αἱρεόμενοι.
1464 1706 1595 1772 ἦσαν
1648 1709 1702 1759 δὲ
1753 1706 1888 1758 οὗτοι
1938 1707 1985 1759 οἳ

318 1791 638 1859 διαφέροντές
682 1814 736 1843 τε
779 1791 870 1856 τὴν
908 1794 1090 1858 ψῆφον
1135 1790 1214 1842 καὶ
1259 1792 1425 1845 ἐόντες
1467 1792 1622 1857 λόγου
1663 1790 1783 1864 πρὸς
1826 1796 1980 1857 βασι·
2011 1812 2060 1841 20

316 1876 449 1935 λέος,
495 1875 911 1941 Ἑλλησποντίων
957 1878 1049 1941 μὲν
1093 1875 1320 1943 τύραννοι
1367 1874 1567 1943 Δάφνις
1610 1896 1665 1928 τε
1706 1874 1985 1941 Ἀβυδηνὸς

318 1962 398 2013 καὶ
429 1959 707 2016 Ἵπποκλος
746 1959 1089 2028 Λαμψακηνὸς
1134 1960 1215 2012 καὶ
1253 1959 1574 2027 Ἡρόφαντος
1614 1963 1866 2027 Παριηνὸς
1905 1960 1985 2011 καὶ

319 2048 651 2114 Μητρόδωρος
682 2044 1060 2113 Προκοννήσιος
1098 2045 1176 2097 καὶ
1207 2044 1571 2112 Ἀρισταγόρης
1602 2043 1870 2109 Κυζικηνὸς
1907 2043 1985 2095 καὶ

183 2153 186 2155 ·
259 2149 283 2180 2
318 2130 566 2197 Ἀρίστων
597 2129 878 2195 Βυζάντιος·
924 2130 1061 2182 οὗτοι
1099 2132 1191 2195 μὲν
1221 2125 1388 2195 [ἦσαν]
1419 2131 1464 2180 οἱ
1501 2127 1559 2193 ἐξ
1583 2128 1981 2194 Ἑλλησπόντου,

319 2214 401 2266 ἀπ’
446 2215 636 2280 Ἰωνίης
680 2218 732 2267 δὲ
778 2214 1014 2281 Στράττις
1057 2236 1112 2267 τε
1155 2218 1279 2267 Χῖος
1324 2213 1404 2265 καὶ
1449 2211 1632 2277 Αἰάκης
1677 2211 1861 2278 Σάμιος
1906 2212 1985 2271 καὶ
2011 2233 2058 2275 25

319 2299 585 2365 Λαοδάμας
616 2298 871 2353 Φωκαιεὺς
907 2299 987 2350 καὶ
1017 2298 1252 2352 Ἱστιαῖος
1291 2295 1561 2362 Μιλήσιος,
1595 2302 1681 2348 τοῦ
1717 2296 1777 2361 ἦν
1813 2297 1982 2364 γνώμη

318 2385 347 2449 ἡ
390 2383 682 2451 προκειμένη
726 2385 923 2447 ἐναντίη
964 2390 1026 2455 τῇ
1067 2381 1370 2435 Μιλτιάδεω.
1459 2380 1684 2434 Αἰολέων
1725 2384 1778 2434 δὲ
1822 2384 1984 2448 παρῆν

374 2557 399 2594 3
421 2544 601 2599 ἀριθμοῦ]
622 2547 803 2586 ἐνιαυτοῦ
818 2544 943 2583 RSV
1017 2543 1125 2596 διοίχ
1140 2513 1168 2584 -Y-
1182 2561 1272 2584 νται
1286 2543 1344 2583 A:
1367 2543 1582 2595 διήχηνται
1594 2541 1633 2580 V
1705 2540 1865 2582 ποιέετέ
1881 2558 1932 2595 ’γε
1949 2541 1983 2580 C

319 2614 345 2650 4
377 2599 483 2651 ἐπεὶ]
506 2613 559 2638 an
583 2602 643 2641 el?
783 2599 956 2647 διαβαίν,
980 2598 1014 2637 C
1206 2600 1234 2636 6
1264 2597 1416 2639 ἰδόντες
1439 2598 1472 2635 C
1660 2609 1682 2646 7
1714 2595 1842 2647 ὑμέων
1863 2596 1984 2638 ἐόντα

318 2654 406 2692 ΑΒ
424 2654 457 2692 C
632 2655 658 2693 8
687 2653 1007 2707 στρατεύσεσθαι
1028 2652 1201 2703 Madvig
1221 2666 1232 2692 τ
1263 2651 1586 2706 στρατεύσασθαι
1615 2651 1648 2689 L
1818 2664 1859 2702 .9
1887 2649 1982 2702 μὲν]

319 2709 364 2750 δὲ
383 2709 423 2747 Α
438 2709 472 2747 Β
487 2710 522 2747 C
729 2722 778 2748 10
807 2716 1000 2762 Χερσονν.
1025 2709 1065 2746 R
1078 2707 1117 2746 V
1266 2710 1308 2748 ἐν
1328 2720 1410 2747 om.
1437 2707 1467 2746 S
1481 2706 1518 2744 V
1713 2718 1760 2755 14
1791 2705 1982 2756 δυνάμεος

320 2764 355 2802 Β
371 2765 455 2802 CV
639 2777 687 2813 15
718 2764 880 2805 ἔσεσθαι
904 2763 1031 2802 Reiz:
1063 2762 1178 2803 ἔσται
1201 2762 1235 2801 L
1361 2760 1502 2802 οὐδένα
1519 2761 1614 2800 add.
1639 2759 1693 2798 Vl
1804 2763 1983 2811 οὐδαμῶς

321 2819 358 2857 R
374 2819 404 2857 S
418 2820 456 2857 V
627 2822 675 2857 16
704 2819 969 2869 πολεμίωνΚ
1135 2830 1190 2855 20
1218 2834 1265 2857 τε
1285 2818 1361 2866 τὴν
1382 2829 1463 2855 om.
1492 2816 1531 2854 R
1547 2815 1577 2854 S
1591 2815 1629 2853 V
1794 2828 1846 2864 24
1875 2813 1982 2863 ἦσαν

319 2886 400 2912 om.
438 2874 476 2912 R
496 2874 576 2912 SV
813 2885 864 2922 25
907 2872 1107 2925 Στραττίς
1142 2872 1212 2910 R:
1257 2871 1452 2924 στρατίης
1483 2869 1650 2908 ABC:
1695 2869 1915 2921 στραττίης
1948 2867 1982 2906 Ρ
2045 2890 2055 2894 —

319 2929 506 2969 Αἶακῖδας
525 2927 565 2966 Α
579 2928 613 2966 Β
630 2928 663 2967 C
678 2928 711 2966 P
874 2929 927 2965 26
955 2928 1111 2968 Φωκεὺς
1133 2926 1167 2964 Ρ
1182 2926 1218 2965 R
1235 2925 1265 2964 S
1278 2926 1315 2964 V
1481 2937 1530 2973 27
1562 2926 1586 2973 ἡ
1609 2937 1688 2964 om.
1717 2923 1750 2962 P
1768 2923 1808 2962 R
1825 2923 1854 2962 S
1869 2922 1905 2961 V
