<?xml version="1.0" encoding="UTF-8"?>
<!DOCTYPE html PUBLIC "-//W3C//DTD XHTML 1.0 Transitional//EN"
    "http://www.w3.org/TR/xhtml1/DTD/xhtml1-transitional.dtd">
<html xmlns="http://www.w3.org/1999/xhtml" xml:lang="en" lang="en">
 <head>
  <title>
</title>
<meta http-equiv="Content-Type" content="text/html;charset=utf-8" />
  <meta name='ocr-system' content='tesseract 3.04.00' />
  <meta name='ocr-capabilities' content='ocr_page ocr_carea ocr_par ocr_line ocrx_word'/>
</head>
<body>
  <div class='ocr_page' id='page_1' title='image "./herodotihistoria01herouoft_0162.png"; bbox 0 0 2098 3320; ppageno 0'>
   <div class='ocr_carea' id='block_1_1' title="bbox 81 123 238 184">
    <p class='ocr_par' dir='ltr' id='par_1_1' title="bbox 81 123 238 184">
     <span class='ocr_line' id='line_1_1' title="bbox 81 123 238 184; baseline 0.019 -15"><span class='ocrx_word' id='word_1_1' title='bbox 81 123 143 172; x_wconf 91' lang='grc' dir='ltr'>ΙΙ.</span> <span class='ocrx_word' id='word_1_2' title='bbox 172 137 238 184; x_wconf 88' lang='grc'>43</span> 
     </span>
    </p>
   </div>
   <div class='ocr_carea' id='block_1_2' title="bbox 173 776 239 822">
    <p class='ocr_par' dir='ltr' id='par_1_2' title="bbox 173 776 239 822">
     <span class='ocr_line' id='line_1_2' title="bbox 173 776 239 822; baseline 0 0"><span class='ocrx_word' id='word_1_3' title='bbox 173 776 239 822; x_wconf 85' lang='grc'>44</span> 
     </span>
    </p>
   </div>
   <div class='ocr_carea' id='block_1_3' title="bbox 909 125 1341 173">
    <p class='ocr_par' dir='ltr' id='par_1_3' title="bbox 909 125 1341 173">
     <span class='ocr_line' id='line_1_3' title="bbox 909 125 1341 173; baseline 0 -1"><span class='ocrx_word' id='word_1_4' title='bbox 909 125 1341 173; x_wconf 71' lang='grc' dir='ltr'>ΗΡΟΔΟΤΟὙ</span> 
     </span>
    </p>
   </div>
   <div class='ocr_carea' id='block_1_4' title="bbox 274 254 2098 1419">
    <p class='ocr_par' dir='ltr' id='par_1_4' title="bbox 274 254 2098 1419">
     <span class='ocr_line' id='line_1_4' title="bbox 281 254 1945 327; baseline 0.002 -19"><span class='ocrx_word' id='word_1_5' title='bbox 281 257 565 327; x_wconf 81' lang='grc' dir='ltr'>ναυτιλίῃσι</span> <span class='ocrx_word' id='word_1_6' title='bbox 595 254 842 325; x_wconf 83' lang='grc' dir='ltr'>ἐχρέωντο</span> <span class='ocrx_word' id='word_1_7' title='bbox 880 258 958 309; x_wconf 85' lang='grc' dir='ltr'>καὶ</span> <span class='ocrx_word' id='word_1_8' title='bbox 991 256 1120 322; x_wconf 83' lang='grc' dir='ltr'>ἦσαν</span> <span class='ocrx_word' id='word_1_9' title='bbox 1150 256 1414 322; x_wconf 86' lang='grc' dir='ltr'>Ἑλλήνων</span> <span class='ocrx_word' id='word_1_10' title='bbox 1444 260 1572 311; x_wconf 79' lang='grc' dir='ltr'>τινὲς</span> <span class='ocrx_word' id='word_1_11' title='bbox 1608 258 1845 317; x_wconf 91' lang='grc' dir='ltr'>ναυτίλοι,</span> <span class='ocrx_word' id='word_1_12' title='bbox 1878 258 1945 311; x_wconf 83' lang='grc' dir='ltr'>ὡς</span> 
     </span>
     <span class='ocr_line' id='line_1_5' title="bbox 280 340 1943 408; baseline 0.002 -17"><span class='ocrx_word' id='word_1_13' title='bbox 280 340 499 405; x_wconf 87' lang='grc' dir='ltr'>ἔλπομαί</span> <span class='ocrx_word' id='word_1_14' title='bbox 535 361 589 392; x_wconf 91' lang='grc' dir='ltr'>τε</span> <span class='ocrx_word' id='word_1_15' title='bbox 630 340 708 391; x_wconf 87' lang='grc' dir='ltr'>καὶ</span> <span class='ocrx_word' id='word_1_16' title='bbox 755 340 862 406; x_wconf 69' lang='grc' dir='ltr'>ἐμῆι</span> <span class='ocrx_word' id='word_1_17' title='bbox 887 342 1056 408; x_wconf 85' lang='grc' dir='ltr'>γνώμη</span> <span class='ocrx_word' id='word_1_18' title='bbox 1102 341 1267 408; x_wconf 85' lang='grc' dir='ltr'>αἱρέει.</span> <span class='ocrx_word' id='word_1_19' title='bbox 1361 342 1493 393; x_wconf 86' lang='grc' dir='ltr'>ὥστε</span> <span class='ocrx_word' id='word_1_20' title='bbox 1534 341 1720 393; x_wconf 90' lang='grc' dir='ltr'>τούτων</span> <span class='ocrx_word' id='word_1_21' title='bbox 1762 341 1823 394; x_wconf 79' lang='grc' dir='ltr'>ἂν</span> <span class='ocrx_word' id='word_1_22' title='bbox 1865 344 1943 394; x_wconf 89' lang='grc' dir='ltr'>καὶ</span> 
     </span>
     <span class='ocr_line' id='line_1_6' title="bbox 279 421 1944 493; baseline 0.001 -18"><span class='ocrx_word' id='word_1_23' title='bbox 279 427 477 489; x_wconf 78' lang='grc' dir='ltr'>μᾶλλον</span> <span class='ocrx_word' id='word_1_24' title='bbox 507 429 607 476; x_wconf 86' lang='grc' dir='ltr'>τῶν</span> <span class='ocrx_word' id='word_1_25' title='bbox 639 428 763 476; x_wconf 84' lang='grc' dir='ltr'>θεῶν</span> <span class='ocrx_word' id='word_1_26' title='bbox 792 427 853 476; x_wconf 78' lang='grc' dir='ltr'>τὰ</span> <span class='ocrx_word' id='word_1_27' title='bbox 884 426 1130 491; x_wconf 82' lang='grc' dir='ltr'>οὐνόματα</span> <span class='ocrx_word' id='word_1_28' title='bbox 1163 424 1482 489; x_wconf 78' lang='grc' dir='ltr'>ἐξεπιστέατο</span> <span class='ocrx_word' id='word_1_29' title='bbox 1507 425 1768 493; x_wconf 84' lang='grc' dir='ltr'>Αἰγύπτιοι</span> <span class='ocrx_word' id='word_1_30' title='bbox 1797 421 1827 490; x_wconf 85' lang='grc' dir='ltr'>ἢ</span> <span class='ocrx_word' id='word_1_31' title='bbox 1858 431 1944 478; x_wconf 91' lang='grc' dir='ltr'>τοῦ</span> 
     </span>
     <span class='ocr_line' id='line_1_7' title="bbox 279 507 1939 578; baseline 0.002 -20"><span class='ocrx_word' id='word_1_32' title='bbox 279 507 574 575; x_wconf 65' lang='grc' dir='ltr'>ῬΙρακλέος.</span> <span class='ocrx_word' id='word_1_33' title='bbox 648 509 782 561; x_wconf 82' lang='grc' dir='ltr'>ἀλλά</span> <span class='ocrx_word' id='word_1_34' title='bbox 812 530 886 563; x_wconf 92' lang='grc' dir='ltr'>τις</span> <span class='ocrx_word' id='word_1_35' title='bbox 916 510 1123 577; x_wconf 84' lang='grc' dir='ltr'>ἀρχαῖός</span> <span class='ocrx_word' id='word_1_36' title='bbox 1155 511 1264 562; x_wconf 92' lang='grc' dir='ltr'>ἐστι</span> <span class='ocrx_word' id='word_1_37' title='bbox 1297 513 1406 563; x_wconf 85' lang='grc' dir='ltr'>θεὸς</span> <span class='ocrx_word' id='word_1_38' title='bbox 1436 510 1756 577; x_wconf 81' lang='grc' dir='ltr'>Αἰγυπτίοισι</span> <span class='ocrx_word' id='word_1_39' title='bbox 1785 509 1939 578; x_wconf 54' lang='grc' dir='ltr'>(Ηρα-</span> 
     </span>
     <span class='ocr_line' id='line_1_8' title="bbox 282 592 1989 661; baseline 0.002 -17"><span class='ocrx_word' id='word_1_40' title='bbox 282 592 444 657; x_wconf 89' lang='grc' dir='ltr'>κλέης·</span> <span class='ocrx_word' id='word_1_41' title='bbox 493 592 558 646; x_wconf 82' lang='grc' dir='ltr'>ὡς</span> <span class='ocrx_word' id='word_1_42' title='bbox 602 596 655 644; x_wconf 84' lang='grc' dir='ltr'>δὲ</span> <span class='ocrx_word' id='word_1_43' title='bbox 698 593 834 645; x_wconf 86' lang='grc' dir='ltr'>αὐτοὶ</span> <span class='ocrx_word' id='word_1_44' title='bbox 877 592 1102 661; x_wconf 88' lang='grc' dir='ltr'>λέγουσι,</span> <span class='ocrx_word' id='word_1_45' title='bbox 1150 593 1263 645; x_wconf 87' lang='grc' dir='ltr'>ἕτεά</span> <span class='ocrx_word' id='word_1_46' title='bbox 1309 595 1418 645; x_wconf 92' lang='grc' dir='ltr'>ἐστι</span> <span class='ocrx_word' id='word_1_47' title='bbox 1464 595 1821 661; x_wconf 70' lang='grc' dir='ltr'>ἑπτακισχίλια</span> <span class='ocrx_word' id='word_1_48' title='bbox 1865 596 1943 647; x_wconf 89' lang='grc' dir='ltr'>καὶ</span> <span class='ocrx_word' id='word_1_49' title='bbox 1966 617 1989 656; x_wconf 90' lang='lat'>5</span> 
     </span>
     <span class='ocr_line' id='line_1_9' title="bbox 278 676 1943 744; baseline 0.002 -16"><span class='ocrx_word' id='word_1_50' title='bbox 278 677 426 744; x_wconf 85' lang='grc' dir='ltr'>μύρια</span> <span class='ocrx_word' id='word_1_51' title='bbox 457 679 507 731; x_wconf 91' lang='grc' dir='ltr'>ἐς</span> <span class='ocrx_word' id='word_1_52' title='bbox 523 676 746 742; x_wconf 79' lang='grc' dir='ltr'>’Ἄμασιν</span> <span class='ocrx_word' id='word_1_53' title='bbox 775 678 1174 743; x_wconf 83' lang='grc' dir='ltr'>βασιλεύσαντα,</span> <span class='ocrx_word' id='word_1_54' title='bbox 1201 677 1362 730; x_wconf 84' lang='grc' dir='ltr'>ἐπείτε</span> <span class='ocrx_word' id='word_1_55' title='bbox 1392 679 1446 729; x_wconf 93' lang='grc' dir='ltr'>ἐκ</span> <span class='ocrx_word' id='word_1_56' title='bbox 1469 682 1567 730; x_wconf 82' lang='grc' dir='ltr'>τῶν</span> <span class='ocrx_word' id='word_1_57' title='bbox 1590 678 1716 729; x_wconf 86' lang='grc' dir='ltr'>ὀκτὼ</span> <span class='ocrx_word' id='word_1_58' title='bbox 1748 681 1874 731; x_wconf 80' lang='grc' dir='ltr'>θεῶν</span> <span class='ocrx_word' id='word_1_59' title='bbox 1898 681 1943 731; x_wconf 93' lang='grc' dir='ltr'>οἱ</span> 
     </span>
     <span class='ocr_line' id='line_1_10' title="bbox 278 760 1944 828; baseline 0.002 -16"><span class='ocrx_word' id='word_1_60' title='bbox 278 762 496 813; x_wconf 83' lang='grc' dir='ltr'>δυώδεκα</span> <span class='ocrx_word' id='word_1_61' title='bbox 536 762 639 813; x_wconf 83' lang='grc' dir='ltr'>θεοὶ</span> <span class='ocrx_word' id='word_1_62' title='bbox 680 760 910 828; x_wconf 88' lang='grc' dir='ltr'>ἐγένοντο</span> <span class='ocrx_word' id='word_1_63' title='bbox 950 767 1046 813; x_wconf 87' lang='grc' dir='ltr'>τῶν</span> <span class='ocrx_word' id='word_1_64' title='bbox 1087 760 1344 828; x_wconf 67' lang='grc' dir='ltr'>ἹΙρακλέα</span> <span class='ocrx_word' id='word_1_65' title='bbox 1384 762 1472 814; x_wconf 80' lang='grc' dir='ltr'>ἕνα</span> <span class='ocrx_word' id='word_1_66' title='bbox 1510 763 1778 828; x_wconf 79' lang='grc' dir='ltr'>νομίζουσι.</span> <span class='ocrx_word' id='word_1_67' title='bbox 1865 764 1944 815; x_wconf 87' lang='grc' dir='ltr'>καὶ</span> 
     </span>
     <span class='ocr_line' id='line_1_11' title="bbox 279 842 1943 913; baseline 0.001 -17"><span class='ocrx_word' id='word_1_68' title='bbox 279 843 439 897; x_wconf 84' lang='grc' dir='ltr'>θέλων</span> <span class='ocrx_word' id='word_1_69' title='bbox 499 848 553 897; x_wconf 79' lang='grc' dir='ltr'>δὲ</span> <span class='ocrx_word' id='word_1_70' title='bbox 609 845 797 898; x_wconf 89' lang='grc' dir='ltr'>τούτων</span> <span class='ocrx_word' id='word_1_71' title='bbox 858 844 968 913; x_wconf 90' lang='grc' dir='ltr'>πέρι</span> <span class='ocrx_word' id='word_1_72' title='bbox 1028 844 1193 913; x_wconf 88' lang='grc' dir='ltr'>σαφές</span> <span class='ocrx_word' id='word_1_73' title='bbox 1251 842 1322 898; x_wconf 67' lang='grc' dir='ltr'>τι“</span> <span class='ocrx_word' id='word_1_74' title='bbox 1357 844 1537 898; x_wconf 84' lang='grc' dir='ltr'>εἰδέναι</span> <span class='ocrx_word' id='word_1_75' title='bbox 1599 845 1658 910; x_wconf 82' lang='grc' dir='ltr'>ἐξ</span> <span class='ocrx_word' id='word_1_76' title='bbox 1711 847 1779 898; x_wconf 80' lang='grc' dir='ltr'>ὧν</span> <span class='ocrx_word' id='word_1_77' title='bbox 1837 847 1943 898; x_wconf 76' lang='grc' dir='ltr'>οἶόν</span> 
     </span>
     <span class='ocr_line' id='line_1_12' title="bbox 277 923 1942 997; baseline 0.002 -17"><span class='ocrx_word' id='word_1_78' title='bbox 277 951 329 980; x_wconf 91' lang='grc' dir='ltr'>τε</span> <span class='ocrx_word' id='word_1_79' title='bbox 367 928 441 993; x_wconf 80' lang='grc' dir='ltr'>ἦν,</span> <span class='ocrx_word' id='word_1_80' title='bbox 481 929 704 981; x_wconf 86' lang='grc' dir='ltr'>ἔπλευσα</span> <span class='ocrx_word' id='word_1_81' title='bbox 746 931 824 981; x_wconf 90' lang='grc' dir='ltr'>καὶ</span> <span class='ocrx_word' id='word_1_82' title='bbox 865 931 916 984; x_wconf 87' lang='grc' dir='ltr'>ἐς</span> <span class='ocrx_word' id='word_1_83' title='bbox 950 930 1113 997; x_wconf 90' lang='grc' dir='ltr'>Τύρον</span> <span class='ocrx_word' id='word_1_84' title='bbox 1158 923 1246 995; x_wconf 83' lang='grc' dir='ltr'>τῆς</span> <span class='ocrx_word' id='word_1_85' title='bbox 1283 932 1532 995; x_wconf 82' lang='grc' dir='ltr'>Φοινίκης,</span> <span class='ocrx_word' id='word_1_86' title='bbox 1574 931 1942 995; x_wconf 88' lang='grc' dir='ltr'>πυνθανόμενος</span> 
     </span>
     <span class='ocr_line' id='line_1_13' title="bbox 276 1013 2018 1081; baseline -0.001 -17"><span class='ocrx_word' id='word_1_87' title='bbox 276 1013 446 1065; x_wconf 84' lang='grc' dir='ltr'>αὐτόθι</span> <span class='ocrx_word' id='word_1_88' title='bbox 468 1015 592 1065; x_wconf 76' lang='grc' dir='ltr'>εἶναι</span> <span class='ocrx_word' id='word_1_89' title='bbox 618 1014 723 1080; x_wconf 87' lang='grc' dir='ltr'>ἱρὸν</span> <span class='ocrx_word' id='word_1_90' title='bbox 740 1013 1019 1081; x_wconf 84' lang='grc' dir='ltr'>Ἱ-Ιρακλέος</span> <span class='ocrx_word' id='word_1_91' title='bbox 1043 1014 1201 1081; x_wconf 79' lang='grc' dir='ltr'>ἅγιον.</span> <span class='ocrx_word' id='word_1_92' title='bbox 1272 1015 1349 1066; x_wconf 88' lang='grc' dir='ltr'>καὶ</span> <span class='ocrx_word' id='word_1_93' title='bbox 1375 1014 1505 1066; x_wconf 73' lang='grc' dir='ltr'>εἶδον</span> <span class='ocrx_word' id='word_1_94' title='bbox 1525 1016 1782 1067; x_wconf 81' lang='grc' dir='ltr'>πλουσίως</span> <span class='ocrx_word' id='word_1_95' title='bbox 1802 1034 1938 1066; x_wconf 90' lang='grc' dir='ltr'>κατε-</span> <span class='ocrx_word' id='word_1_96' title='bbox 1971 1035 2018 1062; x_wconf 84' lang='grc' dir='ltr'>ιο</span> 
     </span>
     <span class='ocr_line' id='line_1_14' title="bbox 278 1097 1941 1168; baseline 0.002 -21"><span class='ocrx_word' id='word_1_97' title='bbox 278 1097 621 1163; x_wconf 87' lang='grc' dir='ltr'>σκευασμένον</span> <span class='ocrx_word' id='word_1_98' title='bbox 657 1097 869 1150; x_wconf 86' lang='grc' dir='ltr'>ἄλλοισί</span> <span class='ocrx_word' id='word_1_99' title='bbox 900 1120 955 1150; x_wconf 89' lang='grc' dir='ltr'>τε</span> <span class='ocrx_word' id='word_1_100' title='bbox 989 1102 1230 1150; x_wconf 84' lang='grc' dir='ltr'>πολλοῖσι</span> <span class='ocrx_word' id='word_1_101' title='bbox 1267 1097 1566 1164; x_wconf 86' lang='grc' dir='ltr'>ἀναθήμασι,</span> <span class='ocrx_word' id='word_1_102' title='bbox 1608 1100 1685 1151; x_wconf 89' lang='grc' dir='ltr'>καὶ</span> <span class='ocrx_word' id='word_1_103' title='bbox 1722 1100 1776 1150; x_wconf 93' lang='grc' dir='ltr'>ἐν</span> <span class='ocrx_word' id='word_1_104' title='bbox 1811 1099 1941 1168; x_wconf 80' lang='grc' dir='ltr'>αὐτῷ</span> 
     </span>
     <span class='ocr_line' id='line_1_15' title="bbox 277 1180 2098 1254; baseline 0.004 -22"><span class='ocrx_word' id='word_1_105' title='bbox 277 1180 627 1254; x_wconf 14' lang='grc' dir='ltr'>ἦσανδστῆλαι</span> <span class='ocrx_word' id='word_1_106' title='bbox 665 1183 765 1241; x_wconf 91' lang='grc' dir='ltr'>δύο,</span> <span class='ocrx_word' id='word_1_107' title='bbox 799 1183 828 1247; x_wconf 85' lang='grc' dir='ltr'>ἡ</span> <span class='ocrx_word' id='word_1_108' title='bbox 863 1185 956 1248; x_wconf 80' lang='grc' dir='ltr'>μὲν</span> <span class='ocrx_word' id='word_1_109' title='bbox 991 1187 1181 1252; x_wconf 80' lang='grc' dir='ltr'>χρυσοῦ</span> <span class='ocrx_word' id='word_1_110' title='bbox 1217 1181 1462 1250; x_wconf 85' lang='grc' dir='ltr'>ἀπέφθου,</span> <span class='ocrx_word' id='word_1_111' title='bbox 1495 1184 1525 1248; x_wconf 89' lang='grc' dir='ltr'>ἡ</span> <span class='ocrx_word' id='word_1_112' title='bbox 1564 1186 1616 1235; x_wconf 83' lang='grc' dir='ltr'>δὲ</span> <span class='ocrx_word' id='word_1_113' title='bbox 1653 1181 2098 1251; x_wconf 63' lang='grc' dir='ltr'>σμαράγδουνκψνι</span> 
     </span>
     <span class='ocr_line' id='line_1_16' title="bbox 274 1266 1942 1336; baseline 0.001 -19"><span class='ocrx_word' id='word_1_114' title='bbox 274 1267 419 1318; x_wconf 91' lang='grc' dir='ltr'>λίθου</span> <span class='ocrx_word' id='word_1_115' title='bbox 448 1266 733 1332; x_wconf 82' lang='grc' dir='ltr'>λάμποντος</span> <span class='ocrx_word' id='word_1_116' title='bbox 769 1269 858 1321; x_wconf 83' lang='grc' dir='ltr'>τὰς</span> <span class='ocrx_word' id='word_1_117' title='bbox 893 1267 1070 1320; x_wconf 88' lang='grc' dir='ltr'>νύκτας</span> <span class='ocrx_word' id='word_1_118' title='bbox 1104 1266 1337 1334; x_wconf 89' lang='grc' dir='ltr'>μέγαθος·</span> <span class='ocrx_word' id='word_1_119' title='bbox 1385 1269 1436 1321; x_wconf 91' lang='grc' dir='ltr'>ἐς</span> <span class='ocrx_word' id='word_1_120' title='bbox 1470 1268 1654 1336; x_wconf 80' lang='grc' dir='ltr'>λόγους</span> <span class='ocrx_word' id='word_1_121' title='bbox 1691 1270 1745 1320; x_wconf 80' lang='grc' dir='ltr'>δὲ</span> <span class='ocrx_word' id='word_1_122' title='bbox 1781 1267 1942 1319; x_wconf 85' lang='grc' dir='ltr'>ἐλθὼν</span> 
     </span>
     <span class='ocr_line' id='line_1_17' title="bbox 276 1350 1941 1419; baseline 0.001 -17"><span class='ocrx_word' id='word_1_123' title='bbox 276 1356 409 1403; x_wconf 86' lang='grc' dir='ltr'>τοῖσι</span> <span class='ocrx_word' id='word_1_124' title='bbox 445 1353 604 1418; x_wconf 81' lang='grc' dir='ltr'>ἱρεῦσι</span> <span class='ocrx_word' id='word_1_125' title='bbox 635 1355 722 1402; x_wconf 89' lang='grc' dir='ltr'>τοῦ</span> <span class='ocrx_word' id='word_1_126' title='bbox 753 1355 866 1404; x_wconf 91' lang='grc' dir='ltr'>θεοῦ</span> <span class='ocrx_word' id='word_1_127' title='bbox 902 1352 1101 1418; x_wconf 83' lang='grc' dir='ltr'>εἰρόμην</span> <span class='ocrx_word' id='word_1_128' title='bbox 1133 1352 1313 1405; x_wconf 89' lang='grc' dir='ltr'>ὁκόσος</span> <span class='ocrx_word' id='word_1_129' title='bbox 1346 1352 1526 1419; x_wconf 86' lang='grc' dir='ltr'>χρόνος</span> <span class='ocrx_word' id='word_1_130' title='bbox 1565 1354 1639 1417; x_wconf 85' lang='grc' dir='ltr'>εἴη</span> <span class='ocrx_word' id='word_1_131' title='bbox 1671 1350 1730 1416; x_wconf 84' lang='grc' dir='ltr'>ἐξ</span> <span class='ocrx_word' id='word_1_132' title='bbox 1755 1351 1811 1403; x_wconf 84' lang='grc' dir='ltr'>οὗ</span> <span class='ocrx_word' id='word_1_133' title='bbox 1844 1358 1941 1419; x_wconf 92' lang='grc' dir='ltr'>σφι</span> 
     </span>
    </p>
   </div>
   <div class='ocr_carea' id='block_1_5' title="bbox 220 1434 2014 1592">
    <p class='ocr_par' dir='ltr' id='par_1_5' title="bbox 220 1434 2014 1592">
     <span class='ocr_line' id='line_1_18' title="bbox 220 1434 2014 1506; baseline 0.001 -20"><span class='ocrx_word' id='word_1_134' title='bbox 220 1456 244 1499; x_wconf 83' lang='lat'><strong>3</strong></span> <span class='ocrx_word' id='word_1_135' title='bbox 274 1434 330 1486; x_wconf 90' lang='grc' dir='ltr'>τὸ</span> <span class='ocrx_word' id='word_1_136' title='bbox 385 1434 489 1501; x_wconf 87' lang='grc' dir='ltr'>ἱρὸν</span> <span class='ocrx_word' id='word_1_137' title='bbox 536 1436 738 1502; x_wconf 82' lang='grc' dir='ltr'>ἵδρυται.</span> <span class='ocrx_word' id='word_1_138' title='bbox 836 1436 978 1503; x_wconf 79' lang='grc' dir='ltr'>εὗρον</span> <span class='ocrx_word' id='word_1_139' title='bbox 1028 1438 1082 1487; x_wconf 82' lang='grc' dir='ltr'>δὲ</span> <span class='ocrx_word' id='word_1_140' title='bbox 1131 1435 1242 1487; x_wconf 81' lang='grc' dir='ltr'>οὐδὲ</span> <span class='ocrx_word' id='word_1_141' title='bbox 1290 1435 1490 1490; x_wconf 87' lang='grc' dir='ltr'>τούτους</span> <span class='ocrx_word' id='word_1_142' title='bbox 1539 1441 1674 1488; x_wconf 87' lang='grc' dir='ltr'>τοῖσι</span> <span class='ocrx_word' id='word_1_143' title='bbox 1713 1434 2014 1506; x_wconf 62' lang='grc' dir='ltr'>θἝλλησι-15</span> 
     </span>
     <span class='ocr_line' id='line_1_19' title="bbox 241 1516 1941 1592; baseline 0.001 -22"><span class='ocrx_word' id='word_1_144' title='bbox 241 1549 245 1553; x_wconf 19' lang='grc' dir='ltr'>κ</span> <span class='ocrx_word' id='word_1_145' title='bbox 275 1517 696 1586; x_wconf 87' lang='grc' dir='ltr'>συμφερομένους·</span> <span class='ocrx_word' id='word_1_146' title='bbox 744 1520 945 1587; x_wconf 87' lang='grc' dir='ltr'>ἔφασαν</span> <span class='ocrx_word' id='word_1_147' title='bbox 985 1521 1080 1587; x_wconf 77' lang='grc' dir='ltr'>γὰρ</span> <span class='ocrx_word' id='word_1_148' title='bbox 1121 1519 1223 1585; x_wconf 83' lang='grc' dir='ltr'>ἅμα</span> <span class='ocrx_word' id='word_1_149' title='bbox 1261 1516 1427 1590; x_wconf 92' lang='grc' dir='ltr'>Τύρῳ</span> <span class='ocrx_word' id='word_1_150' title='bbox 1451 1519 1726 1592; x_wconf 78' lang='grc' dir='ltr'>οἰκιζομένῃ</span> <span class='ocrx_word' id='word_1_151' title='bbox 1769 1519 1846 1572; x_wconf 88' lang='grc' dir='ltr'>καὶ</span> <span class='ocrx_word' id='word_1_152' title='bbox 1883 1519 1941 1572; x_wconf 85' lang='grc' dir='ltr'>τὸ</span> 
     </span>
    </p>
   </div>
   <div class='ocr_carea' id='block_1_6' title="bbox 272 1603 1940 1761">
    <p class='ocr_par' dir='ltr' id='par_1_6' title="bbox 272 1603 1940 1761">
     <span class='ocr_line' id='line_1_20' title="bbox 274 1603 1940 1670; baseline 0.001 -16"><span class='ocrx_word' id='word_1_153' title='bbox 274 1603 379 1669; x_wconf 86' lang='grc' dir='ltr'>ἱρὸν</span> <span class='ocrx_word' id='word_1_154' title='bbox 401 1608 486 1654; x_wconf 91' lang='grc' dir='ltr'>τοῦ</span> <span class='ocrx_word' id='word_1_155' title='bbox 518 1607 631 1655; x_wconf 88' lang='grc' dir='ltr'>θεοῦ</span> <span class='ocrx_word' id='word_1_156' title='bbox 662 1606 928 1670; x_wconf 87' lang='grc' dir='ltr'>ἱδρυθῆναι,</span> <span class='ocrx_word' id='word_1_157' title='bbox 956 1604 1082 1656; x_wconf 73' lang='grc' dir='ltr'>εἶναι</span> <span class='ocrx_word' id='word_1_158' title='bbox 1112 1606 1165 1656; x_wconf 78' lang='grc' dir='ltr'>δὲ</span> <span class='ocrx_word' id='word_1_159' title='bbox 1195 1603 1309 1655; x_wconf 87' lang='grc' dir='ltr'>ἔτεα</span> <span class='ocrx_word' id='word_1_160' title='bbox 1339 1604 1423 1656; x_wconf 84' lang='grc' dir='ltr'>ἀπ’</span> <span class='ocrx_word' id='word_1_161' title='bbox 1449 1604 1505 1656; x_wconf 81' lang='grc' dir='ltr'>οὗ</span> <span class='ocrx_word' id='word_1_162' title='bbox 1527 1604 1690 1670; x_wconf 91' lang='grc' dir='ltr'>Τύρον</span> <span class='ocrx_word' id='word_1_163' title='bbox 1721 1603 1940 1656; x_wconf 84' lang='grc' dir='ltr'>οἰκέουσι</span> 
     </span>
     <span class='ocr_line' id='line_1_21' title="bbox 272 1687 1940 1761; baseline 0.001 -23"><span class='ocrx_word' id='word_1_164' title='bbox 272 1688 533 1754; x_wconf 85' lang='grc' dir='ltr'>τριηκόσια</span> <span class='ocrx_word' id='word_1_165' title='bbox 564 1689 644 1740; x_wconf 86' lang='grc' dir='ltr'>καὶ</span> <span class='ocrx_word' id='word_1_166' title='bbox 675 1689 918 1756; x_wconf 92' lang='grc' dir='ltr'>δισχίλια.</span> <span class='ocrx_word' id='word_1_167' title='bbox 989 1689 1121 1740; x_wconf 73' lang='grc' dir='ltr'>εἶδον</span> <span class='ocrx_word' id='word_1_168' title='bbox 1145 1691 1197 1740; x_wconf 78' lang='grc' dir='ltr'>δὲ</span> <span class='ocrx_word' id='word_1_169' title='bbox 1230 1690 1283 1740; x_wconf 91' lang='grc' dir='ltr'>ἐν</span> <span class='ocrx_word' id='word_1_170' title='bbox 1306 1696 1365 1761; x_wconf 80' lang='grc' dir='ltr'>τῇ</span> <span class='ocrx_word' id='word_1_171' title='bbox 1387 1688 1530 1759; x_wconf 87' lang='grc' dir='ltr'>Τύρῳ</span> <span class='ocrx_word' id='word_1_172' title='bbox 1565 1689 1642 1740; x_wconf 86' lang='grc' dir='ltr'>καὶ</span> <span class='ocrx_word' id='word_1_173' title='bbox 1674 1687 1803 1739; x_wconf 84' lang='grc' dir='ltr'>ἄλλο</span> <span class='ocrx_word' id='word_1_174' title='bbox 1835 1687 1940 1755; x_wconf 86' lang='grc' dir='ltr'>ἱρὸν</span> 
     </span>
    </p>
   </div>
   <div class='ocr_carea' id='block_1_7' title="bbox 217 1770 1939 1840">
    <p class='ocr_par' dir='ltr' id='par_1_7' title="bbox 217 1770 1939 1840">
     <span class='ocr_line' id='line_1_22' title="bbox 217 1770 1939 1840; baseline 0.001 -18"><span class='ocrx_word' id='word_1_175' title='bbox 217 1794 243 1836; x_wconf 87' lang='lat'>4</span> <span class='ocrx_word' id='word_1_176' title='bbox 272 1770 551 1838; x_wconf 68' lang='grc' dir='ltr'>“Ηρακλέος</span> <span class='ocrx_word' id='word_1_177' title='bbox 587 1773 866 1838; x_wconf 82' lang='grc' dir='ltr'>ἐπωνυμίην</span> <span class='ocrx_word' id='word_1_178' title='bbox 903 1771 1107 1840; x_wconf 85' lang='grc' dir='ltr'>ἔχοντος</span> <span class='ocrx_word' id='word_1_179' title='bbox 1139 1773 1337 1824; x_wconf 88' lang='grc' dir='ltr'>Θασίου</span> <span class='ocrx_word' id='word_1_180' title='bbox 1375 1772 1514 1824; x_wconf 76' lang='grc' dir='ltr'>εἶναι.</span> <span class='ocrx_word' id='word_1_181' title='bbox 1604 1772 1851 1838; x_wconf 85' lang='grc' dir='ltr'>ἀπικόμην</span> <span class='ocrx_word' id='word_1_182' title='bbox 1885 1774 1939 1824; x_wconf 83' lang='grc' dir='ltr'>δὲ</span> 
     </span>
    </p>
   </div>
   <div class='ocr_carea' id='block_1_8' title="bbox 174 2540 241 2589">
    <p class='ocr_par' dir='ltr' id='par_1_8' title="bbox 174 2540 241 2589">
     <span class='ocr_line' id='line_1_23' title="bbox 174 2540 241 2589; baseline 0.03 -2"><span class='ocrx_word' id='word_1_183' title='bbox 174 2540 241 2589; x_wconf 89' lang='grc'>45</span> 
     </span>
    </p>
   </div>
   <div class='ocr_carea' id='block_1_9' title="bbox 275 1854 2015 2966">
    <p class='ocr_par' dir='ltr' id='par_1_9' title="bbox 275 1854 2015 2676">
     <span class='ocr_line' id='line_1_24' title="bbox 275 1854 2015 1929; baseline 0.001 -22"><span class='ocrx_word' id='word_1_184' title='bbox 275 1855 353 1907; x_wconf 87' lang='grc' dir='ltr'>καὶ</span> <span class='ocrx_word' id='word_1_185' title='bbox 392 1858 443 1908; x_wconf 92' lang='grc' dir='ltr'>ἐς</span> <span class='ocrx_word' id='word_1_186' title='bbox 481 1854 677 1915; x_wconf 85' lang='grc' dir='ltr'>Θάσον,</span> <span class='ocrx_word' id='word_1_187' title='bbox 711 1859 776 1908; x_wconf 83' lang='grc' dir='ltr'>-ἐν</span> <span class='ocrx_word' id='word_1_188' title='bbox 815 1864 875 1929; x_wconf 81' lang='grc' dir='ltr'>τῇ</span> <span class='ocrx_word' id='word_1_189' title='bbox 916 1857 1058 1923; x_wconf 78' lang='grc' dir='ltr'>εὗρον</span> <span class='ocrx_word' id='word_1_190' title='bbox 1100 1856 1206 1923; x_wconf 87' lang='grc' dir='ltr'>ἱρὸν</span> <span class='ocrx_word' id='word_1_191' title='bbox 1240 1855 1518 1924; x_wconf 85' lang='grc' dir='ltr'>Ἡρακλέος</span> <span class='ocrx_word' id='word_1_192' title='bbox 1555 1857 1650 1908; x_wconf 84' lang='grc' dir='ltr'>ὑπὸ</span> <span class='ocrx_word' id='word_1_193' title='bbox 1690 1856 1940 1908; x_wconf 89' lang='grc' dir='ltr'>Φοινίκων</span> <span class='ocrx_word' id='word_1_194' title='bbox 1965 1874 2015 1903; x_wconf 87' lang='lat'>20</span> 
     </span>
     <span class='ocr_line' id='line_1_25' title="bbox 276 1938 1938 2007; baseline 0 -15"><span class='ocrx_word' id='word_1_195' title='bbox 276 1939 548 2007; x_wconf 81' lang='grc' dir='ltr'>ἱδρυμένον,</span> <span class='ocrx_word' id='word_1_196' title='bbox 591 1941 638 1992; x_wconf 80' lang='grc' dir='ltr'>οἳ</span> <span class='ocrx_word' id='word_1_197' title='bbox 681 1940 785 1992; x_wconf 88' lang='grc' dir='ltr'>κατ’</span> <span class='ocrx_word' id='word_1_198' title='bbox 828 1940 1068 2007; x_wconf 83' lang='grc' dir='ltr'>Εὐρώπης</span> <span class='ocrx_word' id='word_1_199' title='bbox 1115 1939 1320 2005; x_wconf 76' lang='grc' dir='ltr'>ζήτησιν</span> <span class='ocrx_word' id='word_1_200' title='bbox 1367 1941 1718 1994; x_wconf 83' lang='grc' dir='ltr'>ἐκπλώσαντες</span> <span class='ocrx_word' id='word_1_201' title='bbox 1759 1938 1938 1992; x_wconf 84' lang='grc' dir='ltr'>Θάσον</span> 
     </span>
     <span class='ocr_line' id='line_1_26' title="bbox 275 2023 1938 2096; baseline -0.001 -20"><span class='ocrx_word' id='word_1_202' title='bbox 275 2023 496 2076; x_wconf 79' lang='grc' dir='ltr'>ἔκτισαν·</span> <span class='ocrx_word' id='word_1_203' title='bbox 545 2024 624 2076; x_wconf 85' lang='grc' dir='ltr'>καὶ</span> <span class='ocrx_word' id='word_1_204' title='bbox 653 2029 806 2076; x_wconf 88' lang='grc' dir='ltr'>ταῦτα</span> <span class='ocrx_word' id='word_1_205' title='bbox 845 2026 922 2077; x_wconf 87' lang='grc' dir='ltr'>καὶ</span> <span class='ocrx_word' id='word_1_206' title='bbox 953 2024 1100 2077; x_wconf 90' lang='grc' dir='ltr'>πέντε</span> <span class='ocrx_word' id='word_1_207' title='bbox 1131 2026 1334 2096; x_wconf 83' lang='grc' dir='ltr'>γενεῇσι</span> <span class='ocrx_word' id='word_1_208' title='bbox 1368 2026 1555 2092; x_wconf 84' lang='grc' dir='ltr'>ἀνδρῶν</span> <span class='ocrx_word' id='word_1_209' title='bbox 1585 2023 1798 2091; x_wconf 83' lang='grc' dir='ltr'>πρότερά</span> <span class='ocrx_word' id='word_1_210' title='bbox 1829 2025 1938 2076; x_wconf 89' lang='grc' dir='ltr'>ἐστι</span> 
     </span>
     <span class='ocr_line' id='line_1_27' title="bbox 275 2103 1938 2181; baseline 0 -22"><span class='ocrx_word' id='word_1_211' title='bbox 275 2103 305 2172; x_wconf 82' lang='grc' dir='ltr'>ἢ</span> <span class='ocrx_word' id='word_1_212' title='bbox 335 2107 422 2160; x_wconf 88' lang='grc' dir='ltr'>τὸν</span> <span class='ocrx_word' id='word_1_213' title='bbox 451 2107 824 2176; x_wconf 88' lang='grc' dir='ltr'>Ἀμφιτρύωνος</span> <span class='ocrx_word' id='word_1_214' title='bbox 854 2107 1108 2175; x_wconf 63' lang='grc' dir='ltr'>εΗρακλέα</span> <span class='ocrx_word' id='word_1_215' title='bbox 1140 2110 1193 2160; x_wconf 93' lang='grc' dir='ltr'>ἐν</span> <span class='ocrx_word' id='word_1_216' title='bbox 1222 2110 1280 2181; x_wconf 82' lang='grc' dir='ltr'>τῇ</span> <span class='ocrx_word' id='word_1_217' title='bbox 1305 2108 1517 2160; x_wconf 88' lang='grc' dir='ltr'>Ἑλλάδι</span> <span class='ocrx_word' id='word_1_218' title='bbox 1547 2107 1799 2176; x_wconf 89' lang='grc' dir='ltr'>γενέσθαι.</span> <span class='ocrx_word' id='word_1_219' title='bbox 1877 2110 1938 2159; x_wconf 82' lang='grc' dir='ltr'>τὰ</span> 
     </span>
     <span class='ocr_line' id='line_1_28' title="bbox 275 2191 1938 2260; baseline -0.001 -17"><span class='ocrx_word' id='word_1_220' title='bbox 275 2191 367 2256; x_wconf 91' lang='grc' dir='ltr'>μέν</span> <span class='ocrx_word' id='word_1_221' title='bbox 403 2213 488 2243; x_wconf 90' lang='grc' dir='ltr'>νυν</span> <span class='ocrx_word' id='word_1_222' title='bbox 526 2191 827 2258; x_wconf 89' lang='grc' dir='ltr'>ἱστορημένα</span> <span class='ocrx_word' id='word_1_223' title='bbox 863 2196 1011 2256; x_wconf 83' lang='grc' dir='ltr'>δηλοῖ</span> <span class='ocrx_word' id='word_1_224' title='bbox 1045 2191 1251 2260; x_wconf 87' lang='grc' dir='ltr'>σαφέως</span> <span class='ocrx_word' id='word_1_225' title='bbox 1288 2192 1503 2244; x_wconf 84' lang='grc' dir='ltr'>παλαιὸν</span> <span class='ocrx_word' id='word_1_226' title='bbox 1540 2196 1653 2244; x_wconf 85' lang='grc' dir='ltr'>θεὸν</span> <span class='ocrx_word' id='word_1_227' title='bbox 1681 2191 1938 2258; x_wconf 71' lang='grc' dir='ltr'>“Ηρακλεά</span> 
     </span>
     <span class='ocr_line' id='line_1_29' title="bbox 278 2275 2012 2343; baseline 0.001 -17"><span class='ocrx_word' id='word_1_228' title='bbox 278 2277 437 2327; x_wconf 88' lang='grc' dir='ltr'>ἐόντα.</span> <span class='ocrx_word' id='word_1_229' title='bbox 528 2276 606 2327; x_wconf 86' lang='grc' dir='ltr'>καὶ</span> <span class='ocrx_word' id='word_1_230' title='bbox 657 2275 884 2328; x_wconf 87' lang='grc' dir='ltr'>δοκέουσι</span> <span class='ocrx_word' id='word_1_231' title='bbox 935 2276 990 2327; x_wconf 90' lang='grc' dir='ltr'>δέ</span> <span class='ocrx_word' id='word_1_232' title='bbox 1046 2298 1131 2341; x_wconf 91' lang='grc' dir='ltr'>μοι</span> <span class='ocrx_word' id='word_1_233' title='bbox 1190 2277 1323 2327; x_wconf 77' lang='grc' dir='ltr'>οὗτοι</span> <span class='ocrx_word' id='word_1_234' title='bbox 1382 2278 1626 2343; x_wconf 90' lang='grc' dir='ltr'>ὀρθότατα</span> <span class='ocrx_word' id='word_1_235' title='bbox 1675 2275 1938 2342; x_wconf 88' lang='grc' dir='ltr'>Ἑλλήνων</span> <span class='ocrx_word' id='word_1_236' title='bbox 1964 2292 2012 2332; x_wconf 80' lang='lat'>²5</span> 
     </span>
     <span class='ocr_line' id='line_1_30' title="bbox 277 2358 1936 2429; baseline 0 -18"><span class='ocrx_word' id='word_1_237' title='bbox 277 2358 478 2417; x_wconf 88' lang='grc' dir='ltr'>ποιέειν,</span> <span class='ocrx_word' id='word_1_238' title='bbox 526 2360 572 2411; x_wconf 74' lang='grc' dir='ltr'>οἳ</span> <span class='ocrx_word' id='word_1_239' title='bbox 616 2358 725 2424; x_wconf 79' lang='grc' dir='ltr'>διξὰ</span> <span class='ocrx_word' id='word_1_240' title='bbox 769 2359 1044 2427; x_wconf 70' lang='grc' dir='ltr'>“Ηράκλεια</span> <span class='ocrx_word' id='word_1_241' title='bbox 1098 2359 1415 2427; x_wconf 83' lang='grc' dir='ltr'>ἱδρυσάμενοι</span> <span class='ocrx_word' id='word_1_242' title='bbox 1460 2360 1701 2425; x_wconf 82' lang='grc' dir='ltr'>ἔκτηνται,</span> <span class='ocrx_word' id='word_1_243' title='bbox 1750 2359 1827 2411; x_wconf 89' lang='grc' dir='ltr'>καὶ</span> <span class='ocrx_word' id='word_1_244' title='bbox 1869 2363 1936 2429; x_wconf 79' lang='grc' dir='ltr'>τῷ</span> 
     </span>
     <span class='ocr_line' id='line_1_31' title="bbox 277 2442 1938 2514; baseline -0.001 -19"><span class='ocrx_word' id='word_1_245' title='bbox 277 2446 366 2507; x_wconf 80' lang='grc' dir='ltr'>μὲν</span> <span class='ocrx_word' id='word_1_246' title='bbox 412 2443 477 2496; x_wconf 84' lang='grc' dir='ltr'>ὡς</span> <span class='ocrx_word' id='word_1_247' title='bbox 521 2442 764 2514; x_wconf 83' lang='grc' dir='ltr'>ἀθανάτῳ,</span> <span class='ocrx_word' id='word_1_248' title='bbox 812 2444 1070 2514; x_wconf 89' lang='grc' dir='ltr'>Ὀλυμπίῳ</span> <span class='ocrx_word' id='word_1_249' title='bbox 1115 2446 1170 2495; x_wconf 80' lang='grc' dir='ltr'>δὲ</span> <span class='ocrx_word' id='word_1_250' title='bbox 1214 2445 1493 2510; x_wconf 89' lang='grc' dir='ltr'>ἐπωνυμίην</span> <span class='ocrx_word' id='word_1_251' title='bbox 1538 2444 1726 2502; x_wconf 90' lang='grc' dir='ltr'>θύουσι,</span> <span class='ocrx_word' id='word_1_252' title='bbox 1773 2448 1840 2513; x_wconf 81' lang='grc' dir='ltr'>τῷ</span> <span class='ocrx_word' id='word_1_253' title='bbox 1885 2445 1938 2494; x_wconf 85' lang='grc' dir='ltr'>δὲ</span> 
     </span>
     <span class='ocr_line' id='line_1_32' title="bbox 279 2526 1939 2596; baseline -0.001 -18"><span class='ocrx_word' id='word_1_254' title='bbox 279 2526 427 2596; x_wconf 81' lang='grc' dir='ltr'>ἑτέρῳ</span> <span class='ocrx_word' id='word_1_255' title='bbox 475 2527 539 2581; x_wconf 85' lang='grc' dir='ltr'>ὡς</span> <span class='ocrx_word' id='word_1_256' title='bbox 581 2527 703 2594; x_wconf 88' lang='grc' dir='ltr'>ἥρωι</span> <span class='ocrx_word' id='word_1_257' title='bbox 750 2529 1046 2594; x_wconf 81' lang='grc' dir='ltr'>ἐναγίζουσι.</span> <span class='ocrx_word' id='word_1_258' title='bbox 1134 2526 1342 2595; x_wconf 88' lang='grc' dir='ltr'>λέγουσι</span> <span class='ocrx_word' id='word_1_259' title='bbox 1381 2531 1434 2579; x_wconf 79' lang='grc' dir='ltr'>δὲ</span> <span class='ocrx_word' id='word_1_260' title='bbox 1474 2530 1641 2579; x_wconf 81' lang='grc' dir='ltr'>πολλὰ</span> <span class='ocrx_word' id='word_1_261' title='bbox 1687 2527 1765 2579; x_wconf 87' lang='grc' dir='ltr'>καὶ</span> <span class='ocrx_word' id='word_1_262' title='bbox 1804 2526 1939 2578; x_wconf 83' lang='grc' dir='ltr'>ἄλλα</span> 
     </span>
     <span class='ocr_line' id='line_1_33' title="bbox 279 2609 1938 2676; baseline 0.001 -15"><span class='ocrx_word' id='word_1_263' title='bbox 279 2609 652 2665; x_wconf 85' lang='grc' dir='ltr'>ἀνεπισκέπτως</span> <span class='ocrx_word' id='word_1_264' title='bbox 676 2614 721 2663; x_wconf 91' lang='grc' dir='ltr'>οἱ</span> <span class='ocrx_word' id='word_1_265' title='bbox 737 2610 1006 2676; x_wconf 61' lang='grc' dir='ltr'>“Έλληνες·</span> <span class='ocrx_word' id='word_1_266' title='bbox 1053 2610 1228 2676; x_wconf 78' lang='grc' dir='ltr'>εὐήθης</span> <span class='ocrx_word' id='word_1_267' title='bbox 1259 2614 1311 2663; x_wconf 81' lang='grc' dir='ltr'>δὲ</span> <span class='ocrx_word' id='word_1_268' title='bbox 1335 2613 1495 2663; x_wconf 85' lang='grc' dir='ltr'>αὐτῶν</span> <span class='ocrx_word' id='word_1_269' title='bbox 1519 2611 1599 2663; x_wconf 87' lang='grc' dir='ltr'>καὶ</span> <span class='ocrx_word' id='word_1_270' title='bbox 1622 2612 1703 2663; x_wconf 84' lang='grc' dir='ltr'>ὅδε</span> <span class='ocrx_word' id='word_1_271' title='bbox 1734 2612 1760 2660; x_wconf 90' lang='grc' dir='ltr'>ὁ</span> <span class='ocrx_word' id='word_1_272' title='bbox 1788 2611 1938 2676; x_wconf 84' lang='grc' dir='ltr'>μῦθός</span> 
     </span>
    </p>

    <p class='ocr_par' dir='ltr' id='par_1_10' title="bbox 280 2748 1937 2966">
     <span class='ocr_line' id='line_1_34' title="bbox 335 2748 1937 2803; baseline -0.001 -14"><span class='ocrx_word' id='word_1_273' title='bbox 335 2761 360 2797; x_wconf 90' lang='grc'>3</span> <span class='ocrx_word' id='word_1_274' title='bbox 393 2749 679 2801; x_wconf 79' lang='grc' dir='ltr'>ἐξεπιστέαντο</span> <span class='ocrx_word' id='word_1_275' title='bbox 705 2749 796 2788; x_wconf 89' lang='lat' dir='ltr'>RV</span> <span class='ocrx_word' id='word_1_276' title='bbox 924 2752 972 2790; x_wconf 81' lang='grc' dir='ltr'>τὸ</span> <span class='ocrx_word' id='word_1_277' title='bbox 997 2750 1192 2800; x_wconf 84' lang='lat' dir='ltr'><strong>Krueger</strong></span> <span class='ocrx_word' id='word_1_278' title='bbox 1383 2763 1407 2799; x_wconf 92' lang='lat'><strong>4</strong></span> <span class='ocrx_word' id='word_1_279' title='bbox 1440 2751 1555 2791; x_wconf 83' lang='grc' dir='ltr'>ἐστὶν</span> <span class='ocrx_word' id='word_1_280' title='bbox 1576 2750 1666 2803; x_wconf 86' lang='grc' dir='ltr'>ἆρχ.</span> <span class='ocrx_word' id='word_1_281' title='bbox 1690 2754 1722 2789; x_wconf 89' lang='grc' dir='ltr'>θ.</span> <span class='ocrx_word' id='word_1_282' title='bbox 1747 2755 1792 2789; x_wconf 92' lang='grc' dir='ltr'>Α.</span> <span class='ocrx_word' id='word_1_283' title='bbox 1819 2748 1937 2788; x_wconf 87' lang='lat' dir='ltr'>RV:</span> 
     </span>
     <span class='ocr_line' id='line_1_35' title="bbox 281 2802 1935 2857; baseline -0.001 -14"><span class='ocrx_word' id='word_1_284' title='bbox 281 2805 397 2844; x_wconf 81' lang='grc' dir='ltr'>ἐστὶν</span> <span class='ocrx_word' id='word_1_285' title='bbox 412 2806 503 2855; x_wconf 84' lang='grc' dir='ltr'>Αἶγ.</span> <span class='ocrx_word' id='word_1_286' title='bbox 524 2805 618 2857; x_wconf 85' lang='grc' dir='ltr'>ἆρχ.</span> <span class='ocrx_word' id='word_1_287' title='bbox 635 2806 722 2846; x_wconf 77' lang='grc' dir='ltr'>θεὸς</span> <span class='ocrx_word' id='word_1_288' title='bbox 739 2805 770 2844; x_wconf 89' lang='lat' dir='ltr'>S</span> <span class='ocrx_word' id='word_1_289' title='bbox 907 2806 935 2842; x_wconf 90' lang='lat'><strong>6</strong></span> <span class='ocrx_word' id='word_1_290' title='bbox 956 2804 1107 2855; x_wconf 73' lang='grc' dir='ltr'>Ἀμασι</span> <span class='ocrx_word' id='word_1_291' title='bbox 1131 2804 1222 2842; x_wconf 89' lang='lat' dir='ltr'>RV</span> <span class='ocrx_word' id='word_1_292' title='bbox 1360 2817 1382 2854; x_wconf 94' lang='lat'><strong>7</strong></span> <span class='ocrx_word' id='word_1_293' title='bbox 1405 2805 1558 2845; x_wconf 82' lang='grc' dir='ltr'>δώδεκα</span> <span class='ocrx_word' id='word_1_294' title='bbox 1575 2804 1615 2841; x_wconf 89' lang='lat' dir='ltr'><strong>R</strong></span> <span class='ocrx_word' id='word_1_295' title='bbox 1630 2803 1659 2842; x_wconf 91' lang='lat' dir='ltr'>S</span> <span class='ocrx_word' id='word_1_296' title='bbox 1674 2803 1737 2842; x_wconf 89' lang='lat' dir='ltr'>V:</span> <span class='ocrx_word' id='word_1_297' title='bbox 1767 2802 1873 2844; x_wconf 86' lang='grc' dir='ltr'>δυόδ.</span> <span class='ocrx_word' id='word_1_298' title='bbox 1900 2803 1935 2841; x_wconf 91' lang='grc' dir='ltr'><strong>Β</strong></span> 
     </span>
     <span class='ocr_line' id='line_1_36' title="bbox 280 2857 1937 2910; baseline 0.001 -14"><span class='ocrx_word' id='word_1_299' title='bbox 280 2860 352 2898; x_wconf 79' lang='grc' dir='ltr'>τὸν</span> <span class='ocrx_word' id='word_1_300' title='bbox 375 2858 532 2896; x_wconf 82' lang='lat' dir='ltr'><strong>PSV:</strong></span> <span class='ocrx_word' id='word_1_301' title='bbox 561 2871 641 2898; x_wconf 88' lang='lat' dir='ltr'>om.</span> <span class='ocrx_word' id='word_1_302' title='bbox 666 2858 705 2896; x_wconf 92' lang='lat' dir='ltr'><strong>R</strong></span> <span class='ocrx_word' id='word_1_303' title='bbox 800 2859 884 2910; x_wconf 79' lang='grc' dir='ltr'>καὶ]</span> <span class='ocrx_word' id='word_1_304' title='bbox 909 2859 1008 2900; x_wconf 77' lang='grc' dir='ltr'>εἶναι</span> <span class='ocrx_word' id='word_1_305' title='bbox 1031 2859 1205 2897; x_wconf 84' lang='lat' dir='ltr'>Bekker</span> <span class='ocrx_word' id='word_1_306' title='bbox 1313 2860 1339 2897; x_wconf 91' lang='lat'>8</span> <span class='ocrx_word' id='word_1_307' title='bbox 1369 2860 1418 2908; x_wconf 79' lang='grc' dir='ltr'>δὴ</span> <span class='ocrx_word' id='word_1_308' title='bbox 1443 2858 1640 2908; x_wconf 80' lang='lat' dir='ltr'><strong>Krueger</strong></span> <span class='ocrx_word' id='word_1_309' title='bbox 1753 2871 1803 2896; x_wconf 90' lang='lat'>10</span> <span class='ocrx_word' id='word_1_310' title='bbox 1832 2857 1937 2898; x_wconf 80' lang='grc' dir='ltr'>εἶδον</span> 
     </span>
     <span class='ocr_line' id='line_1_37' title="bbox 281 2911 1936 2966; baseline 0.002 -17"><span class='ocrx_word' id='word_1_311' title='bbox 281 2911 341 2951; x_wconf 87' lang='lat' dir='ltr'>C:</span> <span class='ocrx_word' id='word_1_312' title='bbox 372 2915 459 2952; x_wconf 71' lang='grc' dir='ltr'>ἴδον</span> <span class='ocrx_word' id='word_1_313' title='bbox 479 2912 569 2951; x_wconf 82' lang='lat' dir='ltr'><strong>rell.</strong></span> <span class='ocrx_word' id='word_1_314' title='bbox 597 2914 660 2964; x_wconf 75' lang='lat' dir='ltr'>(it.</span> <span class='ocrx_word' id='word_1_315' title='bbox 690 2914 755 2963; x_wconf 84' lang='lat'>18)</span> <span class='ocrx_word' id='word_1_316' title='bbox 939 2925 986 2950; x_wconf 83' lang='lat'>12</span> <span class='ocrx_word' id='word_1_317' title='bbox 1014 2914 1219 2966; x_wconf 82' lang='grc' dir='ltr'>μαράγδου</span> <span class='ocrx_word' id='word_1_318' title='bbox 1241 2912 1276 2950; x_wconf 90' lang='grc' dir='ltr'>Β</span> <span class='ocrx_word' id='word_1_319' title='bbox 1292 2911 1398 2951; x_wconf 84' lang='lat' dir='ltr'>RV1</span> <span class='ocrx_word' id='word_1_320' title='bbox 1415 2912 1468 2952; x_wconf 81' lang='lat' dir='ltr'>P⁰</span> <span class='ocrx_word' id='word_1_321' title='bbox 1651 2925 1699 2961; x_wconf 88' lang='lat'>13</span> <span class='ocrx_word' id='word_1_322' title='bbox 1726 2911 1834 2964; x_wconf 81' lang='grc' dir='ltr'>μέγα</span> <span class='ocrx_word' id='word_1_323' title='bbox 1853 2915 1936 2963; x_wconf 82' lang='grc' dir='ltr'>φῶς</span> 
     </span>
    </p>
   </div>
   <div class='ocr_carea' id='block_1_10' title="bbox 281 2965 1937 3075">
    <p class='ocr_par' dir='ltr' id='par_1_11' title="bbox 281 2965 1937 3075">
     <span class='ocr_line' id='line_1_38' title="bbox 284 2965 1937 3021; baseline 0 -18"><span class='ocrx_word' id='word_1_324' title='bbox 284 2966 444 3004; x_wconf 86' lang='lat' dir='ltr'><strong>Reiske</strong></span> <span class='ocrx_word' id='word_1_325' title='bbox 634 2980 681 3016; x_wconf 92' lang='lat'>14</span> <span class='ocrx_word' id='word_1_326' title='bbox 712 2974 753 3006; x_wconf 88' lang='lat' dir='ltr'>et</span> <span class='ocrx_word' id='word_1_327' title='bbox 779 2980 826 3016; x_wconf 88' lang='lat'>15</span> <span class='ocrx_word' id='word_1_328' title='bbox 847 2970 916 3021; x_wconf 82' lang='grc' dir='ltr'>ἱερ.</span> <span class='ocrx_word' id='word_1_329' title='bbox 944 2968 983 3005; x_wconf 89' lang='lat' dir='ltr'><strong>R</strong></span> <span class='ocrx_word' id='word_1_330' title='bbox 1192 2980 1239 3016; x_wconf 84' lang='lat'>17</span> <span class='ocrx_word' id='word_1_331' title='bbox 1271 2966 1341 3018; x_wconf 82' lang='grc' dir='ltr'>ἀφ’</span> <span class='ocrx_word' id='word_1_332' title='bbox 1362 2967 1396 3005; x_wconf 93' lang='lat' dir='ltr'><strong>L</strong></span> <span class='ocrx_word' id='word_1_333' title='bbox 1585 2980 1639 3005; x_wconf 84' lang='lat'>20</span> <span class='ocrx_word' id='word_1_334' title='bbox 1668 2968 1733 3007; x_wconf 84' lang='grc' dir='ltr'>καὶ</span> <span class='ocrx_word' id='word_1_335' title='bbox 1752 2978 1832 3005; x_wconf 89' lang='lat' dir='ltr'>om.</span> <span class='ocrx_word' id='word_1_336' title='bbox 1856 2965 1937 3004; x_wconf 90' lang='lat' dir='ltr'>SV</span> 
     </span>
     <span class='ocr_line' id='line_1_39' title="bbox 281 3019 1777 3075; baseline 0.001 -17"><span class='ocrx_word' id='word_1_337' title='bbox 281 3032 332 3058; x_wconf 87' lang='lat'>22</span> <span class='ocrx_word' id='word_1_338' title='bbox 361 3019 433 3060; x_wconf 86' lang='lat' dir='ltr'><strong>alt.</strong></span> <span class='ocrx_word' id='word_1_339' title='bbox 454 3022 519 3062; x_wconf 78' lang='grc' dir='ltr'>καὶ</span> <span class='ocrx_word' id='word_1_340' title='bbox 540 3034 620 3061; x_wconf 89' lang='lat' dir='ltr'>om.</span> <span class='ocrx_word' id='word_1_341' title='bbox 648 3022 682 3060; x_wconf 89' lang='lat' dir='ltr'>P</span> <span class='ocrx_word' id='word_1_342' title='bbox 696 3021 734 3059; x_wconf 92' lang='lat' dir='ltr'><strong>R</strong></span> <span class='ocrx_word' id='word_1_343' title='bbox 751 3022 781 3061; x_wconf 88' lang='lat' dir='ltr'>S</span> <span class='ocrx_word' id='word_1_344' title='bbox 795 3023 832 3062; x_wconf 92' lang='lat' dir='ltr'>V</span> <span class='ocrx_word' id='word_1_345' title='bbox 943 3024 996 3060; x_wconf 84' lang='lat'>26</span> <span class='ocrx_word' id='word_1_346' title='bbox 1024 3020 1225 3075; x_wconf 80' lang='grc' dir='ltr'>Ἡρακλέα</span> <span class='ocrx_word' id='word_1_347' title='bbox 1245 3021 1283 3059; x_wconf 93' lang='grc' dir='ltr'>Α</span> <span class='ocrx_word' id='word_1_348' title='bbox 1299 3021 1333 3059; x_wconf 91' lang='grc' dir='ltr'>Β</span> <span class='ocrx_word' id='word_1_349' title='bbox 1351 3021 1383 3059; x_wconf 94' lang='lat' dir='ltr'>C</span> <span class='ocrx_word' id='word_1_350' title='bbox 1495 3034 1548 3071; x_wconf 84' lang='lat'>29</span> <span class='ocrx_word' id='word_1_351' title='bbox 1575 3019 1716 3071; x_wconf 75' lang='grc' dir='ltr'>μισθός</span> <span class='ocrx_word' id='word_1_352' title='bbox 1737 3019 1777 3058; x_wconf 92' lang='lat' dir='ltr'><strong>R</strong></span> 
     </span>
    </p>
   </div>
  </div>
 </body>
</html>
