2098 3320
693 93 1100 174 ἸΣΤΟΡΙΩΝ
1164 128 1209 176 Δ

126 259 174 313 οἱ
209 260 263 312 δὲ
300 260 421 311 κατὰ
457 261 548 324 μὲν
579 257 669 322 τὴν
701 256 930 324 κεφαλὴν
968 256 1318 324 ὁμολογέουσι,
1352 266 1410 314 τὸ
1448 257 1618 324 μέντοι
1655 263 1800 324 σῶμα

126 342 212 397 οὐκ
236 341 480 396 ὠθέεσθαι
511 343 608 395 ἀπὸ
632 346 718 393 τοῦ
742 345 957 408 κρημνοῦ
987 340 1198 408 λέγουσι
1231 343 1365 394 ἀλλὰ
1390 345 1452 415 γῇ
1480 343 1795 407 κρύπτεσθαι.

126 427 216 492 τὴν
239 430 292 481 δὲ
321 429 531 493 δαίμονα
552 426 736 491 ταύτην
761 432 821 498 τῇ
846 426 1022 477 θύουσι
1052 424 1266 492 λέγουσι
1297 428 1436 479 αὐτοὶ
1459 431 1643 494 Ταῦροι
1667 426 1796 495 Ἰφι·

125 510 324 581 γένειαν
353 511 444 576 τὴν
468 509 843 578 Ἀγαμέμνονος
875 509 1018 562 εἶναι.
1095 512 1364 576 πολεμίους
1396 513 1449 563 δὲ
1479 510 1659 578 ἄνδρας
1688 511 1800 566 τοὺς

78 619 100 663 5
126 595 188 649 ἂν
222 596 566 666 χειρώσωνται
601 598 800 648 ποιεῦσι
837 593 968 646 τάδε·
1019 594 1287 659 ἀποταμὼν
1325 595 1535 650 ἕκαστος
1574 596 1800 662 κεφαλὴν

126 679 433 748 ἀποφέρεται
456 681 506 734 ἐς
529 682 589 732 τὰ
615 680 758 744 οἰκία,
787 679 958 732 ἔπειτα
992 678 1073 731 ἐπὶ
1106 676 1257 743 ξύλου
1286 679 1508 746 μεγάλου
1532 681 1801 747 ἀναπείρας

127 768 244 838 ἱστᾷ
271 766 395 833 ὑπὲρ
416 768 503 830 τῆς
533 764 688 829 οἰκίης
717 762 1064 831 ὑπερέχουσαν
1098 763 1310 829 πολλόν,
1343 764 1566 829 μάλιστα
1596 767 1648 816 δὲ
1678 766 1802 831 ὑπὲρ

125 853 214 916 τῆς
238 850 562 916 καπνοδόκης·
610 848 743 916 φασὶ
766 850 820 900 δὲ
844 847 1045 901 τούτους
1073 847 1328 915 φυλάκους
1351 851 1439 913 τῆς
1464 850 1618 913 οἰκίης
1636 848 1802 914 πάσης

54 947 60 950 “
125 934 560 1003 ὑπεραιωρέεσθαι.
632 934 754 998 ζῶσι
777 935 831 985 δὲ
859 931 956 984 ἀπὸ
989 934 1135 997 ληίης
1159 953 1213 984 τε
1240 934 1319 985 καὶ
1343 932 1579 998 πολέμου.
1646 932 1798 1000 Ἀγά-

55 1041 104 1094 ιο
125 1023 301 1087 θυρσοι
323 1021 377 1072 δὲ
400 1020 673 1086 ἁβρότατοι
696 1017 870 1084 ἄνδρες
898 1017 996 1069 εἰσὶ
1025 1017 1102 1069 καὶ
1134 1018 1448 1085 χρυσοφόροι
1471 1019 1532 1068 τᾶ
1560 1016 1799 1084 μάλιστα,

125 1105 377 1158 ἐπίκοινον
413 1106 467 1156 δὲ
502 1108 600 1156 τῶν
629 1106 878 1171 γυναικῶν
917 1101 1004 1166 τὴν
1044 1100 1205 1167 μεῖξιν
1237 1106 1506 1162 ποιεῦνται,
1540 1102 1621 1155 ἵνα
1659 1103 1799 1154 κασί-

125 1190 305 1258 γνητοί
343 1210 399 1242 τε
442 1187 683 1254 ἀλλήλων
727 1187 851 1240 ἔωσι
898 1187 977 1238 καὶ
1026 1184 1202 1250 οἰκήιοι
1249 1187 1414 1240 ἐόντες
1454 1186 1635 1240 πάντες
1678 1185 1802 1252 μήτε

127 1275 298 1344 φθόνῳ
321 1272 435 1340 μήτ’
455 1273 594 1342 ἔχθεϊ
617 1270 865 1341 χρέωνται
891 1272 942 1326 ἐς
969 1268 1238 1334 ἀλλήλους.
1306 1273 1367 1322 τὰ
1390 1274 1443 1323 δὲ
1465 1270 1600 1323 ἄλλα
1623 1271 1803 1337 νόμαια

127 1356 311 1427 Θρήιξι
341 1355 808 1427 προσκεχωρήκασι.
902 1355 1088 1423 Νευροὶ
1119 1358 1172 1407 δὲ
1204 1356 1404 1420 νόμοισι
1437 1358 1529 1421 μὲν
1558 1354 1804 1423 χρέωνται

55 1463 102 1506 ¹5
127 1446 429 1515 Σκυθικοῖσι,
487 1442 634 1514 γενεῇ
687 1444 741 1493 δὲ
798 1442 884 1514 μιῇ
936 1440 1178 1507 πρότερόν
1234 1446 1398 1507 σφεας
1448 1442 1535 1504 τῆς
1589 1441 1803 1506 Δαρείου

127 1528 502 1595 στρατηλασίης
553 1525 805 1592 κατέλαβε
855 1527 1080 1578 ἐκλιπεῖν
1129 1523 1219 1589 τὴν
1269 1524 1438 1592 χώρην
1487 1527 1657 1576 πᾶσαν
1707 1524 1803 1575 ὑπὸ

126 1612 306 1680 ὀφίων.
393 1614 545 1680 ὄφιας
581 1610 676 1679 γάρ
714 1617 812 1679 σφι
848 1610 1071 1663 πολλοὺς
1108 1611 1200 1675 μὲν
1229 1609 1259 1674 ἡ
1290 1609 1443 1677 χώρη,
1465 1607 1722 1675 ἀνέφαινε,
1758 1611 1802 1661 οἱ

126 1699 181 1750 δὲ
224 1701 436 1751 πλεῦνες
480 1695 671 1749 ἄνωθέν
716 1702 813 1764 σφι
861 1697 915 1746 ἐκ
959 1699 1057 1747 τῶν
1103 1692 1297 1761 ἐρήμων
1339 1692 1607 1752 ἐπέπεσον,
1652 1695 1703 1747 ἐς
1747 1693 1803 1744 οῦ

127 1782 406 1849 πιεζόμενοι
442 1783 653 1846 οἴκησαν
691 1782 815 1847 μετὰ
853 1780 1103 1832 Βουδίνων
1139 1778 1229 1843 τὴν
1267 1781 1460 1830 ἑωυτῶν
1496 1778 1800 1831 ἐκλιπόντες.

55 1885 105 1915 20
129 1866 465 1920 κινδυνεύουσι
492 1869 545 1919 δὲ
563 1868 610 1918 οἱ
630 1864 881 1933 ἄνθρωποι
901 1864 1036 1916 οῦτοι
1053 1864 1230 1931 γόητες
1251 1862 1391 1915 εἶναι.
1456 1861 1689 1929 λέγονται
1708 1864 1803 1929 γὰρ

126 1951 222 2004 ὑπὸ
252 1950 480 2005 Σκυθέων
514 1951 593 2003 καὶ
615 1948 880 2015 Ἑλλήνων
906 1953 1004 2001 τῶν
1037 1950 1090 2000 ἐν
1111 1949 1170 2019 τῇ
1196 1948 1406 2019 Σκυθικῇ
1441 1945 1803 2012 κατοικημένων

129 2035 196 2090 ὡς
233 2037 368 2094 ἔτεος
404 2034 618 2088 ἑκάστου
650 2033 787 2101 ἅπαξ
812 2040 909 2087 τῶν
942 2037 1149 2100 Νευρῶν
1181 2033 1392 2085 ἕκαστος
1430 2032 1580 2085 λύκος
1611 2031 1804 2098 γίνεται

128 2120 314 2189 ἡμέρας
350 2122 524 2189 ὀλίγας
565 2121 644 2173 καὶ
681 2121 817 2174 αῦτις
847 2120 1011 2172 ὀπίσω
1049 2119 1100 2172 ἐς
1130 2116 1287 2169 τώυτὸ
1320 2118 1626 2168 κατίσταται.
1716 2117 1803 2180 ἐμὲ

127 2205 220 2272 μέν
243 2227 329 2259 νυν
353 2210 506 2259 ταῦτα
529 2205 763 2273 λέγοντες
789 2205 847 2257 οὐ
871 2206 1114 2263 πείθουσι,
1141 2202 1353 2269 λέγουσι
1377 2203 1429 2252 δὲ
1453 2201 1595 2252 οὐδὲν
1618 2200 1799 2265 ἧσσον,

55 2306 105 2350 25
132 2291 211 2344 καὶ
240 2292 418 2357 ὀμνῦσι
440 2293 494 2344 δὲ
518 2289 768 2358 λέγοντες.
837 2288 1178 2356 Ἀνδροφάγοι
1208 2289 1262 2338 δὲ
1292 2285 1573 2353 ἀγριώτατα
1602 2283 1802 2337 πάντων

130 2376 403 2444 ἀνθρώπων
445 2375 622 2444 ἔχουσι
663 2373 802 2440 ἤθεα,
848 2374 962 2426 οὔτε
1007 2375 1147 2437 δίκην
1188 2372 1471 2437 νομίζοντες
1511 2370 1623 2421 οὔτε
1667 2370 1799 2438 νόμῳ

130 2459 291 2513 οὐδενὶ
319 2461 610 2530 χρεώμενοι.
683 2458 893 2525 νομάδες
924 2457 978 2510 δέ
1010 2459 1126 2520 εἰσι,
1162 2454 1352 2521 ἐσθῆτά
1382 2477 1436 2506 τε
1468 2453 1709 2521 φορέουσι
1740 2453 1798 2523 τῇ

1843 127 1930 177 IV.
1959 138 2054 190 103

1840 949 1933 997 104

1841 1375 1935 1420 105

1841 2289 1938 2337 106

184 2612 209 2638 2
238 2601 310 2641 οὐκ
330 2602 417 2640 ἐωθ.
438 2598 473 2638 C
491 2612 499 2637 :
532 2600 660 2639 οὐκοθ.
685 2596 724 2635 V
835 2596 946 2637 ἀλλὰ
962 2624 972 2634 .
991 2626 1000 2635 .
1021 2625 1030 2635 .
1053 2594 1222 2648 λέγουσι
1243 2607 1325 2634 om.
1354 2594 1392 2632 R
1517 2604 1542 2641 5
1573 2607 1733 2632 -σονται
1757 2590 1794 2629 R

129 2652 310 2695 ποιέουσι
346 2653 385 2692 R
404 2654 486 2693 SV
640 2653 667 2691 6
699 2654 827 2693 οἰκεῖα
859 2651 898 2689 V
1055 2662 1077 2698 7
1109 2651 1165 2691 εἰς
1195 2651 1247 2690 τὰ
1282 2650 1316 2688 C
1430 2648 1557 2696 οἰκίης
1591 2645 1724 2694 πάσης
1761 2645 1795 2684 C

134 2721 183 2749 10
211 2710 351 2763 ἄνδρες
381 2708 517 2747 RSV
543 2707 662 2746 Stob.
694 2708 789 2745 flor.
817 2719 881 2755 44,
919 2718 994 2755 43:
1036 2706 1188 2758 ἀνδρῶν
1218 2704 1308 2743 rell.
1540 2714 1583 2739 11
1625 2705 1731 2752 μιξιν
1761 2700 1794 2738 L
1840 2740 1843 2742 .

135 2818 182 2856 15
212 2815 339 2859 σφεας
359 2805 555 2860 πρότερον
574 2804 615 2844 Α
628 2804 663 2843 Β
679 2803 714 2844 C
902 2815 948 2853 17
981 2772 1155 2854 ἆνέφῒιινε
1177 2800 1231 2841 Cl
1421 2802 1470 2839 18
1502 2803 1542 2841 ἐς
1561 2800 1583 2840 ὃ
1604 2797 1645 2836 Α
1658 2797 1693 2837 Β
1711 2798 1745 2836 C
1762 2796 1796 2836 Ρ

134 2873 183 2911 19
210 2861 370 2911 ήκησαν
390 2861 424 2900 C
553 2873 608 2900 20
637 2858 748 2901 οὗτοι
769 2860 806 2900 οἱ
827 2859 932 2910 ἄνθρ.
961 2858 999 2896 R
1017 2857 1097 2897 SV
1207 2869 1256 2895 21
1289 2857 1327 2897 οἷ
1346 2857 1397 2896 πὸ
1420 2855 1459 2894 R
1580 2866 1632 2903 23
1662 2852 1794 2904 αὖτις]

129 2917 263 2958 λυθεὶς
285 2915 366 2956 SV
383 2930 393 2956 ε
422 2917 545 2958 λιθεὶς
566 2915 606 2954 R
718 2914 848 2955 ταυτὰ
867 2912 906 2951 Α
920 2912 953 2950 Β
969 2912 1002 2950 C
1115 2916 1201 2952 καθ.
1229 2910 1268 2949 R
1285 2910 1314 2950 S
1328 2911 1365 2949 V
1500 2921 1551 2958 25
1583 2907 1796 2959 ὀμνύουσιν

114 2970 314 3065 ’ἓξὲν
406 2970 451 3012 δὲ
471 2970 667 3024 λέγοντες
686 2982 772 3008 om.
797 2968 836 3006 R
853 2968 882 3007 S
897 2968 935 3006 V
1155 2979 1206 3015 27
1237 2965 1353 3007 οὐδὲν
1376 2965 1414 3003 R
1432 2964 1513 3004 SV
1660 2962 1729 3015 τε]
1750 2962 1795 3004 δὲ

185 3100 286 3129 um.
310 3101 336 3127 1.
1144 3128 1157 3138 .
1578 3084 1628 3122 24
