2098 3320
711 126 1086 206 ῐΣΤοΡΙΩΝ
1149 158 1193 203 Δ
1830 157 1915 204 lv,
1945 169 2008 219 25

71 330 80 335 -
121 292 330 361 γόντων.
405 291 605 358 νόμοισι
628 293 681 344 δὲ
704 289 998 355 Ἰσσηδόνες
1021 291 1263 343 τοιοισίδε
1283 288 1521 364 λέγονται
1551 291 1788 357 χρᾶσθαι·
1828 293 1897 341 26

123 378 274 431 ἐπεὰν
311 377 452 444 ἀνδρὶ
491 374 718 448 ἀποθάνῃ
749 373 924 442 πατήρ,
957 377 1003 427 οἱ
1040 372 1378 442 προσήκοντες
1414 372 1596 428 πάντες
1632 395 1787 441 προσ-

123 461 307 529 άγουσι
329 462 562 529 πρόβατα
586 459 666 512 καὶ
690 459 860 513 ἔπειτα
879 464 1031 512 ταῦτα
1055 460 1298 514 θύσαντες
1323 460 1402 512 καὶ
1429 460 1792 525 καταταμόντες

123 547 183 597 τᾶ
203 544 321 613 κρέα
341 544 711 611 κατατάμνουσι
735 544 815 596 καὶ
838 548 924 597 τὸν
946 548 1033 597 τοῦ
1063 542 1330 610 δεκομένου
1351 546 1599 596 τεθνεῶτα
1621 542 1790 611 γονέα,

78 652 101 693 5
126 627 482 696 ἇναμείξαντες
512 632 566 682 δὲ
597 628 760 682 πάντα
788 630 850 680 τὰ
881 627 1000 696 κρέα
1031 632 1174 681 δαῖτα
1203 628 1536 695 προτίθενται.
1618 627 1709 693 τὴν
1739 630 1792 680 δὲ
1833 648 1857 679 2

125 713 354 782 κεφαλὴν
385 713 534 766 αὐτοῦ
561 713 889 782 ψιλώσαντες
922 713 1001 765 καὶ
1032 711 1390 780 ἐκκαθήραντες
1422 717 1796 780 καταχρυσοῦσι

128 798 207 851 καὶ
230 797 404 851 ἔπειτα
427 797 514 851 ἅτε
537 796 790 866 ἀγάλματι
812 796 1076 866 χρέωνται,
1101 799 1277 851 θυσίας
1298 795 1524 865 μεγάλας
1548 799 1797 852 ἐπετείους

4 910 27 926 x
126 882 483 937 ἐπιτελέοντες.
556 887 672 937 παῖς
691 884 743 935 δὲ
764 883 911 950 πατρὶ
931 886 1076 934 τοῦτο
1096 880 1270 942 ποιέει,
1295 880 1419 934 κατά
1437 903 1530 949 περ
1542 880 1798 947 ’Έλληνες

0 946 110 1044 25
126 966 441 1038 τᾶ-γενέσια.
514 966 685 1022 ἄλλως
710 969 763 1019 δὲ
786 967 964 1019 δίκαιοι
993 967 1072 1019 καὶ
1097 967 1234 1019 οῦτοι
1256 966 1494 1034 λέγονται
1517 967 1659 1026 εἶναι,
1688 967 1796 1019 ἶσο-

55 1073 106 1103 10
131 1051 330 1120 κρατέες
358 1054 412 1105 δὲ
443 1052 623 1118 ὁμοίως
654 1054 705 1104 αἱ
735 1056 964 1120 γυναῖκες
996 1056 1134 1104 τοῖσι
1164 1050 1392 1119 ἀνδράσι.
1468 1051 1800 1118 γινώσκονται
1836 1064 1899 1116 27

127 1139 220 1204 μὲν
250 1137 308 1202 δὴ
335 1137 414 1189 καὶ
438 1136 587 1198 οὗτοι,
614 1135 671 1188 τὸ
701 1139 755 1189 δὲ
790 1135 890 1189 ἀπὸ
913 1136 1103 1189 τούτων
1125 1135 1182 1188 τὸ
1207 1136 1479 1203 κατύπερθε
1508 1135 1801 1201 Ἰσσηδόνες

130 1222 230 1275 εἶσὶ
265 1224 311 1274 οἱ
346 1219 585 1289 λέγοντες
613 1221 729 1275 τοὺς
772 1219 1196 1289 μουνοφθάλμους
1238 1220 1526 1288 ἀνθρώπους
1567 1220 1647 1272 καὶ
1686 1219 1801 1274 τοὺς

129 1306 524 1375 χρυσοφύλακας
553 1309 743 1374 γρῦπας
780 1306 922 1367 εἶναι,
955 1307 1089 1373 παρὰ
1120 1308 1173 1358 δὲ
1203 1305 1392 1358 τούτων
1428 1305 1612 1357 Σκύθαι
1641 1326 1798 1372 παρα-

128 1390 379 1458 λαβόντες
402 1389 627 1458 λέγουσι·
674 1392 809 1459 παρὰ
842 1393 895 1443 δὲ
927 1389 1157 1442 Σκυθέων
1178 1390 1320 1457 ἡμεῖς
1348 1392 1395 1442 οἱ
1424 1389 1577 1442 ἄλλοι
1608 1389 1799 1455 νενομί-

59 1494 106 1536 15
132 1495 300 1542 καμεν,
337 1475 415 1527 καὶ
447 1474 751 1548 ὀνομάζομεν
784 1474 960 1529 αὐτοὺς
991 1475 1222 1527 σκυθιστὶ
1254 1474 1609 1542 Ἀριμασπούς·
1655 1474 1805 1541 ἄριμα

130 1563 226 1628 γὰρ
259 1559 313 1612 ἓν
346 1559 584 1612 καλέουσι
620 1560 818 1620 Σκύθαι,
853 1563 984 1612 σποῦ
1019 1562 1072 1611 δὲ
1106 1560 1389 1626 ὀφθαλμόν.
1478 1559 1804 1627 δυσχείμερος
1841 1555 1907 1605 28

133 1647 186 1698 δὲ
217 1645 336 1710 αὕτη
369 1644 399 1719 ἡ
434 1647 806 1713 καταλεχθεῖσα
838 1647 979 1698 πᾶσα
1015 1642 1153 1712 χώρη
1190 1645 1317 1695 οὕτω
1355 1641 1414 1708 δή
1446 1643 1497 1695 τί
1525 1646 1652 1702 ε’στι,
1687 1643 1807 1695 ἔνθα

133 1728 246 1783 τοὺς
274 1731 367 1795 μὲν
398 1730 524 1781 ὀκτὼ
555 1733 653 1780 τῶν
686 1734 855 1801 μηνῶν
886 1729 1136 1796 ἀφόρητος
1167 1729 1270 1781 οἷος
1300 1729 1490 1795 γίνεται
1523 1728 1716 1795 κρυμός,
1751 1728 1806 1779 ἐν

134 1818 269 1866 τοῖσι
313 1814 441 1882 ὕδωρ
491 1813 670 1883 ἐκχέας
721 1812 884 1879 πηλὸν
930 1812 986 1865 οὐ
1032 1810 1275 1877 ποιήσεις,
1322 1817 1416 1880 πῦρ
1460 1815 1514 1864 δὲ
1558 1812 1808 1864 ἀνακαίων

63 1916 113 1946 20
136 1896 364 1963 ποιήσεις
405 1898 584 1963 πηλόν·
631 1898 661 1963 ἡ
703 1900 756 1950 δὲ
795 1897 1035 1949 θάλασσα
1072 1918 1316 1964 πηγνυται
1358 1898 1437 1949 καὶ
1479 1898 1506 1947 ὁ
1547 1897 1808 1963 Βόσπορος
1899 1929 1924 1958 0

135 1986 232 2037 πᾶς
262 1983 289 2034 ὁ
321 1981 603 2050 Κιμμέριος,
642 1984 719 2035 καὶ
763 1983 843 2035 επὶ
883 1987 970 2034 τοῦ
1006 1980 1320 2049 κρυστάλλου
1359 2004 1405 2034 οι
1441 1984 1580 2035 ε’ντὸς
1615 1980 1809 2049 τάφρου

137 2067 322 2119 Σκύθαι
354 2066 701 2133 κατοικημένοι
734 2067 1087 2136 στρατεύονται
1130 2066 1208 2118 καὶ
1247 2068 1334 2120 τὰς
1370 2065 1560 2132 ἁμάξας
1597 2066 1807 2118 ἐπελαύ-
1815 2061 2098 2128 bom-»W

139 2172 283 2204 νουσι
314 2151 467 2220 πέρην
494 2154 544 2207 ἐς
568 2151 681 2207 τοὺς
705 2153 926 2205 Σίνδους.
964 2171 969 2176 ·
1002 2152 1128 2203 οὕτω
1158 2153 1250 2217 μὲν
1280 2150 1337 2215 δη
1358 2151 1472 2205 τοὺς
1495 2151 1623 2202 ὀκτὼ
1653 2170 1811 2216 μηνας
1850 2171 1872 2201 2

138 2236 383 2289 διατελέει
418 2238 608 2305 χειμὼν
647 2237 758 2296 ἐών,
805 2236 919 2289 τοὺς
961 2235 1002 2288 δ’
1034 2237 1324 2289 ἐπιλοίπους
1364 2234 1610 2302 τέσσερας
1638 2235 1812 2303 ψύχεα

66 2337 115 2379 25
139 2320 308 2374 αὐτόθι
341 2323 468 2374 ἐστί.
561 2321 862 2390 κεχώρισται
897 2323 950 2373 δὲ
983 2321 1124 2373 οὗτος
1162 2321 1188 2371 ὁ
1224 2320 1412 2388 χειμὼν
1447 2319 1561 2374 τοὺς
1599 2320 1811 2387 τρόπους
1874 2322 1895 2363 ἦ

140 2409 266 2458 πᾶσι
294 2411 428 2458 τοῖσι
459 2407 512 2458 ἐν
545 2405 752 2458 ἄλλοισι
784 2393 1019 2474 χωρίοισι
1051 2403 1362 2472 γινομένοισι
1391 2410 1623 2473 χειμῶσι,
1659 2406 1712 2456 ἐν
1740 2408 1809 2474 τῷ

199 2555 218 2581 1
250 2536 295 2583 δὲ
310 2555 391 2582 om.
416 2541 456 2581 R
471 2543 501 2582 S
515 2542 553 2581 V
664 2545 818 2584 τοῖσιδε
839 2541 877 2580 Α
894 2542 928 2581 Β
943 2542 977 2581 C
995 2542 1028 2580 P
1167 2555 1192 2592 4
1220 2541 1421 2591 τεθνηότα
1440 2541 1479 2580 Α
1493 2542 1527 2581 Β
1547 2555 1556 2580 :
1586 2540 1812 2591 τεθνηκότα

143 2596 176 2636 C
192 2596 226 2636 P
354 2609 378 2647 5
410 2597 561 2650 ἀναμίξ.
592 2601 622 2637 Ι
734 2598 787 2638 τὰ
806 2611 888 2638 om.
914 2597 954 2636 A
970 2597 1004 2635 B
1117 2596 1377 2650 προτιθέαται
1398 2598 1432 2636 C
1563 2598 1591 2635 6
1625 2596 1811 2649 ἐκκαθάρ.

140 2650 180 2690 Λ
195 2651 256 2692 Β·
288 2652 423 2706 καθηρ.
451 2652 490 2691 R
506 2652 536 2692 S
551 2652 588 2691 V
756 2654 1035 2704 ἆποχρυσοῦσι
1058 2650 1097 2689 Α
1112 2652 1145 2689 Β
1162 2652 1196 2690 C
1419 2665 1439 2702 7
1472 2651 1542 2692 ἅτε
1564 2665 1647 2692 om.
1674 2651 1714 2690 R
1730 2652 1760 2691 S
1773 2652 1812 2690 V

141 2707 168 2745 8
197 2709 234 2747 οἱ
253 2705 374 2748 “m
389 2669 434 2746 ρΡ
578 2720 592 2745 1
608 2720 622 2746 1
657 2706 835 2748 τουτέων
859 2707 895 2745 R
913 2707 994 2746 SV
1111 2711 1275 2760 ·περθεν
1298 2707 1386 2745 RV
1534 2719 1581 2744 12
1611 2707 1705 2749 τοὺς
1726 2720 1806 2748 om.

142 2761 179 2799 A
195 2761 230 2800 Β
243 2761 277 2800 C
291 2762 324 2800 P
347 2761 446 2814 (bis)
578 2774 627 2811 13
659 2763 758 2803 εἶναι
780 2775 860 2801 om.
881 2761 919 2799 A
934 2761 967 2799 B
982 2761 1015 2800 C
1127 2761 1305 2803 τουτέων
1329 2762 1365 2800 R
1382 2762 1412 2801 S
1425 2762 1462 2799 V
1591 2774 1638 2812 15
1669 2763 1812 2804 αὐτοὺς

143 2827 225 2854 om.
260 2816 300 2855 R
315 2816 397 2855 SV
614 2819 663 2855 16
705 2818 779 2858 τὸν
818 2817 905 2867 ὀφθ.
943 2817 975 2854 Ρ
1200 2818 1249 2855 18
1290 2833 1434 2869 κρυμμ.
1468 2816 1505 2854 R
1522 2817 1605 2856 SV
1635 2817 1699 2866 (it.
1733 2818 1812 2857 sub

144 2871 215 2910 fin.
240 2872 353 2923 cap.)
495 2884 543 2922 19
572 2872 800 2923 ἀναγκαίων
824 2872 861 2910 R
1002 2884 1048 2909 21
1082 2870 1228 2911 τούτου
1248 2875 1320 2912 τοῦ
1344 2871 1381 2910 R
1399 2871 1481 2910 SV
1582 2872 1813 2925 κρυστάλυυ

145 2925 178 2964 C
193 2925 273 2964 PV
384 2925 539 2980 τάφρης
562 2926 600 2965 R
617 2927 696 2966 SV
808 2939 861 2975 23
891 2929 1018 2968 ι’νδους
1037 2926 1083 2975 L!
1104 2939 1208 2966 corr.
1232 2926 1413 2966 Holsten
1526 2940 1579 2977 24
1609 2926 1812 2980 τέσσαρας

144 2980 283 3019 CRV
504 2993 555 3031 25
587 2981 701 3024 οὗτος
732 2995 813 3021 om.
841 2980 976 3021 RSV
1195 2983 1249 3020 26
1281 2982 1435 3031 ἄλλησι
1466 2982 1495 3021 S
1644 2983 1813 3036 χώροισι

147 3034 257 3075 RV:
287 3036 445 3090 χώρησι
470 3038 500 3075 S
