2098 3320
748 134 1149 213 IET’OPIQN‘
1205 164 1242 212 Γ
1875 166 2068 228 111493

159 295 354 365 Πάρθοι
391 299 447 350 ,δὲ
487 297 564 349 καὶ
602 295 886 364 Χοράσμιοι
919 299 997 349 καὶ
1031 298 1212 364 Σόγδοι
1254 318 1308 349 τε
1350 297 1430 349 καὶ
1464 295 1659 364 ’Ἄρειοι
1699 318 1833 364 τριη-

159 382 306 434 κόσια
335 380 572 434 τάλαντα·
617 381 767 447 νομὸς
800 381 940 435 ἕκτος
966 382 1044 433 καὶ
1075 380 1279 436 δέκατος
1304 382 1461 435 οὗτος.
1540 380 1836 447 Παρικάνιοι
1874 395 1946 444 94

157 468 211 518 δὲ
243 467 323 519 καὶ
354 467 591 520 Αἰθίοπες
622 468 667 517 οἱ
701 467 754 517 ἐκ
785 469 873 531 τῆς
903 466 1082 531 Ἀσίης
1113 467 1412 533 τετρακόσια
1448 465 1670 518 τάλαντα
1705 467 1831 518 ἀπα-

154 552 343 618 γίνεον·
390 550 539 616 νομὸς
576 550 792 615 ἕβδομος
836 551 914 602 καὶ
952 549 1156 604 δέκατος
1187 550 1346 604 οὗτος.
1438 554 1743 615 Ματιηνοῖσι
1780 551 1832 601 δὲ

108 656 130 698 5
158 635 235 687 καὶ
257 633 540 701 Σάσπειρσι
560 635 638 686 καὶ
660 634 1003 701 Ἀλαροδίοισι
1024 635 1255 699 διηκόσια
1275 634 1572 687 ἐπετέτακτο
1592 634 1830 686 τάλαντα·

154 718 302 785 νομὸς
334 721 510 786 ὄγδοος
541 719 620 770 καὶ
644 718 847 773 δέκατος
879 719 1038 773 οὗτος.
1115 720 1383 787 Μόσχοισι
1415 722 1468 772 δὲ
1500 720 1579 771 καὶ
1602 723 1827 785 Τιβαρη-
1868 739 1894 771 2

155 809 290 856 νοῖσι
322 803 399 855 καὶ
431 802 677 870 Μάκρωσι
711 804 789 855 καὶ
815 805 1222 856 Μοσσυνοίκοισι
1255 805 1332 856 καὶ
1364 804 1538 870 Μαρσὶ
1570 804 1832 870 τριηκόσια

153 887 376 941 τάλαντα
395 890 672 956 προείρητο·
706 888 856 954 νομὸς
881 890 1072 942 εἴνατος
1097 889 1177 940 καὶ
1202 888 1405 942 δέκατος
1428 888 1585 942 οὗτος.
1660 887 1831 940 Ἰνδῶν

154 975 206 1025 δὲ
237 973 429 1037 πλῆθός
458 994 512 1025 τε
543 974 718 1043 πολλῷ
745 973 988 1025 πλεῖστόν
1020 975 1132 1025 ἐστι
1163 973 1366 1026 πάντων
1396 977 1496 1024 τῶν
1517 973 1659 1038 ἡμεῖς
1689 973 1831 1037 ἴδμεν

80 1076 130 1106 10
154 1057 427 1124 ἀνθρώπων
469 1058 548 1109 καὶ
580 1058 740 1132 φόρον
781 1059 1054 1125 ἀπαγίνεον
1095 1057 1218 1124 πρὸς
1259 1057 1449 1111 πάντας
1489 1057 1603 1111 τοὺς
1643 1056 1831 1111 ἄλλους

153 1140 393 1207 ἑξήκοντα
429 1143 508 1194 καὶ
544 1144 803 1209 τριηκόσια
838 1142 1061 1194 τάλαντα
1091 1142 1374 1216 ψήγματος·
1421 1141 1571 1207 νομὸς
1604 1141 1830 1196 εἰκοστὸς
1844 1155 2098 1215 ῃσωωψι·

152 1226 309 1280 οὗτος.
397 1226 454 1278 τὸ
494 1230 585 1292 μὲν
623 1226 681 1291 δὴ
726 1226 958 1294 ἀργύριον
999 1226 1055 1278 τὸ
1098 1227 1429 1293 Βαβυλώνιον
1468 1226 1591 1293 πρὸς
1631 1225 1687 1277 τὸ
1729 1226 1825 1278 Εὐ·
1868 1239 1938 1291 95

151 1310 330 1376 βοϊκὸν
384 1312 811 1377 συμβαλλόμενον
864 1310 1113 1363 τάλαντον
1165 1312 1356 1378 γίνεται
1408 1311 1694 1378 ὀγδώκοντα
1749 1312 1828 1363 καὶ

152 1395 423 1447 ὀκτακόσια
455 1396 533 1447 καὶ
559 1398 898 1464 εἰνακισχίλια
921 1396 1159 1467 τάλαντα,
1187 1395 1243 1446 τὸ
1274 1398 1328 1447 δὲ
1359 1397 1570 1464 χρυσίον
1600 1416 1823 1461 τρισκαι-

79 1496 126 1539 15
152 1479 488 1532 δεκαστάσιον
506 1481 850 1548 λογιζόμενον,
874 1480 929 1532 τὸ
949 1483 1132 1548 ψῆγμα
1153 1481 1432 1547 εὑρίσκεται
1458 1478 1542 1531 ἐὸν
1564 1479 1828 1545 Εὐβοϊκῶν

151 1563 412 1617 ταλάντων
464 1565 749 1632 ὀγδώκοντα
802 1565 881 1617 καὶ
936 1563 1214 1630 ἑξακοσίων
1264 1565 1342 1616 καὶ
1389 1565 1823 1633 τετρακισχιλίων.

151 1649 337 1701 τούτων
361 1646 427 1701 ὧν
448 1648 647 1702 πάντων
668 1648 1034 1715 συντιθεμένων
1058 1650 1115 1701 τὸ
1135 1651 1326 1714 πλῆθος
1351 1648 1579 1714 Εὐβοϊκὰ
1603 1647 1827 1700 τάλαντα
1868 1669 1892 1702 2

152 1732 452 1801 συνελέγετο
483 1735 533 1788 ἐς
563 1733 649 1786 τὸν
681 1733 904 1787 ἐπέτειον
936 1735 1097 1801 φόρον
1130 1734 1325 1803 Δαρείῳ
1362 1734 1509 1800 μύρια
1540 1733 1620 1785 καὶ
1651 1753 1822 1800 τετρα-

152 1820 381 1887 κισχίλια
425 1819 503 1870 καὶ
549 1820 856 1871 πεντακόσια
901 1819 981 1870 καὶ
1026 1816 1284 1882 ἑξήκοντα·
1338 1818 1395 1869 τὸ
1440 1817 1482 1869 δ’
1523 1817 1596 1869 ἔτι
1636 1802 2098 1886 τούτοψῧιρυυίᾲ

77 1924 127 1953 20
150 1901 379 1973 ἔ-λ-ασσον
409 1902 571 1956 ἀπιεὶς
595 1903 649 1954 οὐ
675 1902 823 1970 λέγω.
906 1903 1047 1955 οὗτος
1075 1903 1270 1972 Δαρείῳ
1303 1900 1514 1969 προσήιε
1539 1903 1695 1969 φόρος
1727 1901 1824 1954 ἀπὸ
1862 1902 1938 1962 96

149 1989 236 2051 τῆς
256 2007 310 2039 τε
332 1986 509 2052 Ἀσίης
534 1987 612 2039 καὶ
636 1991 722 2053 τῆς
746 1987 941 2053 Λιβύης
972 1988 1292 2055 ὀλιγαχόθεν.
1362 1987 1623 2054 προϊόντος
1652 1988 1824 2051 μέντοι

149 2075 236 2122 τοῦ
262 2071 458 2140 ’χρόνου
500 2071 579 2124 καὶ
620 2072 719 2124 ἀπὸ
760 2071 930 2137 νήσων
970 2070 1180 2138 προσήιε
1219 2071 1378 2125 ἄλλος
1409 2071 1566 2138 φόρος
1610 2071 1687 2122 καὶ
1723 2075 1822 2123 τῶν

119 2156 206 2228 ,ἐν
245 2156 304 2227 τῇ
351 2156 567 2227 Εὐρώπῃ
610 2155 761 2225 μέχρι
802 2157 1101 2220 Θεσσαλίης
1142 2154 1433 2220 οἰκημένων.
1520 2159 1694 2207 τοῦτον
1734 2155 1822 2207 τὸν
1861 2175 1886 2207 2

151 2239 309 2307 φόρον
347 2242 631 2308 θησαυρίζει
674 2241 921 2305 βασιλεὺς
958 2241 1121 2309 τρόπῳ
1159 2242 1344 2310 τοιῷδε·
1392 2241 1443 2293 ἐς
1474 2240 1646 2293 πίθους
1678 2261 1818 2306 κερα-

69 2343 124 2385 ¹25
148 2325 319 2390 μίνους
348 2323 500 2391 τήξας
538 2324 785 2395 καταχέει,
820 2323 1021 2389 πλήσας
1058 2327 1111 2376 δὲ
1146 2323 1203 2376 τὸ
1238 2324 1395 2392 ἄγγος
1430 2322 1706 2391 περιαιρέει»
1733 2323 1821 2376 τὸν

151 2407 379 2487 κέραμον.
454 2411 606 2463 ἐπεὰν
642 2413 695 2461 δὲ
732 2411 879 2482 δεηθῇ
918 2408 1204 2478 χρημάτων,
1250 2409 1541 2461 κατακόπτει
1578 2413 1820 2461 τοσοῦτον

149 2493 270 2545 ὅσου
300 2492 362 2546 ἂν
393 2492 632 2563 ἑκάστοτε
662 2493 845 2565 δέηται.
1322 2495 1331 2502 ”
1722 2506 1727 2510 ’

161 2659 169 2666 1
206 2643 219 2670 1
256 2632 400 2687 Ἀρεῖοι
424 2632 513 2672 RV
698 2646 722 2671 2
754 2640 850 2686 Παρ.
869 2661 878 2672 .
901 2662 910 2672 .
930 2662 940 2673 .
962 2631 1077 2674 οὗτος
1100 2631 1163 2685 (4)
1187 2645 1267 2672 om.
1295 2632 1328 2671 C
1523 2644 1548 2681 4
1580 2638 1712 2674 Μαντ.
1738 2631 1771 2670 C
1787 2631 1820 2670 P

148 2699 174 2737 5
222 2686 444 2738 Σάσπειρσι
485 2688 515 2727 S
536 2687 572 2726 V
592 2702 600 2726 :
648 2687 845 2731 Σάσπεισι
894 2687 932 2725 R
953 2702 961 2726 :
1009 2686 1254 2741 Σάρσπειρσι
1300 2687 1333 2725 C
1354 2701 1362 2725 :
1411 2685 1627 2741 Σάρπειρσι
1666 2687 1706 2726 Α
1729 2687 1762 2726 B
1786 2687 1820 2726 P

149 2742 214 2783 καὶ
235 2742 300 2784 καὶ
321 2745 458 2796 λαροδ.
477 2743 510 2781 C
630 2755 651 2793 7
676 2750 827 2784 Μοσυν.
855 2742 888 2781 C
903 2743 936 2782 P
953 2740 991 2780 R
1006 2742 1036 2781 S
1050 2743 1086 2780 V
1187 2743 1320 2796 Μαρσὶ
1342 2741 1371 2780 Ι.
1388 2741 1567 2781 Vossius
1586 2755 1596 2781 ε
1618 2741 1819 2795 Μάρσοισι

148 2795 189 2835 Α
204 2797 238 2835 Β
254 2798 287 2835 C
308 2811 318 2836 ε
349 2795 534 2850 Μάρσυσι
557 2797 615 2838 P:
646 2801 850 2851 Μαρσοῖσι
872 2798 926 2837 S:
960 2800 1138 2850 Μαρσοῖς
1159 2796 1251 2836 RV
1470 2809 1497 2846 9
1535 2795 1578 2837 δὲ
1609 2809 1690 2836 om.
1728 2795 1819 2835 RV

151 2863 216 2902 12,
244 2863 305 2902 15,
332 2864 380 2902 17
411 2854 592 2900 Εὐβοεικ.
615 2852 649 2891 C
664 2852 697 2891 P
895 2865 942 2902 13
971 2850 1151 2904 γίνεται]
1176 2851 1276 2893 εἶναι
1298 2849 1384 2890 ΑΒ
1401 2850 1433 2889 C
1584 2851 1820 2903 ὀγδώκοντα

148 2907 214 2952 καὶ
235 2905 459 2948 ὀκτακόσια.
478 2907 520 2945 in
545 2920 625 2947 ras.
652 2905 725 2947 S¹:
757 2907 1060 2961 τεσσεράκοντα
1084 2907 1268 2959 (τεσσαρ.
1297 2906 1330 2944 C
1346 2905 1452 2951 RV)
1477 2907 1540 2947 καὶ
1567 2905 1819 2947 πεντακόσια

150 2961 239 3000 rell.
357 2974 403 3011 17
426 2961 710 3012 συντιθέμενον
732 2962 824 3001 Eltz
937 2975 991 3001 20
1009 2960 1238 3014 προσή(ι)ει
1258 2959 1297 2999 Α
1312 2961 1347 3000 Β
1363 2961 1395 2999 C
1411 2960 1445 2999 P
1556 2973 1605 3000 21
1628 2960 1817 3014 προσιόν-

148 3032 218 3057 τος
241 3015 278 3054 R
295 3015 375 3055 SV
559 3030 611 3067 24
641 3017 849 3070 κεραμίους
870 3017 904 3056 C
921 3017 953 3055 P
1138 3027 1190 3066 25
1221 3014 1441 3069 κατεγχέει
1464 3015 1554 3056 RV
1666 3014 1814 3069 ἄγγος]

150 3071 278 3124 ἄγγος
299 3071 363 3112 καὶ
388 3071 428 3110 R·
443 3071 523 3111 SV
690 3074 745 3111 26
771 3076 943 3113 τοσοῦτο
965 3071 1006 3111 Α
1021 3071 1105 3110 ΒΡ
1335 3095 1338 3098 ·
