2098 3320
72 85 162 134 111.
190 96 254 147 25

908 81 1339 133 ΗΡΟΔΟΤΟΤ

291 214 343 264 δὲ
388 216 539 263 ταῦτα
582 211 767 264 τούτων
812 214 987 266 αὐτίκα
1031 214 1059 264 ὁ
1099 213 1380 280 Καμβύσης
1424 213 1578 282 ὀργὴν
1622 215 1959 283 ποιησάμενος

291 296 614 363 ἐστρατεύετο
663 298 744 349 ἐπὶ
802 296 917 351 τοὺς
971 299 1243 358 Αἰθίοπας,
1284 298 1395 352 οὔτε
1445 299 1763 366 παρασκευὴν
1815 302 1960 355 ‹rh-ov

288 380 518 446 οὐδεμίαν
567 382 925 449 παραγγείλας,
961 382 1074 435 οὔτε
1114 383 1273 450 λόγον
1317 385 1480 452 ἑωυτῷ
1525 383 1638 438 δοὺς
1682 385 1757 436 ὅτι
1802 387 1853 439 ἐς
1895 388 1958 438 τᾶ

227 489 251 520 2
286 464 478 534 ἔσχατα
515 468 606 532 γῆς
643 465 829 531 ἔμελλε
870 467 1250 534 στρατεύεσθαι·
1297 467 1376 518 οἷα
1417 469 1469 519 δὲ
1509 467 1728 532 ἐμμανής
1765 489 1820 521 τε
1861 469 1957 522 ἐὼν

0 577 140 607 w

287 550 366 601 καὶ
395 550 451 603 οὐ
483 548 747 625 φρενήρης,
783 549 849 604 ὡς
879 549 1065 616 ἤκουσε
1094 555 1195 603 τῶν
1219 549 1585 619 Ἰχθυοφάγων,
1613 552 1951 619 ἐστρατεύετο,
1976 573 2000 617 5

284 632 549 699 Ἑλλήνων
579 636 670 700 μὲν
700 634 815 688 τοὺς
845 636 1120 701 παρεόντας
1145 635 1294 686 αὐτοῦ
1323 635 1475 707 ταύτῃ
1498 631 1650 698 τάξας
1671 636 1952 702 ὑπομένειν,

226 740 250 783 3
284 717 370 769 τὸν
394 721 446 770 δὲ
469 717 618 782 πεζὸν
650 718 810 771 πάντα
841 717 940 784 ἅμα
965 719 1222 786 ἀγόμενος.
1302 719 1464 772 ἐπείτε
1487 722 1542 771 δὲ
1565 722 1955 787 στρατευόμενος

284 801 483 869 ἐγένετο
508 805 560 854 ἐν
586 801 814 874 Θήβῃσι,
843 802 1075 871 ἀπέκρινε
1097 807 1185 855 τοῦ
1206 808 1423 870 στρατοῦ
1443 803 1508 857 ὡς
1530 802 1680 856 πέντε
1700 804 1952 872 μυριάδας,

285 887 362 938 καὶ
381 887 600 941 τούτοισι
618 889 708 953 μὲν
730 887 1022 940 ἐνετέλλετο
1041 887 1353 954 Ἀμμωνίους
1380 886 1954 955 ἐξανδραποδισαμένους

282 970 340 1022 τὸ
371 970 678 1039 χρηστήριον
713 971 770 1023 τὸ
801 976 887 1023 τοῦ
920 971 1041 1026 Διὸς
1083 973 1350 1039 ἐμπρῆσαι,
1386 970 1533 1026 αὐτὸς
1564 974 1618 1024 δὲ
1658 971 1745 1025 τὸν
1774 973 1953 1026 λοιπὸν
1979 995 2029 1024 10

222 1076 248 1118 4
282 1054 419 1123 ἄγων
461 1055 677 1122 στρατὸν
717 1055 795 1120 ἤιε
837 1057 916 1108 ἐπὶ
958 1056 1070 1109 τοὺς
1108 1057 1368 1110 Αἰθίοπας.
1459 1056 1575 1123 πρὶν
1619 1059 1673 1108 δὲ
1712 1060 1799 1122 τῆς
1839 1059 1953 1109 ὁδοῦ

280 1139 339 1191 τὸ
369 1138 595 1205 πέμπτον
623 1138 771 1207 μέρος
801 1139 1148 1205 διεληλυθέναι
1176 1140 1268 1205 τὴν
1303 1138 1558 1207 στρατιήν,
1586 1139 1758 1193 αὐτίκα
1789 1140 1952 1194 πάντα

282 1222 456 1277 αὐτοὺς
495 1226 556 1275 τὰ
597 1223 736 1292 εἶχον
779 1225 952 1278 σιτίων
994 1225 1212 1293 ἐχόμενα
1253 1225 1593 1283 ἐπελελοίπεε,
1629 1226 1754 1290 μετὰ
1793 1227 1948 1277 δὲτὰ

226 1330 246 1376 5
282 1310 419 1360 σιτία
457 1308 535 1359 καὶ
570 1311 632 1360 τὰ
666 1309 906 1376 ὑποζύγια
942 1307 1151 1362 ἐπέλιπε
1188 1309 1565 1374 κατεσθιόμενα.
1655 1310 1698 1361 εἰ
1737 1307 1828 1374 μέν
1862 1329 1949 1361 νυν

0 1396 264 1509 lm(

278 1393 449 1456 μαθὼν
494 1398 647 1446 ταῦτα
687 1394 713 1443 ὁ
756 1392 1037 1458 Καμβύσης
1080 1390 1427 1461 ἐγνωσιμάχεε
1469 1391 1547 1444 καὶ
1587 1392 1750 1459 ἀπῆγε
1785 1393 1949 1445 ὀπίσω
1977 1412 2024 1455 15

279 1476 366 1527 τὸν
391 1478 623 1543 στρατόν,
652 1476 732 1529 ἐπὶ
761 1485 822 1550 τῇ
853 1478 1071 1545 ἀρχῆθεν
1102 1475 1345 1549 γενομένῃ
1370 1475 1610 1544 ἁμαρτάδι
1641 1475 1703 1541 ἦν
1733 1475 1796 1528 ἀν
1825 1475 1948 1543 ἀνὴρ

281 1562 462 1628 σοφός·
501 1566 588 1614 νῦν
611 1564 664 1614 δὲ
687 1560 863 1614 οὐδένα
885 1562 1042 1628 λόγον
1067 1561 1356 1626 ποιεύμενος
1380 1560 1458 1626 ἤιε
1482 1561 1576 1612 αἰεὶ
1602 1562 1653 1614 ἐς
1679 1559 1736 1613 τὸ
1755 1561 1944 1628 πρόσω.

216 1650 246 1696 ’6
281 1647 327 1697 οἱ
365 1648 418 1698 δὲ
454 1650 750 1713 στρατιῶται
785 1646 878 1700 ἕως
916 1645 1009 1711 μέν
1043 1667 1091 1698 τι
1123 1645 1261 1714 εἶχον
1293 1646 1347 1697 ἐκ
1385 1648 1473 1710 τῆς
1512 1647 1604 1712 γῆς
1645 1643 1945 1711 λαμβάνειν,

280 1729 677 1797 ποιηφαγέοντες
718 1728 936 1794 διέζωον,
982 1731 1089 1783 ἐπεὶ
1129 1732 1184 1783 δὲ
1224 1731 1277 1783 ἐς
1315 1728 1406 1794 τὴν
1437 1727 1666 1797 ψάμμον
1688 1729 1942 1789 ἀπίκοντο,

281 1813 444 1866 δεινὸν
483 1814 631 1881 ἔργον
671 1814 831 1867 αὐτῶν
870 1834 1001 1867 τινες
1034 1812 1331 1882 ἐργάσαντο·
1379 1815 1433 1865 ἐκ
1479 1811 1681 1866 δεκάδος
1702 1810 1819 1881 ’γὰρ
1858 1813 1948 1866 ἕνα
1971 1831 2022 1861 20

221 1921 244 1964 7
282 1897 458 1965 σφέων
493 1898 652 1951 αὐτῶν
692 1898 1141 1965 ἀποκληρώσαντες
1185 1897 1489 1965 κατέφαγον.
1577 1897 1852 1963 πυθόμενος
1891 1899 1946 1950 δὲ

163 2323 238 2381 ,26

279 1986 432 2034 ταῦτα
455 1984 481 2033 ὁ
505 1982 800 2048 Καμβύσης,
827 1984 997 2037 δείσας
1020 1982 1114 2046 τὴν
1142 1982 1550 2049 ἀλληλοφαγίην,
1579 1981 1720 2034 ἀπεὶς
1748 1980 1834 2033 τὸν
1865 1981 1943 2033 ἐπ’

279 2067 520 2119 Αἰθίοπας
551 2068 738 2119 στόλον
760 2068 924 2119 ὀπίσω
956 2066 1234 2134 ἐπορεύετο,
1262 2065 1342 2117 καὶ
1374 2063 1656 2118 ἀπικνέεται
1686 2066 1736 2119 ἐς
1761 2063 1944 2129 Θήβας

278 2151 501 2204 πολλοὺς
541 2150 798 2204 ἀπολέσας
836 2156 923 2202 τοῦ
962 2155 1194 2217 στρατοῦ.
1283 2152 1337 2201 ἐκ
1371 2148 1589 2214 Θηβέων
1624 2150 1679 2201 δὲ
1719 2150 1943 2215 καταβὰς

278 2236 329 2289 ἐς
362 2234 571 2301 Μέμφιν
601 2235 713 2289 τοὺς
735 2233 994 2299 ’Έλληνας
1025 2235 1184 2299 ἀπῆκε
1217 2232 1507 2286 ἀποπλέειν.
1967 2249 2016 2290 25

360 2318 423 2369 ‘O
463 2321 553 2384 μὲν
589 2319 665 2371 ἐπ’
696 2320 938 2372 Αἰθίοπας
980 2318 1166 2371 στόλος
1204 2318 1358 2371 οὕτως
1395 2314 1591 2384 ἔπρηξε,
1625 2317 1671 2368 οἱ
1708 2314 1751 2368 δ’
1782 2315 1942 2368 αὐτῶν

279 2402 355 2455 ἐπ’
395 2402 703 2468 Ἀμμωνίους
744 2401 1118 2455 ἀποσταλέντες
1161 2401 1535 2468 στρατεύεσθαι,
1581 2400 1746 2453 ἐπείτε
1789 2401 1936 2468 ὀρμη-

279 2485 444 2540 θέντες
475 2488 529 2538 ἐκ
558 2491 656 2538 τῶν
682 2485 901 2551 Θηβέων
935 2486 1228 2552 ἐπορεύοντο
1258 2485 1461 2552 ἔχοντες
1492 2484 1732 2551 ἀγωγούς,
1766 2484 1937 2536 ἀπικό-

336 2639 352 2664 1
388 2625 518 2677 ἀρχὴν
540 2623 580 2662 R
598 2623 677 2663 SV
877 2637 902 2673 3
935 2623 1065 2664 διδοὺς
1087 2622 1120 2661 C
1323 2635 1349 2671 4
1378 2623 1452 2669 τῆς
1470 2623 1549 2673 γῆς
1571 2619 1611 2658 R
1627 2619 1709 2659 SV
1871 2619 1937 2672 δὲ]

276 2679 432 2721 τεΑΒ
593 2677 974 2728 5ἥκουεΑΒΟΡ
1138 2673 1643 2729 6ταύτῃοῐῐι.ΑΒ(ἶΡ
1807 2673 1941 2725 Ίᾶμα

276 2747 358 2773 om.
385 2733 414 2772 S
428 2733 465 2771 V
574 2733 840 2785 πορευόμενος
866 2731 905 2770 R
921 2732 1002 2772 SV
1156 2732 1182 2769 8
1211 2730 1397 2784 μυριάδες
1418 2729 1451 2767 C
1613 2741 1660 2778 14
1691 2727 1879 2769 ἐπέλειπε
1900 2727 1936 2766 Β

282 2790 330 2826 16
355 2790 402 2828 ἂν
423 2800 506 2826 om.
532 2787 571 2825 R
587 2787 669 2826 SV
815 2800 860 2836 17
892 2787 952 2827 ἀεὶ
973 2786 1064 2824 RV
1132 2818 1137 2819 γ
1215 2786 1265 2823 18
1291 2783 1431 2835 μέντοι
1454 2783 1484 2823 S
1500 2782 1539 2822 V
1680 2795 1730 2834 19
1758 2791 1881 2834 ποηφ.
1906 2781 1936 2821 S

277 2840 414 2892 διέζων
436 2842 475 2879 R
491 2842 522 2880 S
537 2842 573 2880 V
727 2854 781 2882 20
812 2841 1036 2894 ἐργάσαντο
1058 2840 1091 2879 C
1112 2853 1122 2878 t
1157 2840 1259 2893 εἷργ.
1281 2837 1368 2877 rell.
1397 2837 1471 2889 (S)
1622 2850 1669 2876 21
1702 2838 1936 2889 ἀποκληρω-

278 2895 414 2936 θέντες
436 2896 475 2933 R
492 2895 573 2935 SV
676 2891 681 2897 ’
734 2908 784 2944 24
815 2900 962 2943 Θηβῶν
981 2894 1019 2932 Α
1034 2894 1069 2931 Β
1088 2908 1097 2932 :
1127 2893 1316 2942 Θηβαίων
1335 2892 1370 2932 C
1385 2891 1424 2929 R
1441 2891 1472 2931 S
1485 2892 1523 2929 V
1688 2892 1741 2930 26
1770 2890 1832 2932 ἐπ’
1852 2902 1934 2931 om.

278 2949 318 2988 R
332 2949 369 2988 V
534 2963 584 3000 27
616 2951 829 2999 Ἀμωνίους
854 2951 890 2988 R
1059 2949 1111 2986 28
1141 2947 1328 2997 Θηβαίων
1349 2946 1383 2985 C
1399 2945 1439 2985 R
1454 2945 1484 2985 S
1501 2945 1538 2984 V
