2098 3320
116 101 184 151 II.
212 114 306 164 129

219 831 312 880 130

235 1592 315 1641 131

228 2511 318 2561 132

975 100 1400 151 ΗΡΟΔΟΤΟΥ

348 230 476 300 ἠπίῳ
522 234 588 300 τῷ
631 230 889 300 Μυκερίνῳ
934 231 1056 281 κατὰ
1094 230 1206 283 τοὺς
1247 228 1488 293 πολιήτας
1530 231 1609 282 καὶ
1649 235 1802 283 ταῦτα
1838 231 2006 297 ἐπιτη-

350 315 543 367 δεύοντι
589 318 786 381 πρῶτον
833 318 994 366 κακῶν
1039 312 1184 380 ἄρξαι
1228 313 1319 378 τὴν
1367 313 1612 382 θυγατέρα
1661 316 2012 368 ἀποθανοῦσαν

351 399 517 458 αὐτοῦ,
550 397 640 462 τὴν
680 398 862 462 μοῦνόν
901 400 948 450 οἱ
984 398 1110 450 εἶναι
1146 399 1198 450 ἐν
1239 402 1373 450 τοῖσι
1408 400 1611 450 οἰκίοισι
1649 397 1840 451 τέκνον.
1925 399 2012 452 τὸν

351 485 403 534 δὲ
434 480 854 549 ὑπεραλγήσαντά
883 476 936 534 τε
966 487 1034 552 τῷ
1065 482 1461 549 περιεπεπτώκεε
1490 480 1742 550 πρήγματι
1774 483 1852 534 καὶ
1887 488 2006 549 βου-

349 568 565 632 λόμενον
605 566 963 632 περισσότερόν
1003 587 1052 617 τι
1086 570 1184 618 τῶν
1225 565 1397 618 ἄλλων
1438 565 1598 633 θάψαι
1637 566 1728 630 τὴν
1768 566 2013 634 θυγατέρα
2034 597 2090 638 5(

350 649 660 715 ποιήσασθαι
683 654 811 715 βοῦν
835 649 1039 715 ξυλίνην
1063 650 1234 715 κοίλην
1260 651 1339 702 καὶ
1360 651 1530 702 ἔπειτα
1554 651 2014 719 καταχρυσώσαντά

349 757 434 801 μιν
465 729 684 800 [ταύτην]
714 734 814 786 ἔσω
840 735 894 785 ἐν
918 734 1039 807 αὐτῇ
1070 733 1229 801 θάψαι
1258 733 1440 799 ταύτην
1469 733 1527 798 δὴ
1552 734 1642 798 τὴν
1665 736 2022 787 ἀποθανοῦσαν-

353 818 611 886 θυγατέρα.
699 819 819 883 αὕτη
856 815 925 870 ῶν
959 819 989 883 ἡ
1027 822 1151 883 βοῦς
1185 825 1251 891 γῇ
1287 818 1374 869 οὐκ
1409 819 1645 885 ἐκρύφθη,
1678 819 1797 870 ἀλλ’
1826 819 1900 871 ἔτι
1935 818 2014 871 καὶ

353 906 403 956 ἐς
443 904 531 968 ἐμὲ
571 901 632 967 ἣν
674 900 881 970 φανερή,
926 904 982 954 ἐν
1019 901 1111 953 Σάϊ
1148 904 1240 967 μὲν
1275 903 1396 955 πόλι
1431 904 1602 962 ἐοῦσα,
1637 902 1831 968 κειμένη
1869 905 1922 955 δὲ
1959 904 2014 955 ἐν

351 992 487 1039 τοῖσι
510 988 834 1052 βασιληίοισι
859 987 911 1037 ἐν
935 984 1164 1050 οἰκήματι
1185 985 1467 1055 ἠσκημένῳ·
1514 984 1794 1052 θυμιήματα
1816 989 1870 1039 δὲ
1901 986 2014 1054 παρ’

353 1071 475 1142 αὐτῇ
525 1075 738 1122 παντοῖα
789 1070 1107 1137 καταγίζουσι
1159 1071 1254 1121 ἀνὰ
1304 1073 1473 1123 πᾶσαν
1516 1068 1718 1137 ἡμέρην,
1766 1070 1917 1122 νύκτα
1960 1073 2014 1123 δὲ

354 1154 569 1219 ἑκάστην
600 1153 850 1222 πάννυχος
879 1154 1067 1222 λύχνος
1097 1155 1436 1221 παρακαίεται.
1525 1155 1686 1222 ἀγχοῦ
1707 1156 1760 1206 δὲ
1782 1157 1870 1219 τῆς
1891 1154 2015 1220 βοὸς

352 1239 530 1303 ταύτης
584 1240 637 1290 ἐν
687 1237 828 1307 ἄλλῳ
882 1236 1109 1302 οἰκήματι
1168 1239 1353 1292 εἰκόνες
1403 1242 1501 1290 τῶν
1560 1237 1860 1290 παλλακέων
1915 1243 2014 1290 τῶν

354 1323 634 1390 Μυκερίνου
663 1325 861 1380 ἑστᾶσι,
896 1322 960 1375 ὡς
991 1321 1168 1389 ἔλεγον
1198 1324 1245 1374 οἱ
1281 1324 1334 1374 ἐν
1365 1321 1457 1373 Σάϊ
1487 1322 1607 1375 πόλι
1647 1321 1788 1388 ἱρέες·
1834 1325 2016 1375 ἑστᾶσι

351 1410 443 1472 μὲν
472 1409 567 1474 γὰρ
592 1405 783 1471 ξύλινοι
808 1406 1065 1466 κολοσσοί,
1092 1408 1264 1458 ἐοῦσαι
1287 1405 1493 1472 ἀριθμὸν
1518 1406 1582 1460 ὣς
1606 1408 1765 1459 εἴκοσι
1793 1405 2016 1473 μάλιστά

354 1513 429 1562 κῃ,
464 1491 643 1558 γυμναὶ
683 1490 1003 1558 ἐργασμέναι·
1049 1483 1232 1545 αἵτινες
1259 1490 1431 1556 μέντοι
1462 1491 1575 1550 εἰσί,
1609 1490 1694 1542 οὐκ
1725 1490 1826 1559 ἔχω
1859 1493 2016 1552 εἰπεῖν

354 1574 488 1639 πλὴν
518 1570 548 1639 ἢ
589 1577 650 1627 τὰ
684 1575 950 1642 λεγόμενα.
1037 1577 1084 1626 οἱ
1120 1574 1175 1627 δέ
1207 1596 1339 1629 τινες
1375 1573 1587 1641 λέγουσι
1621 1575 1734 1642 περὶ
1768 1577 1856 1639 τῆς
1889 1573 2016 1640 βοὸς

353 1660 532 1723 ταύτης
574 1659 653 1710 καὶ
692 1663 791 1710 τῶν
829 1663 1093 1710 κολοσσῶν
1129 1659 1272 1711 τόνδε
1311 1658 1398 1710 τὸν
1434 1659 1604 1725 λόγον,
1639 1659 1704 1712 ὡς
1740 1662 2016 1726 Μυκερῖνος

352 1742 548 1810 ἠράσθη
579 1746 668 1808 τῆς
703 1745 886 1794 ἑωυτοῦ
923 1742 1161 1809 θυγατρὸς
1199 1744 1278 1795 καὶ
1315 1743 1484 1795 ἔπειτα
1522 1744 1664 1810 ἐμίγη
1697 1745 1743 1794 οἱ
1780 1742 2012 1814 ἀεκούσῃ·

353 1829 476 1892 μετὰ
513 1829 565 1879 δὲ
595 1826 805 1894 λέγουσι
841 1827 906 1881 ὣς
941 1827 970 1891 ἡ
1013 1831 1128 1880 παῖς
1165 1824 1421 1894 ἀπήγξατο
1456 1826 1551 1878 ὑπὸ
1580 1826 1746 1894 ἄχεος,
1781 1827 1807 1876 ὁ
1837 1825 1893 1878 δέ
1930 1846 2014 1892 μιν

2040 1013 2090 1043 10

2041 1431 2088 1473 15

2039 1850 2091 1879 20

354 1912 517 1978 ἔθαψε
546 1913 599 1963 ἐν
635 1918 695 1983 τῇ
729 1910 820 1976 βοὶ·
847 1911 1014 1982 ταύτῃ,
1047 1911 1077 1975 ἡ
1108 1912 1161 1963 δὲ
1194 1909 1353 1977 μήτηρ
1391 1910 1539 1975 αὐτῆς
1574 1916 1672 1962 τῶν
1712 1910 2014 1978 ἀμφιπόλων
2085 1960 2089 1962 ,

353 2000 452 2048 τῶν
482 1995 798 2062 προδουσέων
829 1994 920 2059 τὴν
939 1994 1182 2062 θυγατέρα
1205 1999 1271 2064 τῷ
1296 1996 1442 2061 πατρὶ
1474 1993 1695 2059 ἀπέταμε
1717 1996 1805 2048 τὰς
1826 1999 2011 2062 χεῖρας,

355 2081 434 2131 καὶ
465 2084 553 2131 νῦν
582 2082 669 2133 τὰς
700 2079 891 2132 εἰκόνας
921 2077 1108 2130 αὐτέων
1138 2079 1264 2131 εἶναι
1294 2079 1591 2131 πεπονθυίας
1613 2077 1674 2129 τά
1704 2099 1796 2145 περ
1824 2080 1875 2130 αἱ
1900 2078 2015 2141 ζωαὶ

355 2164 555 2216 ἔπαθον.
643 2167 794 2214 ταῦτα
825 2166 877 2215 δὲ
906 2161 1119 2230 λέγουσι
1150 2162 1500 2229 φλυηρέοντες,
1535 2162 1600 2215 ὡς
1631 2162 1727 2229 ἐγὼ
1758 2160 1929 2221 δοκέω,
1953 2159 2015 2213 τά

354 2269 407 2298 τε
452 2247 584 2299 ἄλλα
630 2248 708 2298 καὶ
754 2247 811 2311 δὴ
860 2247 940 2298 καὶ
984 2248 1045 2298 τὰ
1088 2247 1199 2313 περὶ
1241 2248 1330 2300 τὰς
1375 2250 1546 2314 χεῖρας
1589 2250 1688 2298 τῶν
1733 2250 2013 2297 κολοσσῶν·

354 2335 507 2382 ταῦτα
536 2334 629 2398 γὰρ
659 2329 726 2382 ὧν
759 2331 837 2382 καὶ
865 2331 1006 2395 ἡμεῖς
1043 2330 1244 2396 ὡρῶμεν
1275 2331 1351 2381 ὅτι
1386 2330 1481 2382 ὑπὸ
1510 2330 1691 2398 χρόνου
1727 2331 1814 2382 τὰς
1843 2333 2015 2397 χεῖρας

356 2415 765 2480 ἀποβεβλήκασι,
800 2414 849 2466 αἳ
880 2416 933 2466 ἐν
965 2413 1086 2465 ποσὶ
1117 2413 1304 2466 αὐτέων
1336 2414 1603 2480 ἐφαίνοντο
1637 2415 1809 2465 ἐοῦσαι
1837 2413 1911 2464 ἔτι
1933 2413 2014 2465 καὶ

358 2500 407 2551 ἐς
437 2498 539 2564 ἐμέ.
627 2499 656 2564 ἡ
689 2501 741 2550 δὲ
777 2503 902 2563 βοῦς
942 2500 1003 2548 τὰ
1042 2500 1135 2563 μὲν
1175 2497 1310 2548 ἄλλα
1347 2496 1735 2562 κατακέκρυπται
1776 2495 2012 2565 φοινικέῳ

410 2649 436 2686 3
464 2637 560 2687 τὴν]
583 2638 631 2677 τὸ
656 2636 693 2673 R
712 2637 740 2675 S
755 2636 792 2673 V
930 2636 968 2675 οἵ
987 2648 1070 2674 om.
1093 2634 1132 2672 R
1148 2634 1230 2673 SV
1368 2633 1548 2675 οἰκείοισι
1571 2633 1610 2670 R
1626 2633 1664 2670 V
1856 2634 1884 2670 6
1912 2635 2014 2680 βοῦν

357 2705 438 2730 om.
483 2691 571 2730 SV
764 2702 786 2739 7
830 2689 985 2738 ταύτην
1023 2688 1103 2728 del.
1151 2689 1349 2737 Krueger
1541 2687 1567 2725 8
1609 2688 1718 2728 ἀλλὰ
1754 2688 1820 2727 καὶ
1860 2686 1900 2725 R
1922 2686 2014 2726 SV

355 2759 383 2796 9
420 2745 543 2797 ἐσμὲν
571 2744 622 2793 ἧν
651 2744 692 2782 R
803 2758 806 2761 '
915 2756 964 2783 10
1002 2743 1228 2795 θυμιάματα
1257 2742 1295 2780 R
1319 2742 1349 2781 S
1369 2742 1409 2780 V
1618 2754 1662 2780 11
1706 2742 1831 2790 αὐτὴν
1861 2741 1900 2780 R
1922 2740 1954 2780 S
1974 2741 2012 2778 V

359 2813 409 2849 13
456 2809 603 2840 παλακ.
645 2799 696 2845 V,
738 2811 843 2838 corr.
889 2811 907 2836 1
1075 2796 1175 2848 τῶν]
1216 2801 1289 2837 τοῦ
1329 2796 1368 2834 R
1391 2796 1421 2835 S
1443 2795 1479 2833 V
1689 2807 1740 2845 19
1789 2794 1937 2849 ἐράσθη
1973 2794 2013 2833 V

356 2866 409 2903 23
453 2856 585 2895 αὐτῶν
621 2852 661 2891 Α
683 2854 716 2891 Β
829 2852 912 2903 goa!
953 2851 994 2890 A
1015 2852 1050 2889 Β
1246 2864 1299 2900 24
1347 2851 1396 2900 δὴ
1437 2849 1631 2902 λέγοντες
1669 2849 1938 2903 φλυηρέουσιν
1979 2848 2012 2888 S

358 2909 412 2947 26
449 2911 600 2961 ὁρῶμεν
632 2906 767 2946 RSV
931 2919 982 2955 27
1018 2905 1324 2956 ἀποβεβήκασιν
1355 2906 1394 2945 R
1525 2904 1550 2947 ἃ
1581 2904 1619 2942 R
1639 2902 1678 2942 V
1801 2904 2010 2958 φαίνονται

359 2962 401 3002 R
422 2962 453 3002 S
473 2962 510 3000 V
674 2963 727 3000 28
765 2965 805 3002 ἐς
824 2961 875 3010 μέ
905 2961 944 3002 R

2038 2266 2088 2309 25
