2098 3320
65 82 153 130 IV.
185 44 257 143 93

186 398 257 446 94

190 1748 260 1798 95

911 82 1346 131 HPOAOTOT

295 211 582 280 παρέδοσαν
615 212 828 282 Δαρείῳ·
875 214 921 265 οἱ
959 215 1012 265 δὲ
1043 211 1190 266 Γέται
1225 212 1348 280 πρὸς
1383 213 1745 280 ἀγνωμοσύνην
1773 213 1955 282 τραπό-
1971 216 2098 267 065ῑᾶ

295 317 437 362 μενοι
483 297 657 349 αὐτίκα
704 295 1074 362 ἐδουλώθησαν,
1126 298 1360 364 Θρηίκων
1407 296 1573 351 ἐόντες
1620 297 1960 365 ἀνδρηιότατοι

298 382 378 433 καὶ
419 381 733 433 δικαιότατοι.
821 381 1174 445 ἀθανατίζουσι
1207 384 1261 435 δὲ
1295 382 1441 435 τόνδε
1474 381 1561 435 τὸν
1597 382 1798 450 τρόπον·
1846 382 1960 436 οὔτε

298 462 637 537 ἀποθνῄσκειν
678 464 887 531 ἑωυτοὺς
927 467 1185 532 νομίζουσι
1233 464 1360 518 ἰέναι
1398 487 1453 518 τε
1487 465 1574 518 τὸν
1611 465 1960 532 ἀπολλύμενον

298 551 431 615 παρὰ
477 547 731 616 Σάλμοξιν
779 551 1002 615 δαίμονα.
1089 552 1136 603 οἱ
1184 552 1238 603 δὲ
1283 550 1444 603 αὐτῶν
1479 549 1567 603 τὸν
1601 549 1751 603 αὐτὸν
1786 555 2008 614 τοῦτονὲ

298 632 599 699 ὀνομάζουσι
655 633 961 699 Γεβελέϊζιν.
1050 636 1130 686 διὰ
1188 637 1532 702 πεντετηρίδος
1582 637 1637 687 δὲ
1682 634 1770 687 τὸν
1815 634 1961 706 πάλῳ

297 719 525 786 λαχόντα
554 718 649 770 αἰεὶ
681 717 857 784 σφέων
887 718 1048 771 αὐτῶν
1080 717 1435 785 ἀποπέμπουσι
1464 718 1683 787 ἄγγελον
1713 720 1846 786 παρὰ
1873 718 1961 772 τὸν

299 801 570 868 Σάλμοξιν,
594 801 949 868 ἐντελλόμενοι
966 807 1066 855 τῶν
1084 802 1145 856 ἂν
1166 803 1406 856 ἑκάστοτε
1425 802 1647 856 δέωνται.
1708 802 1962 869 πέμπουσι

300 888 353 939 δὲ
384 888 495 939 ὧδε·
543 889 590 939 οἱ
620 889 713 952 μὲν
735 886 894 940 αὐτῶν
924 886 1193 956 ταχθέντες
1223 888 1425 940 ἀκόντια
1453 888 1564 955 τρία
1595 888 1786 956 ἔχουσι,
1811 887 1962 940 ἄλλοι

300 974 353 1024 δὲ
384 971 719 1037 διαλαβόντες
749 977 836 1024 τοῦ
867 971 1287 1039 ἀποπεμπομένου
1318 974 1451 1040 παρὰ
1481 971 1568 1025 τὸν
1592 969 1846 1038 Σάλμοξιν
1874 974 1962 1027 τὰς

297 1061 469 1124 χεῖρας
520 1056 608 1108 ’καὶ
665 1056 780 1109 τοὺς
838 1057 1010 1117 πόδας,
1065 1055 1452 1122 ἀνακινήσαντες
1510 1055 1658 1109 αὐτὸν
1714 1055 1963 1123 μετέωρον

296 1141 530 1207 ῥίπτουσι
567 1141 618 1205 ε’,ς
658 1142 747 1195 τὰς
785 1141 995 1209 λόγχας.
1084 1137 1145 1206 ἢν
1183 1144 1276 1207 μὲν
1316 1141 1374 1206 δὴ
1416 1140 1641 1212 ἀποθάνῃ
1676 1142 1960 1208 ἀναπαρείς,

298 1229 432 1276 τοῖσι
476 1227 529 1276 δὲ
573 1225 709 1278 ἵλεος
754 1226 780 1275 ὁ
825 1225 936 1279 θεὸς
985 1224 1146 1278 δοκέει
1193 1225 1333 1278 εἶναι·
1399 1221 1461 1290 ἢν
1512 1228 1566 1278 δὲ
1609 1224 1674 1290 μὴ
1719 1224 1960 1297 ἀποθάνῃ,

300 1311 554 1361 αἰτιῶνται
603 1308 751 1361 αὐτὸν
797 1313 884 1361 τὸν
932 1305 1167 1377 ἄγγελον,
1217 1309 1436 1377 φάμενοί
1477 1331 1562 1375 μιν
1609 1308 1763 1377 ἄνδρα
1814 1308 1964 1361 κακὸν

301 1393 442 1453 εἶναι,
482 1392 827 1459 αἰτιησάμενοι
867 1396 920 1446 δὲ
960 1399 1135 1447 τοῦτον
1176 1394 1335 1447 ἄλλον
1376 1393 1743 1460 ἀποπέμπουσι·
1791 1393 1961 1446 ἐντέλ-

297 1485 471 1530 λονται
519 1480 572 1531 δὲ
621 1478 695 1531 ἔτι
745 1479 902 1543 ζῶντι.
990 1479 1125 1530 οὗτοι
1172 1481 1218 1531 οἱ
1266 1479 1403 1531 αὐτοὶ
1453 1477 1667 1545 Θρήικες
1715 1477 1794 1530 καὶ
1840 1477 1964 1544 πρὸς

297 1561 516 1629 βροντήν
545 1584 600 1615 τε
632 1563 711 1615 καὶ
742 1562 1003 1630 ἀστραπὴν
1032 1561 1319 1628 τοξεύοντες
1348 1562 1450 1615 ἄνω
1481 1562 1602 1630 πρὸς
1633 1562 1721 1614 τὸν
1751 1561 1962 1629 οὐρανὸν

298 1646 591 1700 ἀπειλέουσι
626 1652 692 1717 τῷ
732 1650 842 1718 θεῷ,
876 1646 1056 1700 οὐδένα
1089 1646 1250 1700 ἄλλον
1291 1647 1404 1700 θεὸν
1439 1647 1720 1713 νομίζοντες
1757 1646 1882 1698 εἶναι
1917 1647 1962 1699 εἰ

297 1730 363 1796 μὴ
394 1735 480 1784 τὸν
506 1730 773 1799 σφέτερον.
862 1731 927 1786 ὡς
951 1734 1004 1785 δὲ
1029 1732 1127 1799 ἐγὼ
1158 1731 1464 1798 πυνθάνομαι
1494 1737 1592 1784 τῶν
1624 1730 1710 1783 τὸν
1732 1728 1958 1795 Ἑλλήσ-

297 1837 482 1868 ποντον
536 1817 615 1868 καὶ
668 1817 867 1868 Πόντον
921 1817 1186 1869 οἰκεόντων
1236 1814 1515 1881 Ἑλλήνων,
1569 1815 1658 1868 τὸν
1709 1813 1962 1881 Σάλμοξιν

297 1904 470 1952 τοῦτον
513 1901 658 1953 ἐόντα
698 1900 959 1968 ἄνθρωπον
1000 1905 1266 1954 δουλεῦσαι
1307 1903 1361 1953 ἐν
1402 1899 1568 1971 Σάμῳ,
1609 1904 1873 1952 δουλεῦσαι
1907 1901 1962 1952 δὲ

299 1985 570 2057 Πυθαγόρῃ
622 1989 689 2054 τῷ
743 1983 1071 2054 Μνησάρχου·
1140 1987 1366 2038 ἐνθεῦτεν
1408 1987 1461 2037 δὲ
1505 1984 1652 2037 αὐτὸν
1694 1985 1962 2051 γενόμενον

297 2069 560 2136 ἐλεύθερον
634 2067 865 2137 χρήματα
941 2068 1221 2134 κτήσασθαι
1297 2068 1478 2139 συχνά,
1530 2067 1850 2140 ,κτησάμενον
1908 2070 1962 2120 δὲ

298 2154 536 2206 ἀπελθεῖν
580 2155 632 2207 ἐς
675 2153 765 2218 τὴν
807 2156 1004 2207 ἑωυτοῦ·
1058 2153 1144 2207 ἅτε
1179 2156 1232 2206 δὲ
1270 2154 1521 2220 κακοβίων
1556 2175 1610 2206 τε
1646 2154 1829 2206 ἐόντων
1865 2157 1962 2205 τῶν

298 2239 534 2305 Θρηίκων
558 2238 637 2290 καὶ
666 2237 1134 2306 ὑπαφρονεστέρων,
1160 2238 1246 2290 τὸν
1278 2235 1530 2304 Σάλμοξιν
1559 2242 1731 2290 τοῦτον
1756 2235 1957 2289 ἐπιστά-

298 2343 450 2387 μενον
481 2321 672 2374 δίαιτάν
702 2343 756 2375 τε
788 2322 924 2374 Ἰάδα
955 2323 1035 2375 καὶ
1066 2322 1189 2388 ἤθεα
1217 2323 1470 2389 βαθύτερα
1499 2318 1529 2387 ἢ
1561 2324 1684 2374 κατὰ
1721 2319 1958 2389 Θρήικας,

360 2473 377 2499 1
411 2459 649 2515 παρέδωσαν
679 2459 718 2498 R
940 2473 965 2499 2
996 2459 1271 2513 ἀνδρειότατοι
1303 2460 1337 2499 L
1556 2472 1582 2509 3
1610 2460 1679 2501 καὶ
1703 2462 1781 2502 δικ.
1813 2471 1893 2498 om.
1924 2440 1973 2498 ΒᾹ

300 2528 324 2565 5
347 2515 470 2565 Ζάλμ.
487 2527 658 2565 semper
675 2515 719 2565 S,
736 2514 816 2554 nisi
830 2516 944 2566 quod
961 2515 1043 2554 hoc
1057 2515 1150 2554 loco
1164 2515 1206 2554 in
1221 2527 1352 2565 marg.
1371 2514 1499 2565 Σάλμ.
1515 2515 1650 2554 adscr.
1669 2512 1718 2553 S1
1810 2513 1962 2555 αὐτέων

306 2570 345 2609 R
362 2571 444 2610 SV
627 2571 654 2606 6
701 2569 940 2621 ὀνομάζουσι
981 2569 1175 2609 Mehler:
1223 2568 1427 2621 νομίζουσι
1466 2569 1501 2608 L
1631 2567 1862 2619 Γεβελέῖζιν
1901 2568 1962 2608 P:

298 2623 552 2677 γεβελεΐζειν
575 2623 615 2663 R
630 2623 661 2664 S
675 2624 715 2663 V
732 2638 741 2663 t
771 2623 951 2675 βελέῖζιν
970 2624 1010 2662 Α
1024 2624 1059 2663 Β
1075 2625 1108 2663 C
1236 2625 1474 2678 πεντηρίδος
1497 2624 1536 2662 R
1551 2623 1582 2663 S
1594 2624 1633 2662 V
1755 2641 1802 2664 τε
1823 2622 1863 2661 Α
1877 2623 1911 2661 Β
1927 2622 1962 2661 C

301 2692 323 2729 7
355 2680 418 2720 ἀεί
439 2680 479 2718 R
493 2680 531 2717 V
754 2692 805 2718 10
832 2680 926 2720 τοὺς
947 2679 1303 2730 ἀποπεμπομένους
1322 2678 1363 2717 Α
1379 2679 1414 2717 Β
1431 2679 1465 2717 C
1621 2679 1695 2720 τὰς
1714 2680 1852 2732 χεῖρας
1872 2678 1959 2730 καὶ]

301 2733 589 2784 ἐντελλόμενοι
611 2733 641 2773 S
654 2733 694 2772 V
889 2746 936 2771 12
966 2736 1177 2786 ῥιπτεῦσιν
1197 2733 1279 2773 SV
1296 2747 1305 2772 2
1335 2736 1547 2787 ριππεῦσιν
1568 2733 1607 2772 R
1798 2745 1846 2782 13
1875 2735 1961 2773 τοῖς

299 2790 338 2828 Α
353 2789 388 2826 Β
405 2789 444 2826 R
460 2789 490 2827 S
503 2788 542 2826 V
673 2789 791 2829 ἵλεως
813 2788 847 2826 Ρ
861 2788 899 2826 R
915 2789 945 2827 S
958 2788 996 2826 V
1183 2801 1231 2838 14
1260 2789 1334 2830 τὸν
1352 2801 1434 2827 om.
1461 2787 1491 2826 S
1505 2788 1543 2826 V
1730 2797 1777 2836 15
1807 2790 1956 2828 αἰτιασ.

300 2844 340 2882 Α
354 2844 389 2882 Β
405 2843 439 2881 C
556 2844 606 2881 16
633 2843 748 2895 πρὸς]
771 2844 867 2896 πρὸς
886 2844 965 2892 τὴν
987 2843 1021 2881 R
1042 2842 1072 2881 S
1086 2843 1124 2882 V
1236 2855 1283 2891 17
1315 2844 1394 2884 ἅνω
1415 2856 1497 2883 om.
1520 2843 1560 2881 R
1676 2843 1724 2881 18
1749 2844 1959 2883 ἀπειλεῦσι

301 2899 341 2936 R
357 2898 387 2937 S
401 2899 440 2936 V
550 2911 605 2936 20
633 2899 700 2938 καὶ
720 2896 877 2939 Πόντον
897 2910 978 2937 om.
1002 2897 1043 2936 A
1056 2898 1091 2936 B
1107 2898 1140 2935 C
1261 2910 1315 2948 23
1345 2899 1533 2949 κτήματα
1552 2896 1593 2935 Α
1606 2896 1641 2935 Β
1658 2896 1692 2936 C
1803 2894 1959 2949 συχνά]

299 2951 463 3005 μεγάλα
481 2951 522 2990 Α
536 2952 571 2991 Β
586 2952 620 2991 C
786 2963 838 3002 24
870 2954 1057 2994 ἐπελθεῖν
1078 2951 1118 2991 R
1132 2952 1162 2992 S
1175 2951 1214 2991 V
1325 2951 1388 3004 δὲ]
1412 2952 1461 3002 δὴ
1483 2951 1517 2991 C

1989 992 2038 1020 10

1989 1829 2039 1859 20

1988 2251 2036 2292 25
