2098 3320
100 107 189 158 ΙΙΙ.
218 121 312 169 130
985 110 1410 160 ΗΡΟΔΟΤΟΎ

355 238 653 305 Δημοκήδεα
675 240 800 292 οὕτω
832 238 890 304 δή
914 261 962 291 τι
985 239 1195 307 δαψιλέϊ
1223 243 1379 314 δωρεῇ
1412 242 1477 295 ὡς
1499 243 1614 297 τοὺς
1645 243 2017 298 ἀποπίπτοντας

353 323 452 375 ἀπὸ
481 328 581 375 τῶν
612 323 840 390 φιαλέων
876 327 1123 391 στατῆρας
1163 326 1403 390 ἑπόμενος
1434 327 1460 376 ὁ
1490 325 1698 391 οἰκέτης,
1730 327 1796 396 τῷ
1833 327 2017 393 οὕνομα

352 405 412 471 ἧν
463 408 669 477 Σκίτων,
719 406 988 475 ἀνελέγετο
1035 409 1121 460 καί
1169 410 1214 460 οἱ
1264 412 1432 476 χρῆμα
1483 411 1678 462 πολλόν
1730 432 1777 461 τι
1829 415 2018 479 χρυσοῦ

353 490 650 559 συνελέχθη.

237 585 315 632 131
435 575 496 626 ‘O
549 578 602 627 δὲ
657 575 952 641 Δημοκήδης
1000 576 1142 630 οὗτος
1188 580 1283 630 ὧδε
1331 580 1383 629 ἐκ
1433 580 1694 645 Κρότωνος
1746 579 2017 646 ἀπιγμένος
2041 602 2063 641 5

0 676 52 703 ν
72 655 134 695 *Ᾰΐ
147 650 666 738 *ἍἯολυκράτεϊ
698 660 939 726 ὡμίλησε·
982 662 1128 728 πατρὶ
1153 663 1411 730 συνείχετο
1442 664 1494 714 ἐν
1525 663 1582 735 τῇ
1610 664 1834 730 Κρότωνι
1863 663 2016 732 ὀργὴν

351 749 577 814 χαλεπῷ·
624 749 799 797 τοῦτον
823 747 988 797 ἐπείτε
1010 746 1096 797 οὐκ
1120 746 1326 799 ἐδύνατο
1351 747 1540 815 φέρειν,
1567 747 1828 800 ἀπολιπὼν
1850 749 2017 816 οἴχετο

353 831 403 883 ἐς
423 831 649 896 Αἴγιναν.
727 831 977 884 καταστὰς
1002 833 1055 882 δὲ
1080 832 1130 884 ἐς
1148 831 1330 897 ταύτην
1349 832 1525 902 πρώτῳ
1551 831 1653 884 ἔτεϊ
1673 831 2016 898 ὑπερεβάλετο

352 914 464 967 τοὺς
493 913 680 968 ἄλλους
711 914 920 982 ἰητρούς,
952 914 1167 981 ἀσκευής
1203 938 1295 983 περ
1332 918 1427 968 ἐὼν
1465 917 1543 968 καὶ
1578 916 1710 984 ἔχων
1747 916 1889 969 οὐδὲν
1917 922 2016 970 τῶν

288 1017 312 1048 2
352 999 452 1049 ὅσα
481 999 592 1065 περὶ
623 998 713 1063 τὴν
743 998 927 1067 τέχνην
960 999 1070 1051 ἐστὶ
1101 999 1358 1068 ἐργαλήια.
1450 1002 1532 1053 καί
1561 1022 1648 1066 μιν
1677 1000 1886 1071 δευτέρῳ
1917 1001 2016 1054 ἔτεϊ
2041 1020 2092 1050 10

351 1082 599 1135 ταλάντου
622 1084 885 1151 Αἰγινῆται
908 1085 1120 1156 δημοσίῃ
1151 1088 1462 1150 μισθοῦνται,
1487 1087 1633 1155 τρίτῳ
1659 1087 1712 1137 δὲ
1735 1085 1834 1137 ἔτεϊ
1862 1084 2010 1151 Ἀθη-

351 1172 482 1219 ναῖοι
532 1167 709 1220 ἑκατὸν
760 1167 938 1234 μνέων,
991 1168 1206 1239 τετάρτῳ
1259 1172 1312 1222 δὲ
1360 1170 1460 1222 ἔτεϊ
1510 1168 1837 1236 Πολυκράτης
1887 1173 2014 1222 δυῶν

350 1251 626 1304 ταλάντων.
701 1254 827 1304 οὕτω
857 1255 950 1318 μὲν
976 1254 1179 1305 ἀπίκετο
1209 1255 1260 1308 ἐς
1282 1254 1373 1318 τὴν
1397 1253 1581 1319 Σάμον,
1610 1254 1688 1305 καὶ
1720 1253 1817 1305 ἀπὸ
1838 1255 2014 1306 τούτου

350 1341 438 1387 τοῦ
485 1336 660 1404 ἀνδρὸς
708 1336 793 1388 οὐκ
840 1337 1023 1401 ἥκιστα
1068 1342 1408 1405 Κροτωνιῆται
1462 1339 1617 1404 ἰητροὶ
1664 1338 2011 1403 εὐδοκίμησαν·

288 1441 315 1484 3
349 1416 566 1487 [ἐγένετο
601 1423 695 1488 γὰρ
733 1419 800 1473 ὧν
837 1426 981 1473 τοῦτο
1018 1423 1101 1473 ὅτε
1135 1427 1319 1489 πρῶτοι
1357 1426 1447 1488 μὲν
1482 1426 1819 1489 Κροτωνιῆται
1855 1423 2011 1489 ἰητροὶ
2037 1441 2084 1480 15

351 1504 588 1572 ἐλέγοντο
632 1507 725 1557 ἀνὰ
769 1505 859 1570 τὴν
905 1505 1134 1557 Ἑλλάδα
1177 1506 1318 1565 εἶναι,
1366 1507 1584 1573 δεύτεροι
1625 1509 1679 1558 δὲ
1725 1510 2017 1574 Κυρηναῖοι..

351 1591 474 1641 κατὰ
503 1589 591 1641 τὸν
621 1589 769 1642 αὐτὸν
799 1592 852 1641 δὲ
882 1594 1056 1642 τοῦτον
1094 1591 1281 1658 χρόνον
1319 1592 1399 1643 καὶ
1429 1591 1647 1658 Ἀργεῖοι
1676 1589 1856 1656 ἤκουον
1889 1595 2007 1656 μὀύ-

219 1684 311 1732 132
349 1673 496 1737 σικὴν
537 1673 663 1726 εἰναι
701 1672 965 1738 Ἑλλήνων
1005 1672 1222 1742 πρῶτοι].
1310 1676 1423 1728 τότε
1462 1675 1520 1739 δὴ
1563 1676 1589 1724 ὁ
1623 1673 1916 1740 Δημοκήδης
1954 1677 2008 1727 ἐν

348 1763 483 1810 τοῖσι
512 1758 757 1810 Σούσοισι
788 1757 1111 1823 ἐξιησάμενος
1137 1764 1352 1826 Δαρεῖον
1380 1758 1519 1811 οἶκόν
1546 1779 1602 1810 τε
1630 1758 1872 1826 μέγιστον
1897 1752 2009 1827 ἐἶχε

349 1843 430 1894 καὶ
474 1842 805 1910 ὁμοτράπεζος
850 1842 1062 1908 βασιλέϊ
1106 1844 1352 1910 ἐγεγόνεε,
1399 1841 1532 1907 πλήν
1575 1864 1630 1894 τε
1673 1842 1783 1896 ἐνὸς
1825 1846 1913 1893 τοῦ
1956 1845 2008 1896 ἐς
2033 1860 2084 1888 20

283 1945 307 1975 2
338 1924 599 1991 ’Έλληνας
639 1925 836 1978 ἀπιέναι
875 1926 1037 1979 πάντα
1074 1927 1238 1979 τᾶλλά
1275 1930 1321 1979 οἱ
1359 1930 1534 1994 παρῆν.
1625 1927 1703 1978 καὶ
1731 1931 1877 1978 τοῦτο
1915 1929 2006 1994 μὲν

346 2010 460 2063 τοὺς
491 2012 789 2078 Αἰγυπτίους
826 2011 1035 2078 ἰητρούς,
1069 2012 1115 2063 οἲ
1152 2010 1377 2076 βασιλέα
1413 2012 1653 2078 πρότερον
1690 2012 1850 2069 ἰῶντο,
1881 2009 2002 2076 μέλ-

344 2101 527 2148 λοντας
557 2096 1038 2162 ἀνασκολοπιεῖσθαι
1066 2096 1192 2147 διότι
1222 2095 1315 2148 ὑπὸ
1338 2093 1593 2160 “Ἐλληνος
1635 2096 1798 2160 ἰητροῦ
1837 2095 2002 2146 ἑσσώ-

345 2182 523 2244 θησαν,
566 2180 766 2233 τούτους
808 2178 1034 2245 βασιλέα
1076 2179 1510 2246 παραιτησάμενος
1551 2179 1813 2245 ἐρρύσατο·
1861 2182 2004 2230 τοῦτο

345 2266 399 2315 δὲ
437 2263 615 2328 μάντιν
646 2264 853 2316 Ἠλεῖον
896 2263 1208 2330 Πολυκράτεϊ
1248 2264 1586 2328 ἐπισπόμενον
1628 2262 1706 2314 καὶ
1745 2262 2001 2328 ἀπημελη-
2029 2277 2077 2319 25

342 2346 494 2411 μένον
539 2349 592 2399 ἐν
635 2353 771 2400 τοῖσι
814 2349 1172 2414 ἀνδραπόδοισι
1218 2348 1476 2415 ἐρρύσατο.
1564 2346 1624 2412 ἤν
1668 2349 1722 2399 δὲ
1764 2345 2004 2414 μέγιστον

343 2434 546 2498 πρῆγμα
578 2430 873 2497 Δημοκήδης
902 2434 1034 2498 παρὰ
1064 2431 1290 2497 βασιλέϊ.

217 2527 304 2574 133
426 2516 516 2567 Ἐν
557 2517 721 2585 χρόνῳ
762 2518 815 2567 δὲ
857 2517 1011 2585 ὀλίγῳ
1053 2518 1178 2581 μετὰ
1217 2520 1369 2567 ταῦτα
1407 2514 1525 2568 τάδε
1562 2514 1698 2566 ἄλλα
1742 2513 2002 2579 συνήνεικε

401 2667 417 2692 1
451 2653 639 2707 δαψιλέηι
662 2654 694 2692 C
711 2655 743 2692 P
763 2669 771 2693 :
802 2656 965 2706 δαψιλῆι
989 2653 1082 2692 RV
1192 2666 1218 2702 3
1247 2652 1414 2701 Σκήτων
1436 2653 1517 2692 S·V
1632 2654 1660 2691 6
1687 2655 1739 2706 τῇ
1760 2665 1841 2692 om.
1861 2651 1948 2691 AB
1965 2652 1998 2691 C

343 2723 363 2758 7
395 2710 527 2761 ᾤχετο
554 2708 689 2747 ABC
706 2710 738 2747 P
934 2711 960 2747 8
989 2713 1047 2750 τῶ
1069 2710 1210 2762 πρώτω
1238 2707 1373 2748 RSV
1568 2721 1595 2757 9
1624 2706 1793 2759 ἄλλους]
1819 2708 2006 2760 ἰι-ριίνιόυςν

345 2763 480 2803 RSV
625 2776 675 2802 10
705 2765 795 2804 ἐστὶ
816 2776 896 2802 om.
924 2763 964 2801 R
980 2764 1062 2803 SV
1208 2775 1253 2802 11
1284 2766 1518 2814 μισθεῦνται
1540 2762 1623 2801 CP
1733 2762 1816 2802 Ἀθ.
1840 2790 1873 2801 ..
1889 2760 2001 2803 ,ἔτεϊ

339 2832 422 2858 om.
448 2818 482 2857 C
596 2831 644 2867 14
675 2821 802 2859 εὗδοκ.
818 2849 827 2858 .
844 2849 854 2858 .
867 2850 875 2858 .
893 2820 1019 2872 ἰητροὶ
1042 2831 1124 2858 om.
1147 2818 1181 2856 C
1295 2818 1425 2866 15—18
1456 2816 1623 2870 ἐγένετο
1638 2847 1646 2856 .
1665 2848 1674 2857 .
1694 2845 1703 2855 .
1722 2820 1871 2870 πρῶτοι
1890 2816 1992 2856 secl.

338 2874 498 2913 Abicht
614 2886 661 2921 15
691 2875 752 2914 ὅτι
774 2873 854 2912 SV
966 2885 1012 2923 17
1043 2875 1091 2922 δὴ
1114 2872 1147 2911 C
1230 2875 1377 2913 τοῦτον
1396 2885 1478 2911 orn.
1502 2871 1590 2910 AB
1608 2871 1642 2910 C
1756 2871 1805 2909 18
1832 2870 1996 2922 πρώτην
2049 2915 2060 2920 ,

337 2929 392 2967 Vc
503 2927 547 2968 δὲ
568 2929 601 2966 C
617 2929 655 2967 R
668 2921 709 2966 V
842 2940 896 2967 20
923 2931 997 2968 τοῦ
1018 2927 1078 2980 ἐς]
1098 2926 1245 2968 τούτου
1264 2928 1357 2968 τοὺς
1380 2926 1419 2964 R
1434 2927 1463 2965 S
1476 2927 1514 2964 V
1648 2937 1700 2974 23
1729 2924 1993 2966 ἀνασκολοπί-

340 2983 474 3035 ζεσθαι
497 2983 536 3022 R
552 2983 581 3022 S
594 2983 630 3021 V
742 2983 804 3025 ὅτι
825 2982 863 3020 Α
879 2982 912 3020 Β
929 2982 961 3020 C
977 2982 1010 3021 P
1123 2983 1332 3031 ἐσώθησαν
1355 2981 1393 3019 R
1407 2981 1443 3019 V
1590 2993 1640 3029 27
1673 2978 1908 3030 Δημοδόκης
1930 2978 1964 3016 C
