2098 3320
810 120 1188 191 ἰΣΤΟΡιΩΝ
1251 143 1287 190 Γ

215 274 489 342 Ὑρκανίων
521 268 620 325 καὶ
675 270 896 340 Πάρθων
950 275 1028 345 καὶ
1081 272 1383 341 Σαραγγέων
1431 273 1510 325 καὶ
1557 275 1880 339 Θαμαναιων,

214 360 380 412 ἐπείτε
410 360 464 410 δὲ
496 356 696 424 Πέρσαι
725 356 904 426 ἔχουσι
934 357 990 409 τὸ
1016 357 1208 425 κράτος,
1235 359 1344 410 ἐστὶ
1374 362 1460 410 τοῦ
1489 356 1752 421 βασιλέος.
1828 359 1882 409 ἐκ

215 443 273 509 δὴ
304 440 374 495 ῶν
402 447 489 495 τοῦ
525 443 899 510 περικληίοντος
937 444 1074 509 ὄρεος
1111 444 1286 495 τούτου
1320 441 1422 509 ῥέει
1453 441 1673 508 ποταμὸς
1708 433 1879 509 μέγας,

214 527 401 594 οὔνομα
453 525 508 579 δέ
559 527 612 579 οἵ
651 526 761 579 ἐστι
798 524 971 592 Ἀκης.
1059 527 1202 581 οὗτος
1252 528 1491 594 πρότερον
1534 529 1628 592 μὲν
1673 525 1883 598 ἄρδ-ςσκε

1929 146 2021 196 111.
2050 161 2095 197 11

1917 378 1941 409 2

1890 500 2086 548 umssmd

1887 562 2098 614 ‹1›qu

167 636 190 678 5
216 610 610 678 διαλελαμμένος
641 616 893 680 πενταχοῦ
923 612 1111 664 τούτων
1146 617 1247 664 τῶν
1277 611 1546 678 εἰρημένων
1582 613 1669 665 τὰς
1699 608 2098 679 χώραςβυνέῑω

144 1055 194 1086 10

215 699 296 750 διὰ
329 694 614 764 διασφάγος
652 696 896 763 ἀγόμενος
932 695 1147 761 ἑκάστης
1182 695 1459 756 ἑκάστοισι,
1500 697 1663 748 ἐπείτε
1700 697 1753 747 δὲ
1788 694 1884 747 ὑπὸ

215 782 283 852 τῷ
327 779 502 852 Πέρσῃ
557 781 673 840 εἶσί,
721 781 1005 833 πεπόνθασι
1051 779 1258 833 τοιόνδε·
1320 782 1408 834 τὰς
1451 778 1742 848 διασφάγας
1785 784 1884 831 τῶν

215 863 371 933 ὀρέων
425 866 649 930 ἐνδείμας
694 865 721 915 6
763 863 1011 930 βασιλεὺς
1062 865 1223 918 πύλας
1277 864 1354 917 ἐπ’
1395 863 1584 936 ἑκάστῃ
1636 861 1884 931 διασφάγι

216 950 419 1016 ἔστησε,
471 948 896 1015 ἀποκεκληιμένου
947 951 1001 1002 δὲ
1052 953 1138 1001 τοῦ
1187 950 1363 1003 ὕδατος
1414 952 1501 1014 τῆς
1553 946 1776 1013 διεξόδου
1827 947 1884 998 τὸ

217 1036 389 1087 πεδίον
419 1033 475 1085 τὸ
507 1035 645 1087 ἐντὸς
674 1038 772 1085 τῶν
805 1032 961 1100 ὀρέων
991 1031 1212 1100 πέλαγος
1242 1035 1451 1101 γίνεται,
1485 1033 1763 1085 ἐκδιδόντος
1791 1034 1884 1097 μὲν

216 1123 301 1171 τοῦ
344 1122 585 1184 ποταμοῦ,
628 1118 834 1186 ἔχοντος
880 1120 934 1170 δὲ
979 1118 1164 1188 οὐδαμῇ
1207 1116 1463 1183 ἐξήλυσιν.
1552 1116 1687 1168 οὗτοι
1728 1114 1797 1168 ὧν
1821 1115 1889 1168 ὀἵ

216 1225 310 1271 περ
342 1203 595 1270 ἔμπροσθε
627 1202 850 1255 ἐώθεσαν
883 1205 1101 1271 χρᾶσθαι
1131 1202 1198 1271 τῷ
1222 1203 1376 1266 ὕδατι,
1410 1202 1496 1254 οὐκ
1528 1201 1729 1269 ἔχοντες
1759 1199 1887 1270 αὐτῷ

216 1291 439 1357 χρᾶσθαι
503 1294 740 1360 συμφορῇ
794 1286 990 1358 μεγάλῃ
1045 1285 1387 1355 διαχρέωνται.
1495 1285 1584 1337 τὸν
1641 1287 1733 1351 μὲν
1789 1287 1885 1352 γὰρ

216 1377 438 1442 χειμῶνα
467 1373 541 1425 ὕει
564 1379 663 1440 σφι
686 1373 711 1422 6
737 1371 848 1425 θεὸς
871 1373 1042 1438 ὥσπερ
1068 1371 1146 1422 καὶ
1177 1376 1311 1423 τοῖσι
1332 1370 1539 1422 ἄλλοισι
1559 1369 1881 1438 ἀνθρώποισι,

1918 800 1944 843 3

1923 1113 1958 1179 4,

1903 1249 1917 1258 ο

145 1479 192 1520 15
218 1462 302 1509 τοῦ
332 1459 386 1510 δὲ
417 1456 587 1525 θέρεος
617 1458 909 1523 σπείροντες
939 1457 1150 1522 μελίνην
1182 1455 1260 1507 καὶ
1292 1455 1525 1521 σήσαμον
1556 1455 1982 1524 χρηίσκονταιμκ
2003 1474 2098 1502 ma«

145 1902 196 1931 20

217 1543 283 1615 τῷ
318 1543 475 1595 ὕδατι.
550 1543 703 1594 ἐπεὰν
739 1539 809 1593 ῶν
847 1539 1002 1607 μηδέν
1024 1548 1144 1608 ,σφι
1182 1543 1515 1607 παραδιδῶται
1547 1544 1644 1595 ,τοῦ
1687 1540 1881 1598 ὕδατος,

217 1628 452 1681 ἐλθόντες
494 1629 545 1681 ἐς
587 1626 701 1681 τοὺς
747 1624 951 1693 Πέρσας
996 1625 1139 1678 αὐτοί
1176 1646 1229 1678 τε
1276 1625 1355 1677 καὶ
1400 1628 1642 1692 γυναῖκες,
1677 1622 1885 1677 στάντες

220 1714 343 1764 κατὰ
361 1714 448 1766 τὰς
470 1712 618 1778 θύρας
637 1716 723 1764 τοῦ
746 1709 994 1777 βασιλέος
1016 1715 1183 1776 βοῶσι
1207 1710 1492 1777 ὠρυόμενοι,
1517 1710 1543 1760 6
1562 1711 1616 1761 δὲ
1636 1707 1885 1774 βασιλεὺς

217 1801 351 1848 τοῖσι
403 1795 683 1863 δεομένοισι
728 1795 888 1848 αὐτῶν
935 1794 1158 1861 μάλιστα
1203 1793 1490 1847 ἐντέλλεται
1535 1794 1754 1861 ἀνοίγειν
1799 1794 1885 1845 τὰς

218 1880 378 1935 πύλας
421 1883 509 1934 τὰς
555 1882 605 1935 ἐς
648 1885 791 1932 τοῦτο
837 1880 1106 1948 φερούσας.
1197 1881 1365 1933 ἐπεὰν.
1393 1881 1447 1931 δὲ
1492 1877 1719 1946 διάκορος
1755 1877 1784 1941 ἡ
1824 1879 1884 1943 γῆ

219 1972 396 2034 σφεων
447 1964 651 2033 γένηται
701 1967 917 2018 πίνουσα
950 1948 1030 2016 Ιτὸ
1087 1965 1232 2031 ὕδωρ,
1290 1964 1432 2016 αὗται
1488 1965 1579 2028 μὲν
1631 1964 1680 2014 αἱ
1731 1960 1885 2014 πύλαι

218 2050 590 2116 ἀποκληίονται,
633 2049 794 2103 ἄλλας
830 2049 872 2101 δ’
915 2047 1205 2101 ἐντέλλεται
1244 2048 1466 2115 ἀνοίγειν
1505 2046 1712 2098 ἄλλοισι
1752 2050 1886 2098 τοῖσι

217 2133 499 2201 δεομένοισι
527 2133 751 2200 μάλιστα
785 2138 882 2186 τῶν
912 2138 1118 2185 λοιπῶν.
1195 2132 1260 2187 ὡς
1296 2132 1338 2184 δ’
1379 2132 1477 2199 ἐγὼ
1512 2130 1622 2184 οἶδα
1651 2130 1884 2189 ἀκούσας,

217 2217 448 2287 χρήματα
492 2218 690 2287 μεγάλα
737 2219 1090 2285 πρησσόμενος
1133 2218 1324 2285 ἀνοίγει
1370 2214 1531 2284 πάρεξ
1570 2219 1657 2266 τοῦ
1702 2215 1884 2283 φόρου.

217 2308 370 2356 ταῦτα
399 2306 491 2369 μὲν
521 2303 579 2368 δὴ
612 2303 718 2372 ἔχει
749 2304 892 2354 οὕτω.

277 2454 293 2480 1
327 2442 592 2496 Σαραγγαίων
611 2442 644 2481 C
661 2442 701 2482 R
716 2442 745 2481 S
758 2441 819 2481 V:
852 2453 959 2480 corr.
986 2439 1037 2479 C¹
1150 2439 1392 2490 Θωμαναίων
1412 2436 1448 2476 Α
1469 2438 1502 2476 Β
1520 2438 1553 2477 C
1571 2437 1603 2476 P
1743 2451 1767 2476 2
1800 2438 1887 2479 ἐπεὶ

218 2497 256 2536 R
277 2497 308 2536 S
328 2496 367 2536 V
586 2510 612 2547 3
643 2497 770 2538 -κλεί·
812 2496 845 2534 C
869 2496 899 2534 S
1132 2508 1156 2543 4
1198 2495 1314 2536 ’'Ams
1350 2494 1384 2533 S
1406 2493 1444 2532 V
1483 2493 1679 2544 Hesych.
1718 2504 1806 2532 S..v.
1832 2494 1886 2543 (ἒ)

218 2563 244 2601 5
273 2555 564 2603 διαλελαμενος
586 2552 619 2591 C
637 2551 670 2591 P
684 2552 724 2590 R
740 2551 819 2591 SV
931 2553 1139 2602 πενταχοῦ
1162 2549 1213 2588 P⁰
1236 2551 1302 2601 (Ι)
1321 2563 1330 2589 :
1359 2551 1572 2600 πανταχοῦ
1594 2548 1628 2586 L
1739 2550 1888 2588 τοῦτον

217 2607 292 2648 τὸν
312 2606 520 2660 εἰρημένον
542 2607 580 2646 R
729 2607 756 2644 6
786 2604 963 2654 ἑκάστης
983 2618 1064 2645 om.
1085 2603 1141 2642 Αι
1253 2602 1462 2645 ἑκάστοισι
1483 2615 1562 2643 om.
1586 2603 1620 2641 B
1763 2603 1790 2640 8
1821 2602 1885 2653 ἐφ’

217 2660 305 2700 ΑΒ
321 2661 355 2702 C
484 2675 512 2711 9
542 2670 699 2712 -κλειμ-
722 2660 782 2701 C:
814 2669 1000 2710 -κλεισμ-
1022 2659 1071 2698 S:
1102 2658 1332 2711 -κλη(ι>σμ·
1357 2658 1390 2697 Ρ
1405 2658 1444 2697 R
1459 2657 1496 2696 V
1591 2657 1725 2708 ἐξόδου
1746 2655 1785 2695 Α
1800 2656 1836 2695 Β
1851 2656 1885 2695 C

223 2727 274 2755 10
302 2718 352 2758 τὸ
372 2730 454 2756 om.
482 2717 522 2755 R
536 2715 617 2756 SV
706 2715 934 2757 ἐκδιδόντος
956 2714 1131 2765 Madvig
1149 2728 1159 2754 z
1189 2717 1309 2756 ἐνδιδ.
1335 2714 1367 2752 L
1486 2725 1527 2750 11
1552 2712 1581 2753 ὦ
1598 2712 1686 2751 RV
1775 2713 1887 2762 οἵπερ

218 2771 393 2825 πρόσθεν
423 2771 488 2812 R:
525 2773 561 2812 οἱ
588 2770 762 2825 πρόσθεν
790 2771 848 2809 S:
880 2772 916 2810 οἱ
941 2768 1086 2822 πέρσαι
1114 2768 1290 2820 πρόσθεν
1308 2769 1347 2808 V
1504 2780 1552 2806 12
1584 2768 1727 2808 ἐώθασι
1751 2765 1889 2806 RSV

222 2837 271 2875 15
298 2827 448 2877 μελίην
467 2827 508 2866 R
523 2825 605 2865 SV
715 2825 984 2879 χρηίσκονται
1007 2824 1159 2869 Portus
1177 2836 1187 2861 τ
1215 2823 1465 2877 χρηίσκοντο
1487 2821 1522 2860 L
1683 2823 1732 2860 16
1759 2820 1889 2873 μηδέν

220 2889 338 2933 σφισι
368 2880 486 2921 AB:
519 2879 627 2933 μηδέ
653 2889 771 2951 σφισι
802 2880 835 2918 C
857 2894 867 2919 :
906 2888 980 2933 σφι
1009 2878 1137 2930 μηδὲν
1163 2879 1299 2918 RSV
1470 2876 1518 2916 18
1548 2877 1770 2931 ὠρυόμενοι
1795 2875 1888 2914 RV

220 2934 323 2989 (ὁρ.)
516 2949 567 2986 19
596 2938 749 2977 αὐτεων
771 2935 811 2975 R
825 2935 855 2974 S
870 2934 906 2974 V
1099 2947 1153 2973 20
1181 2933 1350 2975 τούτους
1372 2933 1405 2971 Ρ
1420 2933 1459 2973 R
1474 2931 1504 2973 S
1516 2932 1555 2971 V
1667 2931 1888 2990 φορεούσας

221 2988 254 3028 Ρ
270 2990 309 3029 R
322 2990 360 3029 V
472 2994 633 3033 ἐπειδὰν
654 2991 688 3030 C

1896 1514 2098 1606 “3⁸⁸⁴
