2098 3320
77 34 172 139 zv}

191 46 251 130 ιε’

181 819 249 854 20

1119 13 1129 28 .

921 79 1348 129 ΗΡΟΔΟΤΟΤ
1951 95 1976 146 j

288 211 364 262 καὶ
397 209 619 275 οὐδαμῶς
644 211 902 263 Σκυθικόν.
939 252 947 266 1
979 210 1034 262 rb
1070 213 1123 263 δὲ
1148 210 1336 263 τούτων
1361 208 1681 276 κατύπερθε”
1655 230 1832 277 ερημος
1861 208 1952 312 ηδη

287 293 510 359 ἀληθέως
543 294 620 346 καὶ
651 294 792 348 ἔθνος
825 294 1097 360 ἀνθρώπων
1139 293 1297 353 οὐδέν,
1331 295 1455 347 ὅσον
1490 294 1631 359 ἡμεῖς
1667 295 1824 358 ἴδμεν.
1896 293 1954 346 τὸ

286 381 338 431 δὲ
363 378 484 445 πρὸς
507 378 597 442 τὴν
628 378 698 442 ἠῶ
731 383 829 430 τῶν
859 383 1094 446 γεωργῶν
1127 378 1318 430 τούτων
1350 377 1578 430 Σκυθέων
1609 376 1840 444 διαβάντι
1868 376 1954 430 τὸν

288 461 614 527 Παντικάπην
647 463 869 532 ποταμὸν
903 461 1111 528 νομάδες
1151 462 1240 527 ἤδη
1274 463 1458 514 Σκύθαι
1489 461 1735 527 νέμονται,
1769 462 1881 515 οὔτε
1909 482 1956 514 τι

286 548 580 614 σπείροντες
608 547 750 599 οὐδὲν
781 547 891 600 οὔτε
930 548 1176 613 ἀροῦντες·
1227 546 1358 614 ψιλὴ
1398 549 1451 599 δὲ
1488 545 1726 615 δενδρέων
1754 547 1784 612 ἡ
1817 549 1958 599 πᾶσα
1979 572 2002 615 5

288 633 406 696 αὕτη
440 630 572 695 πλὴν
602 634 690 696 τῆς
719 630 940 697 Ὑλαίης.
1030 634 1076 684 οἱ
1115 634 1170 683 δὲ
1212 630 1419 697 νομάδες
1457 631 1592 682 οὗτοι
1627 630 1685 682 τὸ
1719 630 1839 699 πρὸς
1868 630 1958 695 τὴν

285 715 357 779 ἠῶ
387 714 609 783 ἡμερέων
639 714 896 783 τεσσέρων
929 715 1007 767 καὶ
1039 715 1158 768 δέκα
1193 715 1308 768 ὁδὸν
1341 714 1571 780 νέμονται
1607 715 1774 784 χώρην
1808 736 1955 767 κατα-

288 801 551 852 τείνουσαν
582 800 663 852 ἐπὶ
687 800 911 866 ποταμὸν
934 799 1133 868 Γέρρον.
1215 800 1369 868 πέρην
1400 802 1454 852 δὲ
1483 804 1569 851 τοῦ
1602 798 1781 867 Γέρρου
1808 804 1961 852 ταῦτα

290 884 349 949 δὴ
390 886 452 935 τὰ
492 884 770 950 καλεύμενα
809 883 1059 951 βασιλήιά
1101 887 1212 937 ἐστι
1262 885 1340 936 καὶ
1370 884 1553 935 Σκύθαι
1589 886 1634 935 οἱ
1673 883 1872 951 ἄριστοί
1906 905 1961 935 τε

293 968 371 1020 καὶ
415 974 648 1021 πλεῖστοι
689 970 768 1021 καὶ
812 969 926 1024 τοὺς
971 968 1157 1023 ἄλλους
1203 970 1483 1035 νομίζοντες
1525 968 1715 1022 Σκύθας
1756 968 1962 1022 δούλους
1988 993 2036 1024 ιο

293 1051 569 1119 σφετέρους
611 1053 752 1106 εἶναι·
801 1052 1069 1119 κατήκουσι
1111 1056 1165 1105 δὲ
1208 1054 1343 1106 οὗτοι
1383 1053 1440 1106 τὸ
1482 1055 1574 1119 μὲν
1606 1052 1728 1119 πρὸς
1765 1074 1956 1119 μεσαμ-

293 1138 444 1205 βρίην
475 1139 525 1191 ἐς
554 1137 644 1202 τὴν
673 1128 937 1205 Ταυρικῆν,
970 1138 1026 1190 τὸ
1065 1141 1119 1190 δὲ
1156 1139 1277 1205 πρὸς
1315 1139 1386 1203 ἠῶ
1425 1138 1507 1190 ἐπί
1542 1160 1596 1190 τε
1631 1136 1839 1205 τάφρον,
1870 1136 1962 1201 τὴν

293 1221 351 1285 δὴ
385 1224 430 1273 οἱ
462 1224 515 1273 ἐκ
546 1227 645 1273 τῶν
674 1228 880 1290 τυφλῶν
909 1223 1167 1290 γενόμενοι
1200 1222 1406 1290 ὤρυξαν,
1447 1223 1526 1274 καὶ
1559 1223 1638 1275 ἐπὶ
1669 1224 1756 1286 τῆς
1784 1222 1963 1288 λίμνης

293 1308 381 1370 τῆς
426 1305 700 1371 Μαιήτιδος
745 1306 802 1358 rb
845 1308 1082 1374 ἐμπόριον
1125 1307 1181 1360 rb
1227 1307 1455 1360 καλέεται
1506 1307 1742 1374 Κρημνοί·
1803 1308 1866 1358 τὰ
1909 1308 1964 1358 δὲ

294 1390 453 1442 αὐτῶν
499 1390 767 1455 κατήκουσι
808 1392 889 1444 ἐπὶ
929 1391 1150 1458 ποταμὸν
1193 1392 1398 1445 Τάναϊν.
1486 1395 1548 1444 τὰ
1595 1395 1648 1444 δὲ
1693 1391 1963 1459 κατύπερθε
1989 1414 2035 1455 15

293 1474 416 1541 πρὸς
451 1474 639 1542 βορέην
670 1475 851 1542 ἄνεμον
887 1481 985 1528 τῶν
1020 1478 1306 1542 βασιληίων
1338 1477 1565 1530 Σκυθέων
1604 1476 1822 1530 οἰκέουσι
1854 1480 1961 1529 Με·

292 1558 612 1627 λάγχλαινοι,
646 1559 774 1612 ἄλλο
812 1560 951 1614 ἔθνος
996 1561 1073 1612 καὶ
1112 1561 1170 1613 οὐ
1208 1563 1462 1615 Σκυθικόν.
1554 1564 1960 1631 Μελαγχλαίνων

293 1647 346 1696 δὲ
368 1643 425 1695 rb
450 1644 719 1710 κατύπερθε
742 1647 914 1710 λίμναι
939 1645 1018 1697 καὶ
1042 1646 1221 1714 ἔρημός
1251 1648 1362 1699 ε’στι
1389 1648 1675 1714 ἀνθρώπων,
1709 1647 1813 1699 κατ’
1837 1648 1962 1700 ὅσον

292 1728 432 1793 ἡμεῖς
463 1730 618 1794 ἴδμεν.
707 1728 899 1782 Τάναϊν
930 1732 982 1782 δὲ
1014 1730 1235 1796 ποταμὸν
1265 1731 1496 1796 διαβάντι
1540 1731 1703 1784 οὐκέτι
1733 1729 1958 1796 Σκυθική,

294 1811 468 1878 ἀλλ’-ἡ
500 1815 591 1878 μὲν
621 1813 788 1880 πρώτη
819 1818 916 1866 τῶν
944 1813 1133 1888 λαξίων
1168 1816 1524 1883 Σαυροματέων
1560 1818 1686 1876 ἔστί,
1718 1816 1765 1868 οἲ
1795 1818 1848 1868 ἐκ
1877 1820 1964 1868 τοῦ
1990 1832 2038 1860 20

293 1902 452 1966 μυχοῦ
496 1896 763 1965 ἀρξάμενοι
805 1902 894 1963 τῆς
936 1897 1210 1963 Μαιήτιδος
1253 1902 1432 1966 λίμνης
1476 1899 1708 1966 νέμονται
1744 1899 1801 1952 rb
1842 1899 1963 1968 πρὸς

294 1980 482 2047 βορέην
521 1981 719 2048 ἄνεμον,
752 1981 974 2050 ἡμερέων
1011 1985 1363 2037 πεντεκαίδεκα
1411 1986 1539 2057 ὁδόν,
1575 1989 1742 2038 πᾶσαν
1782 1986 1963 2036 ἐοῦσαν

294 2065 459 2132 ψιλὴν
501 2066 579 2117 καὶ
620 2067 806 2133 ἀγρίων
852 2067 930 2118 καὶ
972 2067 1168 2134 ἡμέρων
1218 2068 1474 2136 δενδρέων·
1527 2067 1870 2137 ὑπεροικέουσι
1909 2071 1964 2121 δὲ

295 2150 483 2201 τούτων
534 2150 763 2218 δευτέρην
814 2150 961 2216 λάξιν
1012 2153 1215 2221 ἔχοντες
1268 2157 1509 2213 Βουδῖνοι,
1559 2157 1654 2221 γῆν
1705 2154 1965 2219 νεμόμενοι

194 2252 259 2288 22
299 2238 469 2286 πᾶσαν
500 2234 686 2287 δασέαν
715 2236 811 2308 ὕλῃ
842 2237 1068 2308 παντοίῃ.
1166 2240 1415 2290 Βουδίνων
1451 2241 1505 2290 δὲ
1543 2238 1812 2305 κατύπερθε
1842 2236 1963 2305 πρὸς
1991 2251 2036 2292 25

357 2386 376 2413 1
410 2378 569 2426 -περθεν
586 2374 620 2413 C
634 2374 674 2413 R
690 2374 729 2413 V
814 2375 959 2429 ἔρημον
975 2374 1015 2414 Α
1031 2375 1065 2415 Β
1081 2375 1114 2415 C
1128 2375 1162 2414 P
1274 2389 1299 2415 2
1329 2375 1444 2417 οὐδὲν
1459 2377 1564 2430 ἆνθρ.
1587 2375 1625 2414 R
1641 2376 1670 2415 S
1684 2377 1723 2415 V
1832 2388 1857 2425 3
1886 2377 1964 2425 την

300 2442 381 2468 om.
405 2429 438 2468 C
454 2429 487 2467 P
684 2443 708 2479 4
739 2447 778 2470 τι
800 2442 1010 2481 suprascr.
1033 2429 1086 2468 Vl
1106 2445 1116 2470 ε
1145 2430 1230 2471 οὔτ’
1255 2431 1314 2471 ἔτι
1337 2430 1505 2470 Bekker
1706 2443 1731 2481 5
1761 2429 1805 2472 δὲ
1825 2444 1908 2470 om.
1928 2431 1962 2469 C

299 2485 324 2533 ἡ
348 2497 432 2523 οῐῐι.
455 2483 537 2523 SV
673 2486 700 2523 6
730 2485 841 2534 πλὴν
864 2498 946 2524 om.
970 2485 1058 2523 AB
1075 2485 1107 2524 C
1220 2484 1328 2526 οὑτοι
1350 2498 1432 2525 om.
1455 2485 1496 2524 R
1512 2485 1594 2524 SV
1734 2498 1755 2535 7
1786 2484 1964 2539 ἡμερέων

300 2552 381 2578 om.
407 2538 441 2577 C
591 2541 652 2579 καὶ
675 2538 771 2580 δέκα
792 2540 872 2581 del.
901 2539 1070 2579 Rennel
1209 2539 1384 2591 νέμοντα
1405 2539 1495 2579 RV
1669 2542 1694 2579 8
1723 2542 1794 2581 τὸν
1813 2557 1904 2581 ποτ.
1929 2540 1962 2579 C

298 2607 325 2643 9
368 2592 595 2644 καλεόμενα
635 2593 673 2632 R
691 2594 719 2632 S
735 2594 772 2632 V
941 2597 977 2635 οἱ
1011 2607 1091 2634 om.
1124 2594 1163 2632 R
1177 2594 1209 2634 S
1222 2595 1258 2633 V
1481 2608 1496 2634 1
1509 2608 1525 2633 1
1569 2598 1798 2636 κατοικοῦσι
1827 2595 1865 2634 Α
1879 2595 1913 2633 Β
1929 2594 1962 2633 C

298 2648 717 2754 ‘A‘ffssffet'vzssssc
838 2662 892 2742 ἒξ
918 2648 1050 2751 {⁶⁰ss
1074 2649 1210 2743 ..εὲ
1321 2650 1626 2747 125²·stss
1665 2708 1687 2744 θ
1722 2663 1790 2743 οἵ,
1809 2650 1964 2742 ”2130

508 2733 518 2742 .
954 2721 1048 2754 ορην
1418 2722 1435 2745 ε
1468 2734 1476 2744 .
1495 2735 1505 2744 .
1527 2735 1536 2744 .
1557 2735 1566 2744 .
1617 2721 1661 2744 κυ
1691 2734 1698 2742 .
1796 2735 1803 2743 .

304 2758 353 2795 18
385 2760 475 2798 ἐστι
496 2771 579 2797 orn.
606 2758 645 2796 R
661 2758 741 2797 SV
854 2760 938 2799 καθ’
961 2759 999 2797 R
1016 2759 1096 2797 SV
1223 2772 1273 2809 19
1302 2760 1372 2800 οὐκ
1394 2759 1484 2800 ἔστι
1506 2758 1687 2798 PRSV
1812 2771 1860 2797 21
1893 2757 1962 2809 rb]

301 2811 356 2851 τὰ
390 2811 470 2850 CP
641 2826 692 2851 22
736 2815 863 2866 βορῆν
898 2813 937 2852 R
953 2813 1034 2852 SV
1199 2826 1250 2862 23
1285 2813 1351 2863 ἡμ.
1377 2812 1490 2865 <·έων
1526 2813 1582 2860 R)
1617 2814 1683 2855 καὶ
1718 2814 1806 2865 ἆγρ.
1830 2812 1870 2850 R
1886 2811 1967 2851 SV

303 2879 354 2914 24
385 2866 563 2907 τουτέων
585 2867 624 2905 R
639 2867 668 2905 S
683 2867 721 2904 V
742 2881 751 2905 ε
780 2866 960 2908 τούτοισι
981 2867 1019 2906 A
1036 2867 1069 2906 B
1087 2868 1119 2907 C
1205 2867 1296 2920 λάξι
1315 2868 1381 2909 R:
1410 2869 1523 2921 τάξιν
1544 2869 1623 2907 SV
1734 2880 1785 2918 25
1816 2866 1966 2916 δασέην

305 2921 336 2958 C
353 2920 384 2958 P
400 2921 429 2959 S
446 2921 508 2962 V:
545 2922 710 2970 δασείην
733 2921 770 2959 Α
789 2922 821 2959 Β
842 2922 878 2960 R
