2098 3320
729 130 1103 210 ιΣΤοΡῐΩΝ
1180 162 1217 207 Γ

137 295 328 362 ἀνδρῶν
372 291 573 346 πάντων
618 289 808 343 στάντα
857 293 907 345 ἐς
954 289 1136 356 ταύτην
1180 290 1271 355 τὴν
1321 291 1479 359 ἀρχὴν
1530 291 1667 346 ἐκτὸς
1710 298 1808 345 τῶν

137 379 363 430 ἐωθότων
404 374 662 442 νοημάτων
705 374 926 440 στήσειε.
1015 377 1280 443 ἐγγίνεται
1303 379 1396 441 μὲν
1436 375 1530 443 γάρ
1571 379 1617 429 οἱ
1660 379 1807 444 ὕβρις

135 462 231 516 ὑπὸ
267 467 365 515 τῶν
403 461 688 528 παρεόντων
726 461 941 528 ἀγαθῶν,
982 461 1170 528 φθόνος
1212 463 1264 512 δὲ
1306 461 1523 528 ἀρχῆθεν
1565 462 1805 529 ἐμφύεται

136 547 392 616 ἀνθρώπῳ.
483 545 568 597 δύο
609 544 652 596 δ’
695 544 827 614 ἔχων
867 550 1021 597 ταῦτα
1066 545 1173 613 ἔχει
1217 548 1387 596 πᾶσαν
1430 546 1691 611 κακότητα·
1744 550 1804 598 τὰ

88 659 109 699 5
134 634 226 698 μὲν
249 632 344 699 γὰρ
366 631 485 698 ὕβρι
518 629 841 695 κεκορημένος
872 629 1001 696 ἔρδει
1033 630 1201 681 πολλὰ
1234 629 1312 680 καὶ
1345 628 1625 689 ἀτάσθαλα,
1659 634 1719 683 τὰ
1751 635 1804 683 δὲ

135 716 323 785 φθόνῳ.
393 716 550 766 καίτοι
575 713 727 780 ἄνδρα
746 735 803 781 γε
827 715 1068 780 τύραννον
1087 712 1312 780 ἄφθονον
1334 714 1432 766 ἔδει
1457 714 1598 773 εἶναι,
1623 716 1804 783 ἔχοντά

134 822 194 868 γε
213 799 376 852 πάντα
396 801 456 850 τὰ
480 797 658 866 ἀγαθά·
697 797 753 849 τὸ
778 800 831 850 δὲ
853 799 1150 851 ὑπεναντίον
1168 798 1342 850 τούτου
1361 800 1412 852 ἐς
1430 791 1542 852 τοὺς
1565 798 1804 864 πολιήτας

134 886 342 952 πέφυκε·
386 883 588 952 φθονέει
609 885 703 950 γὰρ
723 887 856 934 τοῖσι
877 883 1131 949 ἀρίστοισι
1150 884 1410 949 περιεοῦσί
1426 904 1479 934 τε
1505 884 1583 935 καὶ
1606 884 1800 947 ζώουσι,

133 970 296 1038 χαίρει
327 971 379 1021 δὲ
409 973 544 1020 τοῖσι
582 968 864 1019 κακίστοισι
894 972 991 1019 τῶν
1022 968 1206 1026 ἀστῶν,
1241 970 1485 1032 διαβολὰς
1515 971 1566 1019 δὲ
1599 968 1803 1036 ἄριστος

63 1079 112 1108 10
134 1052 438 1106 ἐνδέκεσθαι.
528 1053 966 1119 ἀναρμοστότατον
1002 1054 1055 1104 δὲ
1094 1050 1309 1105 πάντων·
1354 1051 1416 1117 ἥν
1445 1073 1499 1104 τε
1529 1055 1623 1120 γὰρ
1654 1053 1803 1106 αὐτὸν

132 1139 340 1205 μετρίως
376 1135 618 1208 θωμάζῃς,
652 1135 858 1205 ἄχθεται
895 1138 971 1188 ὅτι
1008 1136 1065 1188 οὐ
1098 1136 1251 1203 κάρτα
1288 1137 1625 1203 θεραπεύεται,
1658 1137 1719 1203 ἥν
1749 1160 1803 1190 τε

133 1222 376 1294 θεραπεύῃ
407 1243 481 1276 τις
514 1220 680 1288 κάρτα,
715 1219 922 1290 ἄχθεται
957 1220 1044 1273 ἅτε
1081 1222 1222 1274 θωπί.
1312 1222 1371 1272 τὰ
1408 1224 1461 1273 δὲ
1498 1221 1555 1286 δὴ
1586 1221 1803 1290 μέγιστα

133 1305 340 1375 ἔρχομαι
371 1305 538 1373 ἐρέων·
586 1304 765 1371 νόμαιά
795 1326 849 1357 τε
880 1304 1028 1357 κινέει
1051 1304 1231 1371 πάτρια
1263 1307 1341 1358 καὶ
1371 1309 1544 1371 βιᾶται
1568 1312 1802 1374 γυναῖκας

135 1392 315 1444 κτείνει
352 1412 406 1443 τε
442 1392 684 1457 ἀκρίτους.
774 1393 966 1455 πλῆθος
1002 1392 1055 1442 δὲ
1091 1388 1248 1458 ἄρχον
1284 1395 1454 1458 πρῶτα
1488 1393 1580 1456 μὲν
1616 1392 1802 1458 οὕνομα

63 1501 108 1541 15
133 1473 334 1528 πάντων
365 1474 640 1527 κάλλιστον
671 1474 793 1543 ἔχει,
822 1475 1098 1540 ἰσονομίην,
1126 1475 1329 1543 δεύτερα
1359 1477 1413 1527 δὲ
1444 1475 1630 1528 τούτων
1653 1481 1751 1529 τῶν
1776 1478 1802 1527 ὁ

132 1559 410 1628 μούναρχος
442 1558 600 1613 ποιέει
638 1559 795 1611 οὐδέν·
842 1557 987 1629 πάλῳ
1023 1561 1113 1624 μὲν
1144 1560 1302 1627 ἀρχὰς
1338 1558 1497 1628 ἄρχει,
1530 1560 1803 1614 ὑπεύθυνον

111 1647 187 1697 δὲ
218 1644 378 1713 ἀρχὴν
402 1644 524 1713 ἔχει,
557 1644 880 1710 βουλεύματα
911 1646 964 1696 δὲ
994 1643 1156 1696 πάντα
1187 1646 1238 1698 ἐς
1268 1644 1324 1696 τὸ
1356 1643 1521 1696 κοινὸν
1545 1645 1801 1713 ἀναφέρει.

132 1730 326 1795 τίθεμαι
363 1726 430 1781 ῶν
469 1729 672 1797 γνώμην
707 1727 945 1794 μετέντας
980 1727 1134 1794 ἡμέας
1174 1730 1478 1797 μουναρχίην
1514 1729 1570 1781 τὸ
1611 1733 1804 1795 πλῆθος

133 1810 315 1877 ἀέξειν·
362 1815 415 1867 ἐν
446 1815 540 1881 γὰρ
578 1819 645 1883 τῷ
684 1818 858 1883 πολλῷ
896 1812 970 1865 ἔνι
1005 1814 1067 1865 τὰ
1103 1812 1281 1866 πάντα.
1370 1813 1585 1879 Ὀτάνης
1622 1817 1714 1880 μὲν
1743 1815 1802 1879 δὴ

59 1923 109 1952 20
132 1898 314 1963 ταύτην
349 1898 550 1966 γνώμην
589 1895 818 1966 ἐσέφερε,
858 1896 1160 1965 Μεγάβυζος
1200 1900 1253 1950 δὲ
1293 1899 1560 1970 ὀλιγαρχίῃ
1605 1898 1802 1952 ἐκέλευε

133 1982 437 2050 ἐπιτράπειν,
485 1982 648 2050 λέγων
692 1981 825 2034 τάδε·
871 1983 948 2033 Τὰ
991 1984 1084 2048 μὲν
1127 1981 1344 2048 Ὀτάνης
1388 1983 1496 2036 εἶπε
1539 1985 1802 2050 τυραννίδα

132 2068 319 2127 παύων,
360 2066 590 2136 λελέχθω
637 2068 781 2133 κάμοὶ
821 2071 990 2126 ταῦτα,
1033 2069 1094 2118 τὰ
1138 2066 1180 2118 δ’
1223 2068 1274 2121 ἐς
1312 2067 1368 2118 τὸ
1410 2070 1600 2132 πλῆθος
1641 2067 1802 2135 ἄνωγε

133 2151 304 2219 φέρειν
348 2151 404 2204 τὸ
451 2150 644 2219 κράτος,
690 2153 892 2219 γνώμης
934 2154 1022 2215 τῆς
1067 2151 1272 2216 ἀρίστης
1316 2151 1579 2218 ἡμάρτηκε·
1627 2153 1801 2218 ὁμίλου

134 2238 228 2303 γὰρ
268 2238 476 2305 ἀχρηίου
521 2235 663 2288 οὐδέν
708 2239 818 2288 ἐστι
865 2234 1227 2303 ἀξυνετώτερον
1271 2237 1382 2288 οὐδὲ
1426 2238 1801 2304 ὑβριστότερον.

61 2345 105 2385 ²5
136 2322 292 2372 καίτοι
314 2319 549 2388 τυράννου
572 2322 719 2388 ὕβριν
745 2321 1023 2388 φεύγοντας
1047 2319 1227 2387 ἄνδρας
1258 2324 1309 2375 ἐς
1339 2319 1493 2386 δήμου
1518 2321 1801 2374 ἀκολάστου

133 2406 282 2472 ὕβριν
322 2410 497 2458 πεσεῖν
535 2405 645 2458 ἐστὶ
686 2405 908 2470 οὐδαμῶς
951 2405 1250 2472 ἀνασχετόν.
1342 2406 1368 2455 ὁ
1407 2408 1499 2470 μὲν
1538 2409 1633 2473 γὰρ
1673 2408 1720 2459 εἴ
1754 2429 1802 2458 τι

189 2555 206 2581 1
238 2544 316 2594 τὴν
336 2545 467 2598 ἀρχὴν
489 2543 528 2582 R
544 2543 573 2583 S
587 2543 626 2582 V
647 2543 766 2584 Stob.
790 2544 878 2582 ssor.
903 2557 969 2594 49,
996 2556 1073 2594 29:
1104 2557 1186 2582 om.
1208 2544 1297 2584 rell.
1439 2544 1473 2583 ἔ
1495 2545 1641 2593 στήσει
1664 2545 1704 2583 R
1719 2545 1748 2584 S
1764 2547 1801 2584 V

131 2611 156 2648 3
197 2600 270 2640 ὑπὸ
292 2628 301 2637 .
327 2628 337 2638 .
362 2628 372 2638 .
397 2601 487 2653 ὕβρι
510 2599 573 2650 (5)
604 2612 685 2637 orn.
723 2598 859 2637 RSV
1066 2601 1094 2637 6
1130 2615 1180 2651 ’γε
1212 2605 1310 2638 ante
1341 2600 1463 2652 ἄνδρα
1494 2598 1603 2638 SV:
1641 2611 1724 2639 om.
1760 2601 1799 2639 R

133 2666 155 2704 7
185 2654 238 2695 τὰ
257 2667 338 2694 om.
365 2653 399 2692 C
508 2653 638 2694 τούτω
663 2654 700 2692 R
719 2653 800 2693 SV
925 2655 950 2692 8
981 2658 1118 2706 φθονει
1141 2653 1174 2692 C
1303 2667 1330 2705 9
1361 2655 1523 2708 ἄριστος
1545 2653 1604 2692 S:
1635 2655 1801 2708 ἄριστον

133 2708 222 2748 rell.
248 2708 370 2749 Stob.
557 2722 602 2747 11
636 2713 752 2760 θωυμ.
777 2708 810 2747 C
827 2708 884 2749 P:
919 2707 1108 2759 θωμάζεις
1132 2708 1222 2746 RV
1391 2721 1438 2746 12
1469 2708 1640 2750 θωπείαν
1659 2709 1749 2749 ΑΒ
1766 2710 1800 2748 C

135 2775 183 2812 13
214 2766 317 2804 κινεῖ
335 2763 369 2802 L
391 2763 509 2803 Stob.
656 2776 704 2813 14
735 2764 907 2805 κτείνειν
930 2763 963 2801 C
1113 2775 1161 2812 15
1193 2762 1237 2804 δὲ
1259 2777 1340 2803 om.
1368 2763 1407 2802 R
1424 2764 1452 2802 S
1468 2763 1505 2802 V
1648 2766 1698 2803 16
1724 2764 1800 2815 μὲν

129 2819 210 2872 ’γὰρ
231 2818 307 2857 PS
322 2818 382 2858 V:
410 2819 490 2872 γὰρ
511 2819 607 2859 add.
633 2817 690 2857 Rl
777 2818 913 2872 ἄρχει]
937 2818 1024 2869 ἔχει
1046 2817 1079 2856 Ρ
1194 2831 1241 2868 17
1270 2819 1318 2858 τὸ
1339 2830 1422 2857 om.
1444 2818 1478 2857 C
1594 2820 1642 2857 18
1662 2819 1799 2869 μεθέν-

130 2889 204 2914 τας
223 2872 263 2911 Α
278 2873 313 2912 Β
336 2873 454 2913 Stob.
657 2886 711 2912 20
740 2873 895 2922 ταύτην
915 2874 993 2922 τὴν
1016 2872 1054 2910 R
1071 2872 1100 2911 S
1116 2873 1153 2911 V
1351 2886 1404 2912 22
1435 2875 1566 2923 καιμοὶ
1587 2873 1626 2911 Α
1643 2874 1678 2912 Β
1696 2888 1704 2913 :
1735 2876 1798 2915 καὶ

132 2928 219 2978 ἐμοὶ
261 2927 301 2966 R
322 2928 360 2967 V
507 2928 656 2980 ταῦτα]
697 2927 795 2970 τάδε
836 2928 869 2966 C
1018 2929 1149 2980 ἄνωγε
1188 2927 1367 2969 κελεύων
1409 2928 1448 2967 R
1471 2929 1501 2967 S
1521 2929 1559 2968 V
1577 2943 1586 2968 :
1635 2929 1801 2980 ἆνῶγων

136 2981 407 3023 Herwerden
520 2997 572 3032 24
603 2986 702 3034 ἐξυν.
724 2983 758 3022 C
775 2983 813 3021 R
829 2983 896 3022 V:
927 2983 1039 3023 ἀσυν.
1067 2983 1253 3022 Dindorf
1357 2985 1699 3038 ὑβριστικώτερον
1720 2983 1753 3022 C
1767 2983 1802 3022 P

133 3048 185 3090 25
216 3037 366 3094 καίτοι]
393 3039 455 3079 καὶ
479 3037 514 3076 Α
532 3038 613 3079 BC
631 3038 664 3079 P
774 3037 971 3095 φέροντας
995 3037 1028 3078 Ρ
1193 3040 1246 3079 26
1275 3037 1439 3081 πεσέειν
1462 3039 1493 3077 L

1564 3095 1635 3137 18*

1851 160 1941 208 III.
1970 160 2039 209 80

1840 1907 1897 1956 81
