2098 3320
72 71 158 121 IV.
190 46 280 120 1‘82
941 71 1371 121 HPOAOTOT

190 205 281 264 183
321 204 366 253 οἱ
400 200 712 267 Νασαμῶνες
737 201 1061 270 ὀπωριεῦντες
1091 202 1205 258 τοὺς
1237 203 1466 270 φοίνικας
1491 204 1721 271 φοιτῶσι.
1811 198 1909 256 ἀπὸ
1932 205 1986 256 δὲ

322 286 553 353 Αὐγίλων
612 288 693 338 διὰ
751 285 869 338 δέκα
925 286 1148 354 ἡμερέων
1207 285 1405 340 ἀλλέων
1464 289 1578 338 ὁδοῦ
1635 287 1800 354 ἕτερος
1865 287 1985 342 ἁλὸς

323 370 541 424 κολωνὸς
587 370 667 422 καὶ
709 372 838 438 ὕδωρ
883 372 963 424 καὶ
1005 373 1229 439 φοίνικες
1270 373 1580 440 καρποφόροι
1620 372 1818 430 πολλοί,
1862 370 1986 440 κατά

322 477 413 522 περ
451 454 529 506 καὶ
566 457 619 507 ἐν
654 460 788 527 τοῖσι
828 454 1058 523 ἑτέροισι·
1109 455 1187 507 καὶ
1222 455 1475 523 ἄνθρωποι
1511 453 1729 508 οἰκέουσι
1765 458 1820 507 ἐν
1855 455 1985 526 αὐτῷ

321 543 452 590 τοῖσι
484 539 671 605 οὔνομα
701 537 1020 608 Γαράμαντές
1059 542 1185 599 ἐστι,
1219 540 1360 594 ἔθνος
1388 538 1518 608 μέγα
1555 542 1787 609 ἰσχυρῶς,
1821 539 1867 592 οἳ
1905 540 1986 593 ἐπὶ
2009 562 2032 604 5

0 668 62 709 αἱ
138 670 160 707 Η
258 646 282 675 2
321 624 406 675 τὸν
437 623 536 675 ἅλα
566 627 660 690 γῆν
693 622 1048 693 ἐπιφορέοντες
1083 625 1207 676 οὕτω
1240 626 1518 692 σπείρουσι.
1606 623 1986 692 συντομώτατρν

328 708 362 726 λ)

0 713 199 765 mua-<Ca
322 723 346 759 ο
394 709 504 760 ἐστὶ
545 711 594 761 ἐς
629 708 742 762 τοὺς
773 708 1129 777 Λωτοφάγους,
1166 711 1219 761 ἐκ
1255 708 1646 776 τῶνγτριήκοντα
1667 703 1905 776 ’ἡμερέων
1934 710 1986 762 ἐς

322 792 496 846 αὐτοὺς
527 794 639 847 ὁδός
669 794 796 853 ἐστι,
823 795 876 846 ἐν
899 799 1034 846 τοῖσι
1065 794 1143 846 καὶ
1168 796 1214 846 οἱ
1245 795 1572 860 ὀπισθονόμοι
1602 794 1725 859 βόες
1747 794 1984 860 γίνονται.

322 878 650 942 ὀπισθονόμοι
687 880 740 930 δὲ
781 879 861 930 διὰ
901 878 1015 930 τόδε
1059 879 1175 930 εἰσί·
1235 880 1296 929 τὰ
1338 875 1480 944 κέρεα
1520 878 1698 946 ἔχουσι
1739 877 1987 944 κεκυφότα

259 983 283 1026 3
324 964 373 1015 ἐς
404 961 460 1013 τὸ
492 962 759 1028 ἔμπροσθε.
849 963 928 1014 διὰ
964 967 1106 1014 τοῦτο
1138 963 1302 1015 ὀπίσω
1340 959 1709 1031 ἀναχωρέοντες
1739 958 1984 1027 νέμονται·
2013 983 2062 1014 10

324 1048 373 1099 ἐς
413 1047 508 1112 γὰρ
550 1045 605 1096 τὸ
646 1046 897 1114 ἔμπροσθε
938 1046 1024 1101 οὐκ
1063 1047 1164 1099 οἷοί
1200 1043 1255 1098 τέ
1297 1049 1396 1100 εἶσι
1437 1046 1896 1114 προεμβαλλόντων
1936 1047 1987 1100 ἐς

322 1129 412 1194 τὴν
443 1133 537 1197 γῆν
568 1136 665 1182 τῶν
698 1127 893 1198 κερέων.
968 1130 1099 1183 ἄλλο
1123 1133 1176 1183 δὲ
1200 1130 1342 1184 οὐδὲν
1366 1128 1658 1198 διαφέρουσι
1688 1135 1784 1182 τῶν
1814 1129 1988 1182 ἄλλων

0 1248 115 1297 m,
198 1246 262 1289 n-
294 1219 460 1303 3βοῶν
491 1215 568 1265 ὅτι
597 1214 662 1279 μὴ
693 1220 838 1267 τοῦτο
864 1215 941 1267 καὶ
971 1214 1028 1267 τὸ
1051 1212 1204 1283 δέρμα
1234 1216 1284 1269 ἐς
1315 1214 1573 1283 παχύτητά
1601 1236 1655 1268 τε
1688 1214 1766 1266 καὶ
1795 1218 1984 1282 τρῖψιν.
2003 1217 2098 1268 Μ

256 1319 283 1361 4
323 1301 367 1350 οἱ
390 1298 707 1364 Γαράμαντες
727 1299 784 1364 δὴ
805 1299 940 1351 οὗτοι
959 1299 1073 1353 τοὺς
1096 1299 1442 1366 τρωγλοδύτας
1463 1300 1705 1354 Αἰθίοπας
1725 1298 1986 1366 θηρεύουσι

324 1388 459 1435 τοῖσι
510 1384 842 1450 τεθρίπποισι·
911 1386 956 1436 οἱ
1008 1385 1102 1451 γὰρ
1154 1383 1491 1451 τρωγλοδύται
1545 1384 1780 1437 Αἰθίοπες
1830 1382 1986 1436 πόδας
2012 1407 2060 1448 15

324 1466 557 1535 τάχιστοι
584 1468 884 1534 ,ἀνθρώπων
937 1467 1136 1521 πάντων
1181 1468 1282 1520 εἰσὶ
1327 1472 1423 1520 τῶν
1465 1467 1606 1533 ἡμεῖς
1650 1465 1760 1534 πέρι
1804 1466 1985 1534 λόγους
2079 1458 2098 1463 -

2 1552 159 1613 “qu
173 1535 282 1584 θ’*
300 1568 310 1577 ’
325 1550 730 1618 ἀποφερομένους
753 1552 1009 1618 ἀκούομεν.
1083 1549 1335 1604 σιτέονται
1367 1554 1420 1604 δὲ
1444 1554 1490 1604 οἱ
1509 1551 1846 1618 τρωγλοδύται
1868 1552 1986 1617 ὄφις

328 1637 405 1688 καὶ
436 1636 625 1702 σαύρας
658 1637 737 1689 καὶ
767 1638 829 1687 τὰ
859 1642 1060 1688 τοιαῦτα
1089 1641 1188 1689 τῶν
1213 1639 1448 1704 ἑρπετῶν·
1495 1641 1741 1702 γλῶσσαν
1770 1637 1822 1687 δὲ
1846 1633 1983 1686 οὐδε-

325 1728 412 1793 μιῇ
445 1720 579 1792 ἄλλῃ
615 1722 891 1788 παρομοίην
928 1722 1232 1786 νενομίκασι,
1267 1721 1401 1773 ἀλλὰ
1436 1722 1693 1788 τετρίγασι
1737 1718 1858 1771 κατά
1893 1739 1985 1785 περ

198 1813 287 1871 184
327 1807 376 1856 αἱ
401 1807 690 1871 νυκτερίδες.
765 1805 862 1858 ἀπὸ
886 1808 938 1857 δὲ
963 1803 1296 1872 Γαραμάντων
1321 1805 1379 1857 δι’
1404 1802 1601 1858 ἀλλέων
1626 1802 1744 1856 δέκα
1765 1799 1986 1870 ἡμερέων
2014 1827 2066 1855 20

5 1924 10 1957 ¹.
328 1890 440 1941 ὁδοῦ
471 1888 626 1942 ἄλλος
657 1891 778 1944 ἁλός
814 1911 868 1942 τε
910 1889 1125 1944 κολωνὸς
1168 1890 1246 1941 καὶ
1286 1892 1430 1957 ὕδωρ,
1466 1889 1543 1941 καὶ
1586 1888 1834 1956 ἄνθρωποι
1875 1886 1987 1954 περὶ

327 1973 475 2025 αὐτὸν
512 1971 732 2026 οἰκέουσι
770 1978 905 2026 τοῖσι
945 1973 1130 2039 οὔνομά
1171 1976 1280 2027 ἐστι
1310 1973 1621 2041 Ἀτάραντες,
1657 1973 1702 2024 οἳ
1743 1970 1993 2036 ἀνώνυμοί

0 2109 5 2128 Ι
328 2059 426 2109 εἰσι
456 2062 627 2122 μοῦνοι
659 2058 930 2125 ἀνθρώπων
962 2063 1062 2111 τῶν
1090 2058 1230 2124 ἡμεῖς
1260 2060 1414 2124 ἴδμεν·
1461 2054 1611 2110 ἁλέσι
1644 2059 1736 2122 μὲν
1765 2055 1860 2122 γάρ
1891 2053 1993 2122 σφί

327 2144 439 2193 ἐστι
470 2141 767 2209 Ἀτάραντες
798 2143 998 2209 οὔνομα,
1032 2142 1105 2195 ἑνὶ
1138 2145 1191 2195 δὲ
1223 2141 1415 2213 ἑκάστῳ
1441 2142 1601 2194 αὐτῶν
1633 2141 1818 2206 οὕνομα
1847 2139 1989 2191 οὐδὲν

12 2223 290 2335 ,ζῖῗὲυςῃ
330 2232 499 2277 κεῖται.
589 2227 724 2278 οὗτοι
753 2228 819 2297 τῶ
851 2228 977 2297 ἡλίῳ
1007 2226 1384 2298 ὑπερβάλλοντι
1415 2231 1717 2292 καταρῶνται
1755 2225 1833 2276 καὶ
1869 2222 1988 2290 πρὸς
2016 2246 2062 2288 25

181 2301 189 2310 ’
330 2310 549 2362 τούτοισι
595 2310 756 2363 πάντα
796 2314 855 2362 τὰ
895 2313 1085 2379 αἰσχρὰ
1126 2308 1476 2377 λοιδορέονται,
1516 2311 1592 2362 ὅτι
1633 2306 1798 2376 σφέας
1841 2308 1995 2360 καίων-

385 2458 409 2484 2
450 2445 658 2497 Αὐγιλέων
692 2446 727 2485 R
747 2448 777 2487 S
790 2447 829 2486 V
994 2449 1133 2490 ἄλλων
1165 2446 1202 2484 R
1219 2446 1249 2486 S
1262 2445 1301 2483 V
1466 2448 1563 2489 ἅλος
1595 2445 1633 2485 R
1652 2459 1661 2484 :
1696 2446 1822 2487 ἄλλος
1851 2444 1891 2484 Α
1905 2445 1939 2483 Β
1954 2445 1988 2484 C

330 2514 354 2550 5
387 2501 610 2554 Γαράβαντ.
646 2501 685 2542 R
701 2502 731 2541 S
746 2502 784 2541 V
815 2503 882 2552 (it.
919 2515 980 2552 14,
1014 2505 1085 2545 20)
1272 2503 1299 2539 6
1338 2501 1616 2554 ἐπιφερέοντες
1649 2500 1686 2539 R
1882 2512 1910 2549 9
1936 2500 1990 2540 τὰ

331 2569 411 2595 om.
441 2556 480 2593 R
681 2570 730 2595 10
761 2557 985 2609 ἔμπροσθεν
1007 2557 1041 2596 Ρ
1057 2557 1095 2595 R
1109 2556 1148 2595 V
1296 2557 1360 2597 διὰ
1374 2587 1383 2596 .
1403 2587 1411 2596 .
1433 2587 1441 2595 .
1457 2556 1654 2610 ἔμπροσθε
1678 2554 1758 2606 <-εν
1776 2553 1816 2592 Α
1831 2553 1866 2592 Β
1883 2553 1988 2606 PR>

331 2623 412 2648 om.
437 2611 467 2650 S
481 2611 519 2649 V
655 2611 700 2652 δὲ
722 2612 849 2652 ὀπίσω
872 2610 1214 2665 ἐξαναχωρέοντες
1237 2611 1277 2648 R
1486 2623 1500 2648 1
1514 2623 1529 2648 1
1563 2608 1907 2664 προεμβαλόντων
1926 2608 1959 2647 C
1980 2622 1990 2647 τ

332 2665 691 2717 προεμβαλλόντες
729 2666 827 2706 SV.
1047 2679 1095 2704 12
1137 2667 1214 2714 τὴν
1254 2679 1337 2706 orn.
1377 2665 1514 2704 RSV
1736 2676 1784 2712 14
1825 2661 1870 2704 δὲ
1898 2662 1992 2702 vCP

331 2724 500 2771 τρωγοδ.
528 2733 699 2771 semper
718 2721 758 2760 A
772 2720 806 2759 B
822 2721 855 2760 C
1032 2720 1237 2773 θηρεύουσι
1256 2749 1264 2759 .
1284 2750 1292 2759 .
1311 2749 1320 2759 .
1342 2718 1546 2770 Αἰθίοπες]
1566 2717 1854 2770 γειτονεύουσι,
1879 2719 1916 2758 οἱ
1935 2716 1990 2756 S:

333 2787 415 2814 om.
438 2774 477 2813 V
638 2777 689 2814 16
717 2775 805 2829 πέρι
829 2789 909 2815 om.
936 2774 975 2813 R
992 2774 1072 2815 SV
1243 2787 1290 2824 17
1323 2774 1432 2826 ὄφεις
1455 2774 1494 2812 R
1513 2774 1541 2813 S
1557 2773 1596 2812 V
1763 2773 1813 2811 18
1843 2771 1992 2826 σαύρας

335 2827 468 2867 RSV
490 2828 608 2870 Eust.
636 2828 758 2869 Dion.
789 2832 892 2871 180:
926 2830 1092 2882 σαύρους
1114 2829 1203 2878 rell,
1394 2841 1444 2880 19
1472 2827 1682 2882 παροιμίην
1704 2827 1763 2866 C:
1794 2827 1991 2880 παρομοίη
2060 2873 2073 2880 ⁸

335 2882 371 2919 R
389 2884 425 2921 V
536 2884 758 2937 τετρύγασι
780 2884 811 2923 S
961 2898 1014 2924 20
1045 2901 1154 2925 νεκτ.
1180 2883 1218 2921 R
1331 2883 1463 2925 ἆλέων
1480 2883 1519 2920 V
1669 2895 1720 2920 22
1749 2881 1992 2935 Ἀτάραντες

335 2938 566 2978 Salmasius
587 2954 595 2978 :
618 2939 846 2982 ’Ἀτλαντες
871 2939 901 2977 L
923 2939 984 2991 (it.
1009 2942 1081 2989 24)
1266 2951 1320 2989 23
1349 2937 1468 2979 ἁλέσι
1492 2938 1531 2976 R
1720 2948 1772 2986 25
1802 2935 1936 2977 κέεται
1957 2933 1992 2973 L

334 2994 386 3031 26
417 2995 547 3046 ἐσχρόι
570 2994 604 3032 Β
621 2994 659 3032 R
773 2998 1049 3046 λοιδοροῦνται
1074 2995 1111 3033 R
1129 2995 1158 3034 S
1171 2994 1211 3034 V
