2098 3320
48 49 141 99 III.
167 52 247 99 118

169 188 248 236 118

0 403 259 459 Uva-quasd'

0 463 230 492 um.

156 1295 240 1343 119

10 1937 193 2010 δέσμ’
211 1978 236 2021 3

914 52 1344 100 HPOAOTOT

374 184 488 232 Τῶν
546 183 599 233 δὲ
659 186 725 251 τῷ
785 182 928 252 μάγῳ
990 181 1378 235 ἐπαναστάντων
1437 185 1560 236 ἑπτὰ
1618 184 1808 251 ἀνδρῶν
1867 185 1954 238 ἕνα

289 259 482 332 [αὐτῶν]
529 264 858 333 Ἰνταφρένεα
905 265 1157 332 κατέλαβε
1199 268 1483 334 ὑβρίσαντα
1522 266 1642 320 τάδε
1679 268 1954 332 ,ἀποθανεῖν

288 348 461 400 αὐτίκα
517 352 641 415 μετὰ
698 349 788 414 τὴν
849 349 1211 403 ἐπανάστασιν·
1277 351 1430 417 ἤθελε
1486 352 1537 405 ἐς
1592 353 1654 404 τὰ
1704 351 1954 417 βασιλήια

289 434 514 485 ἐσελθὼν
537 434 947 503 χρημαζι-ίσασθαι
978 441 1044 506 τῷ
1068 435 1294 501 βασιλέϊ·
1343 435 1421 487 καὶ
1444 437 1539 503 γὰρ
1561 435 1619 501 δὴ
1650 436 1729 488 καὶ
1754 436 1780 487 ὁ
1802 437 1952 502 νόμος

286 518 411 569 οὕτω
454 517 574 586 εἶχε,
618 523 751 571 τοῖσι
793 521 1110 579 ἐπαναστᾶσι
1150 525 1218 590 τῷ
1258 519 1400 590 μάγῳ
1443 520 1622 572 ἔσοδον
1663 519 1789 572 εἶναι
1823 523 1952 588 παρὰ
1975 539 1998 580 5

284 601 508 667 βασιλέα
537 601 653 655 ἄνευ
689 603 924 670 ἀγγέλου,
958 599 1019 668 ἢν
1054 603 1120 669 μὴ
1158 605 1351 671 γυναικὶ
1387 603 1609 676 τυγχάνῃ
1648 605 1951 671 μισγόμενος

283 686 547 751 βασιλεύς.
633 687 719 738 οὐκ
768 685 835 740 ὧν
884 687 941 752 δὴ
988 689 1014 739 ὁ
1059 687 1384 756 Ἰνταφρένης
1427 689 1640 741 ἐδικαίου
1684 687 1859 741 οὐδένα
1903 692 1950 742 οἱ

284 772 594 838 ἐσαγγεῖλαι,
643 771 758 824 ἀλλ’
803 773 879 824 ὅτι
931 772 991 838 ἣν
1034 777 1133 825 τῶν
1179 772 1318 833 ἑπτά,
1367 771 1557 825 ἐσιέναι
1599 771 1765 837 ἤθελε·
1824 774 1851 824 ὁ
1895 776 1949 827 δὲ

282 855 526 922 πυλουρὸς
573 856 651 907 καὶ
696 858 722 906 ὁ
767 858 1139 925 ἀγγελιηφόρος
1187 857 1243 908 οὗ
1288 858 1556 924 περιώρων,
1604 856 1820 923 φάμενοι
1861 857 1949 910 τὸν

282 939 506 1004 βασιλέα
524 941 718 1007 γυναικὶ
740 943 1031 1008 μίσγεσθαι.
1099 943 1125 992 ὁ
1150 944 1201 994 δὲ
1228 941 1552 1009 Ἰνταφρένης
1577 940 1760 994 δοκέων
1784 941 1949 1010 σφέας
1975 960 2025 990 10

281 1020 472 1090 ψεύδεα
523 1023 693 1091 λέγειν
745 1025 903 1078 ποιέει
952 1025 1133 1079 τοιάδε
1201 1025 1527 1090 σπασάμενος
1579 1025 1666 1077 τὸν
1713 1025 1947 1079 ἀκινάκεα

281 1108 554 1173 ἀποτάμνει
583 1108 742 1161 αὐτῶν
774 1109 833 1161 τά
864 1131 918 1162 τε
949 1109 1049 1162 ὦτα
1081 1111 1159 1162 καὶ
1191 1113 1279 1164 τὰς
1306 1111 1461 1176 ῥῖνας,
1498 1110 1577 1161 καὶ
1608 1110 1805 1177 ἀνείρας
1834 1112 1946 1176 περὶ

281 1196 366 1244 τὸν
398 1192 608 1262 χαλινὸν
638 1198 725 1244 τοῦ
756 1195 907 1246 ἵππου
939 1195 1050 1261 περὶ
1083 1194 1196 1248 τοὺς
1228 1193 1441 1263 αὐχένας
1473 1193 1649 1262 σφέων
1686 1193 1834 1259 ἔδησε
1867 1195 1946 1247 καὶ

281 1277 454 1342 ἀπῆκε.
530 1279 577 1329 οἱ
608 1281 660 1330 δὲ
691 1282 757 1347 τῷ
781 1277 994 1343 βασιλέϊ
1016 1279 1294 1349 δεικνύουσι
1321 1278 1530 1332 ἑωυτοὺς
1561 1278 1641 1330 καὶ
1671 1277 1761 1342 τὴν
1784 1280 1946 1344 αἰτίην

281 1361 422 1414 εἶπον
468 1361 528 1413 δι’
567 1360 630 1426 ἢν
675 1363 980 1416 πεπονθότες
1025 1365 1216 1427 εἴησαν.
1303 1367 1521 1429 ΔΔαρεῖος
1560 1365 1614 1415 δὲ
1654 1361 1945 1430 ἀρρωδήσας
1972 1380 2019 1421 15

279 1445 345 1511 μὴ
368 1451 512 1517 κοινῷ
532 1447 668 1517 λόγῳ
687 1449 733 1498 οἱ
755 1446 813 1511 ἓξ
829 1448 1151 1514 πεποιηκότες
1171 1448 1293 1499 ἔωσι
1315 1451 1482 1506 ταῦτα,
1505 1448 1945 1513 μεταπεμπόμενος

280 1530 369 1582 ἕνα
416 1531 629 1583 ἕκαστον
677 1532 978 1598 ἀπεπειρᾶτο
1023 1531 1239 1599 γνώμης,
1295 1533 1338 1583 εἰ
1391 1530 1684 1584 συνέπαινοί
1730 1533 1831 1584 εἰσι
1880 1532 1947 1602 τῷ

280 1614 612 1686 πεποιημένῳ.
699 1617 862 1670 ἐπείτε
906 1619 959 1669 δὲ
1003 1615 1212 1682 ἐξέμαθε
1259 1616 1324 1669 ὡς
1369 1615 1425 1667 οὐ
1473 1615 1567 1668 σὺν
1614 1616 1824 1668 κείνοισι
1868 1618 1940 1681 εἴη

279 1704 432 1770 ταῦτα
461 1701 755 1765 πεποιηκώς,
791 1699 951 1767 ἔλαβε
981 1701 1130 1753 αὐτόν
1159 1722 1212 1753 τε
1243 1704 1328 1752 τὸν
1359 1699 1679 1768 Ἰνταφρένεα
1716 1700 1795 1752 καὶ
1830 1699 1943 1754 τοὺς

279 1787 455 1839 παῖδας
501 1783 650 1837 αὐτοῦ
697 1786 774 1838 καὶ
819 1785 934 1839 τοὺς
980 1787 1195 1850 οἰκηίους
1243 1783 1446 1843 πάντας,
1495 1786 1702 1838 ἐλπίδας
1748 1785 1942 1838 πολλᾶς
1967 1801 2018 1830 20

278 1869 409 1937 ἔχων
438 1871 563 1934 μετὰ
593 1874 693 1922 τῶν
718 1869 1005 1937 συγγενέων
1027 1891 1112 1935 μιν
1136 1860 1483 1935 ἐπιβουλεύειν
1507 1871 1552 1922 οἱ
1577 1867 1938 1929 ἐπανάστασιν,

278 1954 555 2019 συλλαβὼν
586 1953 641 2006 δέ
672 1960 843 2021 σφεας
866 1953 1018 2019 ἔδησε
1047 1953 1138 2018 τὴν
1168 1953 1250 2006 ἐπὶ
1281 1953 1492 2024 θανάτῳ.
1565 1953 1596 2019 ἡ
1621 1956 1674 2006 δὲ
1703 1953 1824 2021 γυνὴ
1854 1957 1941 2005 τοῦ

275 2036 622 2105 Ἰνταφρένεος
652 2043 884 2105 φοιτῶσα
907 2039 989 2091 ἐπὶ
1019 2040 1107 2092 τὰς
1137 2038 1285 2105 θύρας
1314 2042 1400 2089 τοῦ
1429 2036 1677 2103 βασιλέος
1708 2038 1942 2090 κλαίεσκε

275 2119 337 2173 ἂν
370 2122 449 2173 καὶ
472 2121 785 2189 ὀδυρέσκετο·
831 2127 1039 2175 ποιεῦσα
1063 2125 1115 2175 δὲ
1141 2123 1237 2175 αἰεὶ
1267 2122 1424 2174 τώυτὸ
1444 2126 1589 2187 τοῦτο
1613 2121 1699 2174 τὸν
1726 2126 1939 2189 Δαρεῖον

276 2205 447 2258 ἔπεισε
488 2207 703 2273 οἰκτΐραί
737 2228 837 2272 μιν,
882 2206 1088 2274 πέμψας
1127 2210 1180 2259 δὲ
1223 2206 1443 2273 ἄγγελον
1487 2206 1634 2273 ἔλεγε
1677 2205 1810 2259 τάδε·
1865 2205 1939 2257 9Ω.
1964 2221 2052 2262 25·

276 2290 435 2356 γύναι,
458 2290 708 2356 βασιλεύς
733 2312 810 2343 τοι
836 2295 1049 2358 Δαρεῖος
1072 2294 1202 2343 διδοῖ
1222 2291 1310 2343 ἕνα
1329 2296 1429 2342 τῶν
1449 2289 1720 2356 δεδεμένων
1740 2290 1939 2355 οἰκηίων

274 2373 525 2440 ῥύσασθαι
575 2379 661 2427 τὸν
714 2375 928 2440 βούλεαι
980 2377 1031 2426 ἐκ
1084 2373 1299 2427 πάντων.
1373 2375 1402 2439 ἡ
1440 2376 1509 2427 δὲ
1557 2373 1936 2440 βουλευσαμένη

330 2525 354 2550 2
402 2514 533 2554 αὐτῶν
590 2512 670 2552 del.
723 2513 910 2553 Schenkl
1136 2511 1364 2567 Ἰνταφέρν·
1410 2525 1582 2564 semper
1628 2511 1668 2550 A
1699 2512 1734 2551 B
1771 2512 1805 2551 C
1838 2511 1872 2550 E
1905 2513 1937 2550 P

274 2581 298 2616 4
331 2566 621 2608 e'AocwRSV
732 2569 868 2617 δὴκαὶ
891 2567 1421 2609 οῐη.Κ5ν;καὶοῐΥι.Ρ
1494 2604 1497 2605 ⁷
1610 2566 1773 2619 ὅτύχη
1802 2566 1938 2606 RSV

274 2634 296 2670 7
327 2624 348 2662 ὁ
367 2635 446 2661 om.
472 2621 510 2660 A
526 2622 559 2660 B
576 2624 609 2662 C
626 2622 660 2660 P
793 2624 820 2662 8
850 2622 1014 2664 εἰσιέναι
1033 2622 1123 2662 ΑΒ
1232 2627 1243 2638 ‘
1271 2637 1299 2674 9
1328 2626 1350 2664 ὁ
1370 2635 1451 2662 om.
1476 2621 1613 2661 ABC
1726 2623 1934 2674 ἆγγεληφ.

273 2676 313 2714 R
329 2676 410 2715 SV
562 2689 606 2716 11
639 2676 735 2719 τάδε
757 2677 787 2716 S
810 2677 929 2717 solus
1098 2689 1147 2727 14
1177 2677 1371 2729 ἀφῆκε(ν)
1390 2676 1431 2715 Α
1446 2677 1480 2715 Β
1496 2676 1530 2716 C
1668 2675 1934 2729 δεικνύασι(ν)

273 2729 360 2769 ΑΒ
375 2731 407 2769 C
423 2732 456 2770 P
612 2745 661 2782 17
693 2735 878 2786 ἐπειρᾶτο
898 2732 939 2770 R
953 2732 1034 2772 SV
1188 2732 1236 2770 18
1266 2734 1410 2783 ἔμαθεν
1432 2732 1471 2771 R
1487 2731 1567 2771 SV
1676 2732 1751 2772 σὺν
1769 2731 1934 2772 κείνοισι

275 2785 425 2825 Stein:
473 2786 770 2839 συγκειμένοισι
803 2786 986 2826 ABCE
1028 2787 1116 2835 (hic
1151 2790 1235 2828 τοῖς
1273 2788 1461 2828 ἄλλοισιν
1494 2786 1661 2838 addit):
1701 2786 1777 2827 σὺν
1811 2785 1928 2826 dmin.

275 2840 309 2878 Ρ
323 2840 362 2878 R
378 2840 407 2878 S
422 2840 457 2878 V
588 2855 638 2893 19
666 2843 738 2883 τὸν
760 2845 883 2883 παῖδα
901 2841 940 2880 Α
955 2842 989 2879 Β
1003 2841 1036 2880 C
1052 2842 1085 2880 E
1220 2853 1269 2880 21
1294 2858 1363 2891 μιν
1385 2853 1466 2880 om.
1494 2840 1529 2879 E
1658 2853 1711 2879 22
1741 2840 1870 2880 ἔδεισε
1892 2838 1931 2877 R

274 2907 327 2944 24
357 2897 406 2936 ἂν
424 2907 504 2934 om.
529 2895 559 2934 S
671 2900 839 2938 ποιοῦσα
859 2895 898 2934 Α
913 2896 947 2935 Β
963 2896 996 2935 C
1133 2899 1138 2906 ⁸
1187 2907 1239 2945 25
1270 2896 1423 2937 ἔπειθεν
1444 2895 1484 2934 R
1499 2895 1528 2935 S
1542 2895 1578 2934 V
1686 2893 1878 2948 οἰκτεῖραί
1899 2894 1931 2931 L

275 2962 326 2999 27
357 2949 586 3001 βουλομένη
614 2951 747 2991 RSV
