2098 3320
64 71 151 121 111.
178 84 243 133 34
902 70 1326 121 ΗΡΟΔΟΤΟΎ

287 206 347 272 τῇ
387 193 659 270 [γινομένῃ]
697 198 828 266 κρίσι
870 197 977 251 εἶπε
1017 199 1139 267 πρὸς
1177 199 1264 253 τὸν
1305 199 1585 267 Καμβύσεα
1623 200 1755 256 τάδε·
1802 201 1947 269 Ἐμοὶ

286 282 379 348 μέν
420 304 522 342 νυν,
565 280 603 334 ὦ
646 288 738 335 παῖ
772 283 949 351 Κύρου,
983 285 1040 336 οὐ
1075 283 1261 338 δοκέεις
1301 285 1469 351 ὅμοιος
1510 285 1635 338 εἶναι
1674 291 1740 356 τῷ
1781 289 1945 355 πατρί·

287 367 343 419 οὐ
375 366 470 434 γάρ
503 367 568 418 κώ
598 368 679 419 τοί
707 369 816 419 ἐστι
845 367 950 422 υἱὸς
981 370 1085 421 οἷον
1117 371 1178 421 σὲ
1209 371 1395 423 ἐκεῖνος
1432 371 1742 423 κατελίπετο.
1813 371 1945 437 ἥσθη

286 473 339 504 τε
383 457 536 504 ταῦτα
580 452 868 506 ἀκούσας-ὁ
913 453 1192 519 Καμβύσης
1236 453 1316 505 καὶ
1359 454 1556 506 ἐπαίνεε
1599 453 1690 520 τὴν
1730 456 1948 523 Κροίσου

184 549 249 597 35
287 537 465 603 κρίσιν.
553 536 741 589 τούτων
772 536 829 601 δὴ
861 534 928 589 ὧν
959 537 1329 603 ἐπιμνησθέντα
1358 539 1481 611 ὀργῇ
1510 537 1691 606 λέγειν.
1711 538 1833 607 πρὸς
1854 532 1948 593 ’τὸν
1971 566 1993 607 5

286 618 614 688 Πρηξάσπεα·
658 621 728 673 Σύ
745 642 832 674 νυν
849 620 975 687 μάθε
994 618 1175 690 [αὐτὸς]
1195 624 1292 675 ε’ίτε
1310 621 1519 690 λέγουσι
1538 622 1736 690 Πέρσαι
1759 622 1949 690 ἀληθέα

289 707 387 758 ε’ίτε
417 705 554 758 αὐτοὶ
593 704 831 773 λέγοντες
865 711 1018 758 ταῦτα
1054 705 1478 775 παραφρονέουσι·
1526 709 1568 760 εἰ
1607 710 1698 773 μὲν
1733 710 1830 776 γὰρ
1863 713 1949 760 τοῦ

288 790 462 845 παιδὸς
490 795 576 842 τοῦ
607 795 699 843 σοῦ
728 794 868 843 τοῦδε
908 793 1150 846 ἑστεῶτος
1186 794 1239 843 ἐν
1272 797 1406 844 τοῖσι
1441 792 1732 860 προθύροισι
1770 793 1948 859 βαλὼν

286 876 421 943 τύχω
450 875 609 941 μέσης
639 878 726 939 τῆς
759 876 969 942 καρδίης,
1001 875 1198 943 Πέρσαι
1228 875 1496 943 φανέονται
1525 875 1759 944 λέγοντες
1788 876 1946 930 οὐδέν·

286 955 347 1024 ἢν
371 962 424 1013 δὲ
453 958 668 1027 ἁμάρτω,
703 958 860 1027 φάναι
891 959 1097 1027 Πέρσας
1126 981 1181 1013 τε
1214 950 1385 1027 λέγειν
1421 959 1613 1026 ἀληθέα
1644 962 1723 1013 καὶ
1759 963 1845 1027 ἐμὲ
1880 960 1946 1027 μὴ
1975 988 2023 1017 ιο

227 1066 252 1110 3
288 1043 614 1112 σωφρονέειν.
702 1048 854 1097 ταῦτα
898 1047 951 1097 δὲ
992 1045 1195 1098 εἰπόντα
1235 1045 1313 1097 καὶ
1355 1046 1666 1098 διατείναντα
1704 1044 1760 1097 τὸ
1799 1043 1949 1111 τόξον

285 1134 471 1194 βαλεῖν
501 1133 587 1181 τὸν
611 1133 777 1189 παῖδα,
803 1130 1051 1184 πεσόντος
1080 1131 1135 1182 δὲ
1163 1134 1249 1181 τοῦ
1279 1129 1452 1184 παιδὸς
1483 1130 1772 1198 ἀνασχίζειν
1801 1129 1948 1182 αὐτὸν

287 1214 507 1266 κελεύειν
552 1213 632 1265 καὶ
676 1212 968 1282 σκέψασθαι
1012 1218 1068 1265 τὸ
1111 1217 1303 1279 βλῆμα·
1367 1214 1432 1268 ὡς
1475 1216 1528 1266 δὲ
1574 1216 1628 1267 ἐν
1670 1215 1728 1286 τῇ
1777 1215 1947 1286 καρδίῃ

290 1300 547 1364 εὑρεθῆναι
584 1298 786 1351 ἐνεόντα
821 1298 908 1350 τὸν
942 1298 1132 1357 ὀϊστόν,
1168 1300 1323 1351 εἰπεῖν
1360 1298 1481 1365 πρὸς
1517 1299 1604 1351 τὸν
1640 1298 1827 1366 πατέρα
1861 1303 1948 1350 τοῦ

227 1403 256 1444 4
286 1382 459 1436 παιδὸς
490 1381 779 1450 γελάσαντα
804 1383 884 1434 καὶ
907 1381 1179 1452 περιχαρέα
1208 1383 1490 1450 γενόμενον·
1538 1381 1855 1450 Πρήξασπες,
1882 1382 1947 1436 ὦς
1974 1407 2020 1449 15

283 1469 374 1531 μὲν
397 1467 495 1534 ἐγώ
527 1489 580 1519 τε
611 1466 669 1518 οὐ
697 1469 932 1533 μαίνομαι
957 1466 1156 1534 Πέρσαι
1178 1488 1233 1519 τε
1263 1466 1684 1535 παραφρονέουσι,
1713 1466 1840 1531 δῆλά
1869 1487 1947 1519 τοι

284 1549 477 1618 γέγονε·
525 1557 610 1604 νῦν
640 1550 694 1603 δέ
728 1573 812 1616 μοι
842 1551 965 1611 εἶπέ,
999 1553 1111 1604 τίνα
1145 1551 1270 1606 εἶδες
1306 1551 1397 1616 ἤδη
1438 1550 1636 1604 πάντων
1673 1551 1948 1619 ἀνθρώπων

0 1628 219 1723 νιν-Μὴ
283 1636 437 1690 οὕτως
462 1637 713 1702 ἐπίσκοπα
734 1635 1021 1701 τοξεύοντας
1066 1634 1379 1703 Πρηξάσπεα
1409 1626 1684 1703 δὲ’ὁρῶντα
1714 1635 1869 1703 ἄνδρα
1889 1634 1948 1687 οὗ

284 1718 534 1787 φρενήρεα
564 1721 644 1772 καὶ
667 1721 779 1787 περὶ
810 1723 972 1790 ἑωυτῷ
1004 1720 1317 1786 δειμαίνοντα
1340 1721 1512 1773 εἰπεῖν·
1561 1719 1818 1779 Δέσποτα,
1843 1719 1944 1772 οὐδ’

228 728 252 759 20

282 1803 343 1856 ἂν
385 1804 535 1857 αὐτὸν
573 1804 732 1872 ἔγωγε
772 1804 924 1857 δοκέω
969 1804 1056 1857 τὸν
1101 1804 1215 1857 θεὸν
1259 1805 1384 1857 οὕτω
1429 1803 1491 1857 ἂν
1538 1810 1701 1858 καλῶς
1743 1809 1943 1870 βαλεῖν.
1971 1828 2020 1856 20

224 1909 245 1954 5
283 1888 396 1941 τότε
439 1892 531 1954 μὲν
570 1894 723 1940 ταῦτα
762 1888 1085 1956 ἐξεργάσατο,
1129 1887 1331 1956 ἑτέρωθι
1373 1892 1426 1942 δὲ
1467 1888 1708 1957 Περσέων
1748 1889 1946 1955 ὁμοίους

218 2040 236 2050 ο
283 1977 416 2024 τοῖσι
454 1974 695 2040 πρώτοισι
740 1973 957 2026 δυώδεκα
997 1973 1073 2025 ἐπ’
1114 1974 1313 2046 οὐδεμιῇ
1355 1974 1486 2045 αἰτίῃ
1527 1971 1769 2042 ἀξιοχρέῳ
1815 1973 1945 2025 ἑλὼν

0 2075 105 2116 ada
175 2061 243 2119 36
286 2057 496 2120 ζώοντας
541 2057 895 2126 ἐπὶ-κεφαλὴν
940 2056 1202 2125 κατώρυξε.
1289 2062 1439 2109 ταῦτα
1486 2056 1541 2109 δέ
1585 2078 1671 2122 μιν
1714 2048 1946 2109 ποιεῦντα

284 2142 543 2194 ἐδικαίωσε
576 2145 792 2208 Κροῖσος
824 2142 850 2192 ὁ
879 2141 1039 2195 Λυδὸς
1070 2145 1366 2207 νουθετῆσαι
1394 2142 1584 2194 τοισίδε
1612 2145 1746 2193 τοῖσι
1781 2140 1942 2193 ἔπεσι·

0 2229 150 2281 πώ(
278 2224 350 2275 Ἰ).
379 2230 615 2291 βασιλεῦ,
648 2225 715 2292 μὴ
746 2224 909 2279 πάντα
937 2226 1106 2298 ἡλικίῃ
1138 2226 1216 2277 καὶ
1248 2228 1382 2295 θυμῷ
1415 2226 1660 2293 ἐπίτρεπε,
1688 2223 1803 2277 ἀλλ’
1826 2225 1943 2292 ἴσχε
1969 2246 2016 2286 25

286 2309 362 2360 καὶ
394 2309 750 2376 καταλάμβανε
781 2310 1016 2362 σεωυτόν·
1064 2310 1252 2377 ἀγαθόν
1281 2330 1329 2361 τι
1358 2309 1570 2375 πρόνοον
1601 2309 1741 2368 εἶναι,
1776 2307 1944 2376 σοφὸν

1542 2367 1730 2425 ἰε-νισι..
1748 2373 1972 2435 §wa-'qv‘

339 2462 357 2487 1
404 2447 596 2502 γινομένῃ
636 2462 715 2487 om.
759 2448 799 2486 A
818 2449 852 2487 B
872 2449 905 2488 C
924 2449 958 2487 E
977 2449 1009 2487 P
1174 2447 1301 2502 κρίσει
1340 2447 1375 2486 L
1538 2446 1636 2488 τάδε
1675 2459 1756 2486 om.
1797 2446 1837 2485 R
1859 2446 1944 2487 SV

280 2517 304 2551 4
345 2502 518 2545 ἀκούσας
547 2517 626 2542 om.
657 2503 697 2541 A
713 2503 746 2541 B
762 2504 794 2542 C
810 2504 843 2542 E
1068 2504 1095 2541 6
1133 2504 1251 2544 αὐτὸς
1279 2515 1364 2543 om.
1394 2501 1481 2541 AB
1495 2502 1529 2542 C
1544 2501 1579 2541 E
1593 2502 1627 2541 P
1775 2501 1876 2553 εἴτε]
1909 2502 1945 2542 εἰ

281 2557 368 2597 ΑΒ
382 2558 416 2598 C
432 2557 466 2597 E
482 2558 515 2596 P
699 2572 720 2608 7
752 2559 865 2599 αὐτοὶ
889 2558 927 2596 R
949 2571 1115 2608 quoque
1242 2556 1296 2609 εἶ]
1320 2557 1370 2606 ἢν
1390 2557 1430 2595 R
1445 2556 1527 2596 SV
1707 2558 1734 2594 8
1764 2558 1943 2597 ἑστῶτος

283 2612 317 2652 Ε
332 2612 423 2651 RV
614 2626 641 2662 9
669 2612 832 2664 τύχοιμι
853 2613 893 2652 Α
907 2613 942 2652 Β
957 2613 990 2651 C
1006 2612 1039 2651 E
1054 2613 1087 2651 P
1223 2613 1298 2660 τῆς
1329 2624 1409 2651 οῐῐι.
1435 2611 1466 2651 S
1479 2612 1518 2650 V
1714 2623 1764 2650 10
1799 2610 1867 2651 καί
1892 2627 1942 2661 με

281 2667 369 2706 ΑΒ
384 2667 417 2707 C
432 2666 465 2706 E
481 2666 514 2705 Ρ
701 2680 745 2706 ΙΙ
779 2668 1032 2709 διατείνοντα
1054 2666 1133 2706 SV
1311 2679 1360 2704 12
1389 2664 1557 2714 βαλέειν
1579 2665 1612 2703 L
1781 2666 1831 2702 16
1861 2666 1942 2716 ἐγώ

282 2739 327 2762 τε
351 2721 547 2761 Dobree:
579 2722 710 2775 ἔγωγε
734 2722 766 2761 L
860 2739 907 2763 τε
932 2722 999 2775 (γε
1020 2722 1128 2761 coni.
1155 2720 1388 2771 Gomperz)
1412 2720 1561 2770 Πέρσαι
1582 2737 1629 2760 τε
1651 2718 1732 2758 SV
1814 2722 1944 2760 ταῦτα

281 2790 453 2830 παραφρ.
488 2777 523 2816 Ε
720 2778 769 2815 18
799 2779 843 2818 οὐ
872 2790 954 2816 om.
990 2776 1126 2816 RSV
1318 2789 1370 2815 20
1399 2776 1518 2816 αὐτὸς
1548 2774 1580 2812 C
1711 2773 1877 2821 βαλέειν
1907 2773 1941 2811 L

281 2843 329 2868 21
364 2831 625 2884 ἐξειργάσατο
652 2831 691 2869 R
708 2831 747 2870 V
760 2831 832 2884 (S)
945 2844 996 2881 23
1030 2830 1177 2882 ζῶντας
1200 2830 1238 2868 R
1253 2829 1283 2868 S
1297 2830 1335 2868 V
1462 2842 1513 2879 24
1542 2831 1680 2870 τοῖσδε
1701 2827 1742 2867 Α
1757 2828 1791 2866 Β
1807 2828 1845 2866 R
1862 2827 1892 2866 S
1904 2827 1942 2865 V

280 2889 366 2926 τοῖς
401 2885 536 2925 RSV
714 2887 767 2924 26
805 2887 965 2938 ἀγαθῶν
996 2885 1182 2925 ABCP
1293 2884 1352 2936 τι]
1391 2902 1438 2925 τε
1466 2883 1602 2923 ABC
1634 2882 1746 2935 (⁷02)
1781 2882 1837 2922 P:
1876 2898 1939 2922 τοι

282 2939 445 2979 Reiske
