2098 3320
772 79 1148 128 ΙΣΤΟΡΙΩΝ
1209 81 1248 127 Γ
1866 80 1960 130 111.
1996 78 2028 131 8

163 212 324 266 αὐτῶν
354 213 409 265 ἐν
437 209 576 282 μέσῳ
608 212 794 266 ἑστεὼς
829 213 953 282 λίθῳ
981 210 1087 278 ὀξέϊ
1127 211 1185 264 τὸ
1219 210 1322 263 ἔσω
1352 216 1451 264 τῶν
1481 211 1663 282 χειρῶν
1694 215 1827 280 παρὰ

164 297 278 361 τοὺς
317 296 590 350 δακτύλους
628 295 743 351 τοὺς
786 283 1039 364 μεγάλους
1083 295 1343 362 ἐπιτάμνει
1383 301 1481 349 τῶν
1521 296 1826 363 ποιευμένων

163 383 252 435 τὰς
300 382 485 441 πίστις,
537 381 617 433 καὶ
668 380 840 433 ἔπειτα
885 382 1065 448 λαβὼν
1112 381 1166 433 ἐκ
1214 385 1299 432 τοῦ
1352 383 1545 446 ἱματίου
1593 381 1826 450 ἐκατέρου

0 491 96 544 ⁶⁰}-
167 465 375 534 κροκύδα
404 466 604 533 ἀλείφει
641 470 708 536 τῷ
741 466 911 531 αἵματι
941 467 995 518 ἐν
1024 464 1163 537 μέσῳ
1199 465 1450 531 κειμένους
1480 468 1652 521 λίθους
1682 465 1822 526 ἑπτά,

0 546 56 604 3*
118 573 141 616 5
164 555 306 603 τοῦτο
365 553 418 604 δὲ
475 548 670 603 ποιέων·
718 549 971 603 ἐπικαλέει
1027 551 1114 602 τόν
1173 572 1226 602 τε
1288 551 1539 603 Διόνυσον
1599 551 1677 603 καὶ
1735 551 1826 616 τὴν

165 634 432 702 Οὐρανίην.
520 633 908 689 ἐπιτελέσαντος
951 637 1003 687 δὲ
1042 634 1216 688 τούτου
1261 640 1413 687 ταῦτα
1456 637 1482 686 ὁ
1525 638 1613 689 τὰς
1658 636 1826 690 πίστις
1862 658 1887 690 2

165 718 500 785 ποιησάμενος
530 725 664 771 τοῖσι
705 719 907 787 φίλοισι
946 727 1203 790 παρεγγυᾷ
1231 719 1319 771 τὸν
1350 718 1513 784 ξεῖνον
1552 716 1583 784 ἢ
1627 720 1706 772 καὶ
1741 723 1826 772 τὸν

165 804 339 864 ἀστόν,
371 799 432 869 ἢν
472 802 595 871 πρὸς
636 803 794 855 ἀστὸν
834 807 1050 869 ποιῆται,
1084 806 1129 856 οἱ
1171 807 1225 856 δὲ
1268 805 1411 871 φίλοι
1451 805 1530 856 καὶ
1572 805 1710 856 αὐτοὶ
1739 807 1827 858 τὰς

166 890 335 942 πίστις
365 892 607 941 δικαιεῦσι
638 887 904 954 σέβεσθαι.
998 888 1251 941 Διόνυσον
1292 890 1344 940 δὲ
1378 892 1503 940 θεῶν
1532 893 1717 953 μοῦνον
1749 889 1828 940 καὶ
1865 909 1889 952 3

98 999 144 1029 ιο
166 973 256 1038 τὴν
295 972 548 1041 Οὐρανίην
585 971 820 1041 ἡγέονται
857 972 984 1024 εἶναι
1026 974 1248 1025 καὶ·τῶν
1287 977 1472 1042 τριχῶν
1514 972 1605 1038 τὴν
1649 972 1828 1041 κουρὴν

169 1056 423 1126 κείρεσθαί
468 1062 600 1125 φασι
647 1056 770 1110 κατά
822 1079 914 1125 περ
962 1057 1110 1109 αὐτὸν
1155 1056 1242 1109 τὸν
1281 1058 1534 1110 Διόνυσον
1580 1057 1827 1125 κεκάρθαι·

11 1167 143 1225 suu-«3
168 1142 411 1210 κείρονται
461 1144 515 1195 δὲ
566 1143 923 1215 περιτρόχαλα,
976 1140 1315 1212 ὑποξυρῶντες
1365 1142 1479 1196 τοὺς
1533 1141 1826 1209 κροτάφους.
1830 1146 2098 1233 Wmfiw

167 1226 466 1301 ὀνομάζουσι
489 1229 573 1279 δὲ
571 1225 659 1279 τὸν
688 1247 781 1293 μεν
806 1226 1057 1279 Διόνυσον
1083 1225 1349 1293 Ὀροτάλτ,
1375 1247 1465 1290 την
1495 1230 1548 1279 δὲ
1577 1195 2007 1294 Oz'aepam'nvw‘*

167 1310 395 1365 Ἀλιλάτ.
486 1311 594 1365 ἐπεὶ
623 1309 693 1364 ὠν
721 1332 813 1376 την
852 1312 1023 1364 πίστιν
1063 1315 1198 1363 τοῖσι
1238 1309 1505 1379 ἀγγέλοισι
1535 1315 1668 1363 τοῖσι
1697 1313 1830 1378 παρὰ
1867 1316 1915 1378 9“

99 1421 144 1462 ¹5
170 1396 459 1463 Καμβύσεω
501 1395 827 1464 ἀπιγμένοισι
865 1395 1138 1462 ἐποιήσατο
1179 1396 1206 1446 ὁ
1247 1394 1502 1463 Ἀράβιος,
1547 1397 1830 1464 ἐμηχανᾶτο

170 1481 351 1534 τοιάδε·
397 1481 582 1536 ἀσκοὺς
625 1479 864 1548 καμήλων
902 1479 1103 1546 πλήσας
1143 1481 1321 1535 ὕδατος
1360 1479 1578 1545 ἐπέσαξε
1618 1479 1699 1533 ἐπὶ
1743 1481 1831 1534 τὰς

173 1566 296 1634 ζωᾶς
324 1571 423 1619 τῶν
460 1564 694 1632 καμήλων
731 1564 912 1625 πάσας,
946 1570 1090 1618 τοῦτο
1131 1567 1185 1618 δὲ
1222 1563 1437 1630 ποιήσας
1467 1564 1629 1629 ἤλασε
1661 1566 1712 1619 ἐς
1741 1563 1831 1628 τὴν
1851 1562 2098 1610 &M

169 1649 377 1719 ἄνυδρον
436 1651 514 1704 καὶ
563 1649 779 1717 ὑπέμενε
836 1653 1048 1703 ἐνθαῦτα
1104 1650 1191 1702 τὸν
1251 1649 1538 1715 Καμβύσεω
1600 1650 1830 1716 στρατόν.

169 1735 310 1790 οὗτος
351 1738 443 1801 μὲν
489 1736 515 1786 ὁ
557 1735 894 1802 πιθανώτερος
937 1740 1035 1787 τῶν
1079 1736 1249 1802 λόγων
1295 1735 1497 1802 ε’ίρηται,
1537 1737 1613 1786 δεῖ
1653 1735 1707 1786 δὲ
1753 1733 1833 1785 καὶ
1873 1754 1897 1784 2

97 1844 146 1872 20
169 1819 256 1873 τὸν
286 1820 454 1885 ἧσσον
483 1820 709 1879 πιθανόν,
745 1820 857 1872 ἐπεί
880 1842 939 1888 γε
970 1819 1028 1884 δὴ
1060 1819 1278 1886 λέγεται,
1311 1820 1535 1886 ῥηθῆναι.
1610 1818 1832 1884 ποταμός

170 1907 281 1957 ἐστι
322 1904 477 1972 μέγας
520 1907 574 1957 ἐν
619 1912 679 1978 τῇ
720 1904 936 1976 Ἀραβίῃ
981 1909 1048 1974 τῷ
1096 1905 1281 1969 οὕνομα
1328 1904 1502 1970 Κόρυς,
1552 1904 1739 1955 ἐκδιδοῖ
1779 1905 1832 1955 δὲ

170 1989 310 2044 οὗτος
340 1991 392 2043 ἐς
422 1988 511 2054 τὴν
541 1988 786 2057 Ἐρυθρὴν
819 1988 1133 2055 καλεομένην
1155 1988 1439 2041 θάλασσαν.
1529 1989 1626 2040 ἀπὸ
1656 1987 1831 2039 τούτου
1868 2007 1890 2049 3

170 2073 228 2138 δὴ
274 2071 342 2126 ὧν
385 2078 471 2126 τοῦ
513 2078 737 2141 ποταμοῦ
780 2072 983 2141 λέγεται
1026 2072 1112 2125 τὸν
1155 2070 1381 2139 βασιλέα
1420 2077 1519 2124 τῶν
1559 2070 1828 2140 Ἀραβίων,

167 2157 460 2225 ῥαψάμενον
505 2157 776 2226 ὠμοβοέων
827 2158 904 2210 καὶ
948 2157 1121 2210 ἄλλων
1168 2156 1422 2225 δερμάτων
1465 2155 1645 2225 ὀχετὸν
1688 2154 1833 2222 μήκεϊ

98 2264 146 2305 25
171 2240 514 2310 ἐξικνεύμενον
563 2245 624 2297 ἐς·
657 2243 749 2308 τὴν
795 2243 1021 2310 ἄνυδρον,
1070 2243 1277 2310 ἀγαγεῖν
1323 2243 1403 2294 διὰ
1447 2241 1521 2305 δὴ-
1554 2241 1730 2293 τούτου
1775 2240 1831 2291 τὸ

228 2396 243 2421 1
277 2386 334 2424 τῶ
354 2382 389 2422 C
502 2385 596 2424 εἴσω
620 2382 659 2420 R
839 2395 865 2433 3
894 2382 1031 2424 πίστις
1053 2382 1109 2422 P:
1141 2382 1301 2423 πίστεις
1323 2381 1410 2420 rell.
1499 2379 1674 2421 ἑκάστου
1697 2380 1735 2418 R
1751 2379 1832 2418 SV

171 2452 195 2487 4
226 2437 616 2491 xponffiaRSVA⁰
784 2436 1161 2487 5τετὸνΑΒΟ·
1190 2436 1316 2477 τὸνὸ
1463 2434 1667 2475 ὁδὲοηι.
1691 2433 1831 2472 CRV

172 2492 211 2541 «5¹1
235 2496 286 2535 ὡς
307 2493 340 2532 C
451 2493 588 2534 πίστις
611 2493 644 2531 Ρ
659 2492 697 2531 R
718 2506 726 2531 :
756 2494 914 2534 πίστεις
937 2491 1028 2531 rell.
1164 2504 1185 2541 7
1216 2493 1455 2544 παρεγγυιᾶι
1479 2490 1512 2528 C
1625 2490 1650 2527 8
1680 2489 1828 2534 ἄστὸνῖ

172 2549 292 2590 αὐτὸν
312 2548 347 2588 C
363 2548 393 2588 S
407 2547 446 2587 V
629 2546 814 2597 ποιέηται
835 2547 869 2587 C
885 2547 918 2586 P
1114 2548 1165 2585 8—
1143 2559 1196 2596 —9
1226 2545 1420 2594 σέβεσθαι
1442 2550 1538 2595 post
1560 2544 1672 2585 αὐτοὶ
1696 2545 1733 2582 R
1750 2544 1780 2583 S
1796 2543 1831 2580 V

170 2615 197 2651 9
225 2603 386 2646 πίστεις
405 2602 445 2642 Α
459 2603 494 2642 Β
508 2603 542 2643 C
555 2603 594 2641 V
780 2616 829 2642 10
858 2603 1052 2680 ἡγεῦνται
1076 2601 1114 2639 R
1130 2601 1159 2640 S
1175 2600 1213 2639 V
1281 2604 1284 2607 ⁴
1394 2612 1438 2638 11
1471 2599 1677 2653 κείρασθαί
1699 2599 1738 2637 R
1752 2598 1782 2637 S
1796 2598 1831 2634 V

176 2669 224 2695 12
254 2657 462 2712 περιτρόχ.
490 2658 530 2697 R
546 2657 626 2697 SV
647 2658 767 2698 Phot.
794 2671 825 2697 S.
844 2672 884 2697 v.
940 2660 1043 2697 ὑποτ
1043 2656 1135 2710 ρόχ.
1161 2655 1252 2696 rell.
1365 2657 1649 2706 ὑποξυροῦντες
1673 2652 1830 2692 RSV:

151 2717 452 2778 ψπεριξυρῶντες
472 2711 559 2751 ΑΒ
526 2713 586 2752 B:
616 2716 913 2767 περιξυροῦντες
935 2712 968 2750 C
984 2712 1017 2750 P
1200 2723 1248 2759 13
1278 2709 1322 2751 δὲ
1352 2723 1433 2749 om.
1465 2710 1498 2747 C
1610 2707 1685 2759 μὲν
1704 2709 1776 2748 τὸν
1798 2708 1831 2745 C

171 2766 241 2820 Op
244 2767 349 2808 ατάλ
372 2768 410 2806 R
427 2767 458 2807 S
472 2767 509 2806 V
691 2769 740 2806 16
769 2768 955 2817 πλήσας.
972 2766 1215 2816 ..καμήλων
1235 2778 1315 2805 om.
1340 2765 1377 2802 R
1553 2777 1597 2812 17
1610 2726 1719 2813 μζοιῗις
1740 2762 1778 2800 Α
1795 2762 1829 2800 Β

175 2784 241 2860 18p
252 2821 460 2874 ὑπέμεινεν
482 2822 521 2862 R
536 2821 567 2861 S
580 2822 619 2860 V
799 2835 846 2860 21
882 2821 960 2875 Κάρ
963 2838 1027 2863 ους
1048 2820 1087 2859 Α
1100 2820 1151 2872 (ἶ)
1169 2821 1202 2859 C
1388 2827 1439 2867 24
1471 2818 1673 2870 ἁψάμενον
1692 2817 1731 2855 Α
1748 2818 1781 2855 Β
1798 2818 1831 2855 C

170 2875 253 2918 ἰ’-ὣν
279 2876 491 2928 ὠμοβοέων
516 2877 555 2917 Α
570 2877 603 2916 Β
620 2876 673 2917 C²
697 2877 839 2926 (τῶν..
861 2880 1002 2928 .ἐξικν.
1028 2888 1109 2914 om.
1136 2874 1227 2925 C¹)
1373 2878 1456 2914 τῶν
1479 2875 1618 2914 ἄλλων
1647 2872 1686 2910 Λ
1702 2872 1735 2910 Β
1752 2873 1783 2910 C
1801 2872 1832 2909 P

170 2941 223 2980 25
253 2933 378 2985 ἐξιχν.
403 2931 439 2971 R
456 2932 486 2972 S
500 2931 537 2971 V
649 2934 704 2974 εἷς
725 2932 765 2972 R
781 2931 816 2969 V
926 2929 1072 2972 τούτου
1094 2930 1150 2970 S·
1180 2931 1303 2971 τοῦτο
1331 2928 1445 2967 RV:
1474 2926 1630 2969 τούτων
1649 2926 1736 2965 ΑΒ
1753 2926 1786 2966 C
1799 2926 1834 2965 P
