2098 3320
149 109 283 159 111.1
938 107 1372 158 HPOAOTOT

322 237 552 305 Ἀπρίεω,
585 236 672 289 τὸν
702 238 887 291 ἐκεῖνος
912 238 1058 290 ἐόντα
1081 241 1261 290 ἑωυτοῦ
1289 239 1534 292 δεσπότεα
1562 237 1668 305 μετ’
1700 240 1983 307 Αἰγυπτίων

264 346 285 391 5
324 323 609 376 ἐπαναστὰς
640 322 901 389 ἐφόνευσε.
989 327 1134 374 τοῦτο
1172 322 1228 387 δὴ
1265 322 1321 375 τὸ
1361 323 1479 378 ἔπος
1519 324 1600 376 καὶ
1631 324 1753 389 αὕτη
1787 323 1818 389 ἡ
1848 325 1981 390 αἰτίη

325 405 626 473 ἐγγενομένη
670 405 830 473 ἤγαγε
875 407 1159 471 Καμβύσεα
1201 406 1288 459 τὸν
1335 407 1498 475 Κύρου
1542 406 1775 475 μεγάλως
1819 410 1978 474 θυμω-

590 490 602 508 ’
655 489 920 557 Αἴγυπτον.
1026 492 1151 542 οὕτω
1210 490 1302 557 μέν
1361 513 1448 544 νυν
1497 490 1708 560 λέγουσι
1766 490 1979 560 Πέρσαι.

254 590 286 625 2
316 575 589 642 AZy157rrcot
621 578 675 626 δὲ
706 577 1002 639 οἰκηιεῦνται
1033 575 1329 641 Καμβύσεα,
1363 574 1580 644 φάμενοί
1604 597 1690 642 μιν
1719 578 1774 628 ἐκ
1803 576 1983 642 ταύτης
2004 597 2028 640 5

325 659 381 723 δὴ
423 662 509 723 τῆς
551 659 764 725 Ἀπρίεω
806 659 1045 726 θυγατρὸς
1084 658 1337 726 γενέσθαι·
1385 663 1547 728 Κῦρον
1587 662 1683 728 γὰρ
1727 658 1854 713 εἶναι
1895 658 1983 713 τὸν

325 742 596 810 πέμψαντα
630 745 763 809 παρὰ
791 742 1013 808 Ἄμασιν
1045 744 1126 795 ἐπὶ
1160 743 1251 808 τὴν
1291 743 1550 811 θυγατέρα,
1589 743 1705 797 ἀλλ’
1745 744 1803 797 οὐ
1841 748 1979 811 Καμ-

260 849 286 881 2
324 827 506 892 βύσεα.
594 826 830 893 λέγοντες
867 830 918 880 δὲ
957 831 1111 880 ταῦτα
1151 828 1237 880 οὐκ
1275 830 1433 895 ὀρθῶς
1475 827 1700 896 λέγουσι.
1789 828 1846 880 οὗ
1888 831 1982 894 μὲν

325 911 437 964 οὐδὲ
475 910 662 976 λέληθε
702 911 876 965 αὐτούς
914 911 976 976 (εἰ
1011 910 1108 979 γάρ
1146 933 1276 967 τινες
1313 914 1393 965 καὶ
1433 912 1597 972 ἄλλοι,
1635 913 1697 965 τὰ
1739 912 1982 980 Περσέων

325 997 509 1062 νόμιμα
562 994 854 1048 ἐπιστέαται
901 995 978 1047 καὶ
1030 995 1310 1064 Αἰγύπτιοι)
1353 998 1430 1049 ὅτι
1477 1001 1646 1064 πρῶτα
1696 999 1788 1062 μὲν
1833 997 1981 1049 νόθον
2008 1017 2059 1046 10

325 1081 383 1132 οὔ
428 1086 526 1147 σφι
569 1081 717 1146 νόμος
761 1080 873 1132 ἐστὶ
913 1084 1223 1146 βασιλεῦσαι
1266 1082 1475 1148 γνησίου
1520 1081 1805 1148 παρεόντος,
1846 1081 1983 1135 αὖτις

325 1167 379 1216 δὲ
427 1165 502 1216 ὅτι
550 1162 917 1229 Κασσανδάνης
962 1167 1051 1229 τῆς
1100 1165 1416 1231 Φαρνάσπεω
1468 1164 1707 1232 θυγατρὸς
1756 1163 1818 1230 ἥν
1866 1169 1982 1219 παῖς

326 1248 623 1314 Καμβύσης,
652 1247 829 1315 ἀνδρὸς
853 1247 1227 1317 Ἀχαιμενίδεω,
1252 1248 1368 1302 ἀλλ’
1389 1249 1477 1302 οὐκ
1507 1251 1559 1301 ἐκ
1582 1252 1669 1314 τῆς
1691 1251 1980 1317 Αἰγυπτίης.

326 1334 461 1385 ἀλλὰ
506 1332 877 1400 παρατρέπουσι
920 1332 1008 1385 τὸν
1050 1333 1207 1401 λόγον
1250 1334 1669 1402 προσποιεύμενοι
1714 1341 1776 1407 τῇ
1820 1333 1982 1400 Κύρου

257 1435 289 1483 3
327 1419 456 1488 οἰκίῃ
487 1415 755 1484 συγγενέες
785 1417 927 1469 εἰναι.
1015 1417 1095 1469 καὶ
1133 1422 1287 1470 ταῦτα
1319 1420 1411 1484 μὲν
1446 1420 1542 1471 ῶδε
1571 1418 1693 1486 ἔχει.
1779 1416 1980 1491 λέγεται
2010 1436 2054 1478 15

215 1491 219 1497 ¹
326 1504 379 1552 δὲ
412 1502 491 1553 καὶ
527 1502 611 1552 ὅδε
649 1502 818 1568 λόγος,
853 1501 961 1567 ἐμοὶ
998 1503 1092 1567 μὲν
1125 1501 1185 1553 οὐ
1218 1503 1438 1562 πιθανός,
1473 1503 1538 1556 ὡς
1576 1507 1676 1555 τῶν
1716 1502 1981 1570 Περσίδων

326 1589 570 1652 γυναικῶν
602 1583 884 1637 ἐσελθοῦσά
914 1606 988 1638 τις
1024 1588 1158 1654 παρὰ
1195 1588 1283 1640 τὰς
1315 1587 1477 1655 Κύρου
1503 1591 1754 1655 γυναῖκας,
1787 1586 1851 1640 ὡς
1881 1585 1981 1638 εἶδε

324 1677 384 1741 τῇ
416 1668 758 1741 Κασσανδάνῃ
790 1674 1114 1736 παρεστεῶτα
1151 1669 1298 1723 τέκνα
1333 1670 1521 1723 εὐειδέα
1555 1693 1610 1723 τε
1652 1672 1730 1723 καὶ
1765 1669 1977 1737 μεγάλα,

275 1765 281 1769 ’
324 1758 500 1824 πολλῷ
524 1755 707 1821 ἐχρᾶτο
730 1758 796 1823 τῷ
821 1754 1006 1823 ἐπαίνῳ
1029 1754 1464 1822 ὑπερθωμάζουσα,
1489 1755 1520 1820 ἡ
1545 1758 1598 1808 δὲ
1622 1753 1978 1819 Κασσανδάνη,

326 1839 480 1889 ἐοῦσα
530 1842 617 1890 τοῦ
670 1838 833 1904 Κύρου
883 1837 1022 1905 γυνή,
1073 1838 1182 1891 εἰπε
1211 1839 1343 1891 τάδε·
1406 1843 1625 1892 Τοιῶνδε
1673 1838 1844 1904 μέντοι
1893 1840 1980 1904 ἐμὲ
2007 1856 2057 1884 20

324 490 473 543 θέντα
526 493 589 541 ἐπ

263 1861 286 1891 ω

326 1923 515 1974 παίδων
553 1921 740 1989 μητέρα
780 1923 963 1974 ἐοῦσαν
1010 1927 1167 1990 Κῦρος
1207 1925 1260 1975 ἐν
1305 1924 1473 1995 ἀτιμίῃ
1514 1924 1636 1991 ἔχει,
1674 1922 1764 1987 τὴν
1798 1925 1852 1975 δὲ
1896 1921 1979 1974 ἀπ’

325 2006 582 2073 Αἰγύπτου
614 2007 874 2071 ἐπίκτητον
910 2008 965 2059 ἐν
1003 2014 1119 2080 τιμῇ
1157 2008 1358 2059 τίθεται.
1446 2007 1536 2072 τὴν
1565 2010 1657 2073 μὲν
1697 2005 1980 2075 ἀχθομένην

324 2098 384 2163 τῇ
414 2090 595 2156 Νιτήτι
624 2092 782 2142 εἰπεῖν
810 2095 979 2150 ταῦτα,
1011 2096 1110 2143 τῶν
1139 2090 1194 2143 δέ
1224 2094 1270 2143 οἱ
1300 2093 1488 2144 παίδων
1518 2091 1605 2144 τὸν
1634 2091 1981 2158 πρεσβύτερον

262 2196 287 2239 3
324 2175 480 2227 εἰπεῖν
514 2175 810 2241 Καμβύσεα·
855 2173 1045 2242 Τοιγάρ
1074 2196 1167 2235 τοι,
1193 2173 1230 2227 ὦ
1253 2179 1422 2242 μῆτερ,
1450 2177 1602 2228 ἐπεὰν
1633 2176 1731 2243 ἐγὼ
1761 2174 1981 2242 γένωμαι

324 2257 464 2325 ἀνήρ,
517 2258 770 2326 Αἰγύπτου
818 2261 880 2310 τὰ
928 2261 1022 2324 μὲν
1072 2259 1174 2312 ἄνω
1233 2258 1364 2311 κάτω
1422 2258 1579 2325 θήσω,
1633 2261 1693 2311 τὰ
1743 2260 1798 2311 δὲ
1848 2256 1979 2310 κάτω
2005 2275 2054 2316 25

323 2342 439 2394 ἄνω.
528 2348 680 2395 ταῦτα
711 2345 866 2396 εἰπεῖν
907 2342 1055 2395 αὐτὸν
1089 2342 1202 2396 ἔτεα
1237 2343 1302 2396 ὡς
1337 2342 1454 2395 δέκα
1492 2365 1577 2396 κου
1606 2343 1864 2411 γεγονότα,
1900 2342 1979 2394 καὶ

323 2427 410 2480 τὰς
440 2431 676 2493 γυναῖκας
706 2429 761 2479 ἐν
798 2427 983 2493 θώματι
1019 2427 1272 2494 γενέσθαι·
1317 2426 1405 2480 τὸν
1436 2430 1489 2479 δὲ
1530 2425 1980 2494 διαμνημονεύοντα

379 2578 397 2603 1
423 2563 628 2613 δεσπότην
650 2564 689 2602 R
706 2564 736 2604 S
753 2564 829 2617 [V]
941 2578 965 2603 2
985 2564 1096 2606 αἰτία
1117 2563 1157 2602 R
1170 2564 1209 2602 V
1318 2577 1343 2614 3
1366 2567 1523 2616 ἐγενομ.
1544 2564 1582 2602 V
1691 2576 1716 2614 5
1739 2566 1978 2613 οἰκηιεῦνται

323 2620 379 2659 S:
412 2622 648 2661 οἷκειεῦνται
668 2619 735 2657 A:
765 2621 1001 2660 οἰκειοῦνται
1024 2619 1058 2658 Β
1074 2619 1108 2658 C
1124 2620 1182 2658 P:
1212 2621 1450 2661 οἰκοιοῦνται
1473 2619 1563 2659 RV
1769 2620 1798 2657 6
1826 2619 1875 2667 δὴ
1894 2630 1976 2657 om.

324 2675 363 2713 R
379 2673 461 2714 SV
662 2675 688 2712 8
718 2673 934 2726 λέγοντες]
967 2674 1137 2726 λέγεται
1159 2673 1198 2711 R
1348 2675 1428 2723 μὴν
1452 2674 1486 2712 L
1688 2687 1716 2724 9
1743 2671 1915 2714 λέλυθεν
1937 2671 1975 2710 R

326 2743 376 2768 10
405 2729 569 2780 νόμιμα]
593 2746 626 2770 ν.
652 2729 772 2782 ὀρθῶς
794 2728 828 2767 Ρ
842 2728 881 2766 R
897 2728 926 2767 S
940 2728 979 2766 V
1168 2741 1216 2778 13
1245 2729 1554 2781 Ἀχαιμενίδαωι
1575 2728 1610 2768 C
1800 2739 1848 2776 15
1878 2742 1993 2778 σινγ-ἶ

319 2783 438 2836 Ύενὲς
461 2783 552 2821 RV
678 2785 727 2821 16
755 2784 821 2824 ὅδε
843 2787 864 2824 ὁ
884 2784 1009 2836 λόγος
1032 2783 1066 2821 Ε
1082 2782 1219 2823 RSV
1332 2796 1380 2833 17
1412 2785 1560 2825 εἰσελθ.
1584 2782 1671 2822 ΑΒ
1687 2781 1721 2821 Ε
1846 2782 1896 2819 18
1923 2782 1977 2822 τὰ

268 2860 270 2862 v
319 2839 444 2880 τέκνα
464 2838 555 2877 RV
735 2852 784 2888 19
813 2841 1028 2891 ὑπερθωυμ.
1055 2838 1088 2876 L
1264 2851 1319 2877 20
1347 2840 1419 2878 τοῦ
1439 2851 1521 2877 om.
1547 2837 1579 2876 E
1701 2835 1835 2877 τοιάδε
1857 2834 1973 2873 RV:
2045 2879 2055 2884 ᾗ

326 2896 486 2934 τοιαῦτα
503 2893 534 2932 S
657 2892 726 2943 ἐμὲ
749 2906 828 2931 om.
852 2893 886 2931 E
1010 2905 1056 2932 21
1079 2892 1257 2946 μητέρων
1274 2892 1313 2930 Η
1327 2892 1365 2931 V
1476 2891 1565 2943 ἀπ’]
1584 2891 1645 2933 ἐπ’
1659 2892 1692 2930 C
1809 2902 1861 2939 23
1881 2905 1972 2942 πρε-

321 2947 528 2995 σβύτατον
550 2948 589 2988 R
605 2947 634 2987 S
648 2947 684 2986 V
852 2962 902 2999 24
934 2965 995 2991 τοι
1018 2960 1099 2989 om.
1122 2947 1155 2988 C
1173 2947 1206 2989 P
1221 2947 1259 2986 R
1275 2947 1305 2987 S
1318 2948 1354 2986 V
1519 2960 1569 2999 27
1601 2951 1772 2998 θωυματι
1795 2945 1827 2984 L
