2098 3320
60 83 123 134 11.
152 86 241 146 148

0 217 219 264 mas-ho

219 403 243 446 7

0 713 240 781 mvn»

148 809 244 858 149

911 86 1350 135 ΗΡΟΔΟΤΟῬ

283 213 472 279 εξιοῦσι
509 215 587 266 καὶ
623 217 676 266 ἐκ
713 222 810 267 τῶν
851 215 1131 281 οἰκημάτων
1173 205 1540 282 ἐςιπαιῑτάδας,
1579 219 1630 271 ἐς
1667 215 1851 284 στέγας
1890 239 1974 274 τε,

282 299 443 352 ἄλλας
474 301 528 350 ἐκ
558 304 656 352 τῶν
686 298 956 352 παστάδων
989 301 1069 352 καὶ
1102 302 1151 354 ἐς
1181 301 1338 354 αὐλὰς
1379 300 1540 355 ἄλλας
1578 303 1631 352 ἐκ
1670 305 1770 361 τῶν
1810 302 1942 367 οἰκη-

282 382 465 448 μάτων.
555 383 715 451 ὀροφὴ
770 386 823 436 δὲ
873 383 1075 436 πάντων
1125 384 1313 436 τούτων
1364 386 1528 450 λιθίνη
1586 383 1707 436 κατά
1758 406 1850 451 περ
1895 387 1943 437 οἱ

284 472 463 534 τοῖχοι,
495 469 542 519 οἱ
580 471 634 520 δὲ
675 472 838 535 τοῖχοι
874 468 1041 520 τύπων
1078 468 1494 535 ἐγγεγλυμμένων
1529 468 1692 527 πλέοι,
1725 468 1851 533 αὐλὴ
1891 472 1943 521 δὲ

285 550 467 615 ἑκάστη
510 553 809 619 περίστυλος
847 554 990 604 λίθου
1028 557 1208 604 λευκοῦ
1246 552 1563 619 ἁρμοσμένου
1601 554 1663 604 τὰ
1700 551 1939 618 μάλιστα.
1967 573 1990 613 5

284 638 370 699 τῆς
402 637 455 687 δὲ
485 638 669 703 γωνίης
698 642 1031 690 τελευτῶντος
1059 641 1146 688 τοῦ
1184 638 1493 703 λαβυρίνθου
1531 636 1698 704 ἔχεται
1734 636 1943 702 πυραμὶς

282 721 835 789 τεσσερακοντόργυιος,
870 722 924 772 ἐν
962 728 1023 793 τῇ
1066 721 1163 790 ζῶα
1201 719 1399 787 μεγάλα
1428 719 1781 788 ἐγγέγλυπται·
1832 719 1943 774 ὁδὸς

283 803 326 855 δ’
357 806 407 857 ἐς
438 803 590 868 αὐτὴν
619 804 716 856 ὑπὸ
746 807 842 871 γῆν
871 806 1151 870 πεποίηται.
1236 809 1323 856 τοῦ
1351 807 1406 857 δὲ
1434 806 1738 872 λαβυρίνθου
1767 803 1942 856 τούτου

283 888 452 942 ἐόντος
480 888 702 939 τοιούτου
727 892 867 954 θῶμα
898 888 971 940 ἔτι
999 888 1147 954 μέζον
1180 888 1501 956 παρέχεταιὴ
1527 889 1735 955 Μοίριος
1765 894 1938 941 καλεο-

282 971 404 1036 μένη
435 973 603 1037 λίμνη,
638 972 753 1039 παρ’
783 971 845 1037 ἣν
889 974 915 1023 ὁ
952 973 1258 1039 λαβύρινθος
1298 973 1440 1026 οὗτος
1479 973 1810 1038 οἰκοδόμηται·
1854 975 1942 1037 τῆς
1970 991 2037 1045 10·

281 1055 337 1107 τὸ
384 1056 676 1123 περίμετρον
728 1059 815 1121 τῆς
865 1057 1094 1124 περιόδου
1156 1056 1255 1108 εἰσὶ
1313 1055 1507 1108 στάδιοι
1559 1054 1811 1121 ἑξακόσιοι
1863 1057 1941 1109 καὶ

280 1142 570 1208 τρισχίλιοι,
613 1142 834 1208 σχοίνων
876 1139 1116 1205 ἑξήκοντα
1155 1141 1354 1200 ἐόντων,
1398 1143 1501 1202 ἴσοι
1541 1142 1621 1194 καὶ
1660 1141 1810 1206 αὐτῆς
1848 1143 1936 1193 Αἰ-

281 1225 469 1291 γύπτου
500 1224 556 1276 τὸ
593 1227 725 1291 παρὰ
765 1224 1051 1277 θάλασσαν·
1100 1230 1255 1277 κεῖται
1292 1227 1345 1277 δὲ
1383 1224 1544 1292 μακρὴ
1573 1225 1603 1290 ἡ
1634 1227 1785 1290 λίμνη
1817 1224 1939 1292 πρὸς
1980 1269 1987 1274 .

281 1308 467 1375 βορέην
491 1330 546 1360 τε
573 1309 651 1360 καὶ
682 1310 846 1369 νότον,
875 1311 1027 1361 ἐοῦσα
1056 1309 1217 1375 βάθος
1239 1317 1300 1382 τῇ
1329 1309 1585 1375 βαθυτάτη
1610 1308 1730 1373 αὐτὴ
1756 1311 1938 1374 ἑωυτῆς

281 1394 766 1460 πεντηκοντόργυιος.
853 1395 931 1445 ὅτι
977 1396 1030 1446 δὲ
1075 1395 1419 1462 χειροποίητός
1465 1396 1576 1445 ἐστι
1620 1394 1698 1445 καὶ
1742 1392 1935 1460 ὀρυκτή,
1965 1412 2013 1454 15

280 1477 401 1542 αὐτὴ
426 1481 584 1542 δηλοῖ.
661 1480 714 1530 ἐν
738 1480 834 1545 γὰρ
863 1476 995 1550 μέσῃ
1024 1485 1084 1550 τῇ
1113 1479 1265 1549 λίμνῃ
1294 1477 1518 1543 μάλιστά
1549 1500 1608 1549 κῃ
1639 1480 1823 1530 ἑστᾶσι
1852 1477 1937 1530 δύο

279 1563 561 1628 πυραμίδες,
614 1567 702 1614 τοῦ
759 1563 935 1615 ὕδατος
991 1561 1328 1630 ὑπερέχουσαι
1378 1560 1683 1626 πεντήκοντα
1738 1550 1938 1628 ὀργυιᾶς

216 1658 219 1662 ’
280 1646 502 1713 ἑκατέρη,
548 1646 626 1698 καὶ
666 1646 722 1698 τὸ
766 1645 871 1698 κατ’
899 1648 1076 1699 ὕδατος
1115 1646 1429 1711 οἰκοδόμηται
1469 1646 1637 1713 ἕτερον
1675 1650 1933 1705 τοσοῦτον,

282 1730 359 1781 καὶ
391 1730 466 1782 ἐπ’
500 1730 815 1802 ἀμφοτέρῃσι
847 1730 1021 1782 ἔπεστι
1063 1729 1314 1783 κολοσσὸς
1352 1731 1544 1784 λίθινος
1575 1728 1841 1794 κατήμενος
1881 1730 1936 1781 ἐν

279 1815 453 1884 θρόνῳ.
543 1815 668 1866 οὕτω
705 1817 754 1866 αἱ
790 1817 883 1879 μὲν
923 1814 1191 1881 πυραμίδες
1232 1814 1332 1866 εἰσὶ
1372 1813 1549 1866 ἑκατὸν.
1586 1811 1839 1880 ὀργυιέων,
1883 1815 1934 1865 αἱ
1959 1806 2012 1859 26

277 1898 319 1949 δ’
345 1899 520 1950 ἑκατὸν
551 1898 744 1966 ὀργυιαὶ
773 1899 1089 1970 δίκαιαί-εἰσι
1114 1898 1317 1950 στάδιον
1347 1894 1669 1964 ἑξάπλεθρον,
1696 1895 1934 1962 ἑξαπέδου
1984 1914 1989 1918 ‘

276 1977 405 2049 [μὲν]
436 1985 522 2047 τῆς
553 1983 750 2049 ὀργυιῆς
786 1981 1116 2049 μετρεομένης
1149 1982 1226 2033 καὶ
1256 1980 1607 2050 τετραπήχεος,
1640 1985 1738 2033 τῶν
1767 1984 1934 2033 ποδῶν

273 2069 367 2131 μὲν
408 2065 833 2133 τετραπαλάστων
874 2067 1076 2125 ἐόντων,
1119 2070 1205 2117 τοῦ
1245 2068 1298 2117 δὲ
1335 2064 1523 2133 πήχεος
1565 2063 1931 2130 ἑξαπαλάστου.

275 2150 331 2200 τὸ
361 2153 413 2202 δὲ
442 2152 572 2217 ὕδωρ
599 2149 658 2202 τὸ
688 2152 743 2202 ἐν
774 2151 832 2221 τῇ
861 2151 1015 2222 λίμνῃ
1046 2150 1302 2224 αὐθιγενὲς
1329 2152 1422 2215 μὲν
1452 2149 1539 2200 οὐκ
1569 2149 1679 2201 ἔστι
1707 2147 1935 2215 (ἄνυδρος

273 2235 370 2300 γὰρ
399 2234 457 2298 δὴ
489 2237 659 2286 δεινῶς
690 2235 802 2285 ἐστι
830 2230 907 2300 <ἡ>
937 2234 1121 2306 ταύτῃ),
1148 2236 1203 2285 ἐκ
1231 2237 1318 2285 τοῦ
1347 2234 1536 2285 Νείλου
1574 2235 1628 2286 δὲ
1665 2234 1788 2285 κατὰ
1817 2232 1929 2284 διῶ-
1956 2248 2005 2289 25

271 2339 402 2386 ρυχα
439 2320 660 2382 ἐσῆκται,
698 2319 776 2369 καὶ
812 2317 872 2382 ἑξ
903 2321 993 2383 μὲν
1032 2321 1190 2383 μῆνας
1230 2317 1331 2369 ἔσω
1370 2316 1472 2385 ῥέει
1513 2319 1564 2371 ἐς
1602 2316 1693 2382 τὴν
1731 2318 1929 2383 λίμνην,

274 2401 334 2466 ἓξ
358 2404 410 2453 δὲ
440 2405 596 2466 μῆνας
627 2401 719 2466 ἔξω
753 2404 802 2455 ἐς
832 2406 919 2454 τὸν
938 2406 1128 2454 Νεῖλον
1159 2403 1309 2455 αὖτις.
1386 2402 1464 2454 καὶ
1489 2403 1640 2454 ἐπεὰν
1667 2403 1759 2466 μὲν
1789 2399 1930 2472 ἐκρέῃ

331 2554 347 2579 1
379 2540 502 2593 τέγας
524 2540 562 2578 R
578 2540 657 2579 SV
865 2554 889 2579 2
921 2542 1050 2582 ἄλλοις
1070 2554 1152 2580 om.
1177 2540 1216 2578 R
1231 2539 1262 2579 S
1275 2540 1314 2578 V
1514 2553 1539 2588 4
1569 2541 1606 2579 οἱ
1625 2538 1670 2580 δὲ
1688 2542 1822 2591 τοῖχοι
1842 2552 1925 2580 om.

273 2595 313 2634 R
326 2595 357 2635 S
371 2596 406 2633 V
515 2605 720 2648 γεγλυμμ.
739 2595 778 2634 R
792 2595 823 2635 S
836 2595 874 2633 V
983 2607 1008 2645 5
1030 2595 1183 2643 ἑκάστη
1195 2626 1204 2635 .
1222 2625 1231 2634 .
1249 2625 1258 2634 .
1275 2598 1349 2644 τῆς
1365 2594 1408 2636 δὲ
1422 2607 1503 2633 om.
1523 2595 1553 2634 S
1565 2595 1605 2633 V
1715 2606 1738 2644 7
1758 2609 1925 2648 τεσσαρ.

268 2650 308 2688 V
500 2652 525 2688 8
564 2652 710 2699 αὐτὴν.
728 2679 739 2690 .
756 2680 766 2690 .
781 2650 967 2691 τοιούτου
995 2663 1078 2690 om.
1111 2650 1150 2688 R
1166 2649 1247 2688 SV
1436 2663 1463 2698 9
1501 2654 1610 2700 θῶμα
1639 2648 1692 2688 d:
1732 2653 1863 2700 θωυμα
1893 2648 1927 2687 L

267 2705 463 2758 πάρεστιν
485 2704 515 2744 S
527 2704 564 2743 V
577 2706 628 2755 (2)
742 2705 888 2756 Μύριος
910 2706 950 2744 R
966 2705 1046 2744 SV
1186 2717 1234 2752 14
1264 2706 1392 2757 βορῆν
1413 2704 1452 2742 R
1467 2703 1496 2742 S
1509 2704 1546 2742 V
1677 2705 1727 2742 18
1754 2706 1928 2744 τοσοῦτο

267 2758 307 2798 Α
320 2760 355 2798 Β
371 2759 405 2798 Ρ
568 2773 621 2798 20
649 2759 780 2801 τούτω
803 2760 842 2798 R
857 2759 887 2798 S
900 2760 940 2798 V
1086 2773 1135 2799 21
1167 2760 1314 2801 δίκαιαί
1332 2773 1415 2798 om.
1441 2758 1470 2798 S
1483 2759 1522 2797 V
1633 2757 1824 2810 ἑξαπόδου
1845 2757 1879 2796 C
1893 2756 1928 2795 P

268 2826 321 2852 22
349 2814 443 2866 μὲν]
468 2814 512 2855 δὲ
535 2814 652 2854 RV:
682 2816 761 2856 del.
786 2810 983 2865 Krueger
1093 2813 1385 2869 μετρεουμένης
1406 2813 1496 2853 RV
1645 2825 1698 2862 23
1727 2827 1924 2864 rev-para·

267 2869 449 2910 λαίστων
468 2876 510 2909 et
531 2871 832 2921 ἑξαπαλαίστου
853 2870 887 2909 L
1098 2883 1151 2918 24
1179 2872 1231 2924 τῇ
1251 2881 1334 2908 om.
1357 2868 1391 2907 C
1580 2879 1631 2918 25
1662 2867 1712 2918 δὴ
1731 2878 1812 2906 om.
1835 2864 1925 2905 RV

267 2924 291 2974 ἦ
312 2924 406 2962 add.
430 2923 588 2963 Reiske
754 2938 805 2975 27
837 2925 943 2966 αὖθις
964 2924 1002 2963 Α
1017 2925 1051 2962 Β
1068 2924 1106 2962 R
1121 2924 1158 2962 V
