2098 3320
717 128 1097 213 ΙΣΤΟΡΙΩΝ
1161 165 1198 213 Γ
1834 165 1923 215 111.
1954 176 2016 227 52

129 295 301 360 ζημίην
351 294 579 362 ὀφείλειν
629 298 697 364 τῷ
750 294 844 365 θεῷ
896 297 1058 364 ἑωυτῷ
1121 296 1171 350 ἐς
1231 294 1414 362 λόγους
1473 295 1790 360 ἀπικόμενον.

125 380 296 445 μαθὼν
341 382 392 432 δὲ
439 379 465 429 ὁ
507 378 810 446 Περίανδρος
852 379 916 432 ὡς
961 378 1150 446 ἄπορόν
1194 400 1242 430 τι
1285 379 1342 431 τὸ
1390 378 1539 431 κακὸν
1584 380 1658 443 εἴη
1705 383 1792 430 τοῦ

127 463 300 516 παιδὸς
331 464 408 515 καὶ
439 463 687 527 ἀνίκητον,
715 461 774 527 ἐξ
800 464 1077 530 ὀφθαλμῶν
1099 484 1184 528 μιν
1209 463 1555 529 ἀποπέμπεται
1587 464 1791 516 στείλας

127 551 307 600 πλοῖον
355 549 406 602 ἐς
455 545 724 614 Κέρκυραν·
792 547 1056 614 ἐπεκράτεε
1103 549 1199 614 γὰρ
1250 548 1328 599 καὶ
1379 548 1572 614 ταύτης.
1664 549 1787 600 ἀπο·
1831 567 1855 612 7

77 652 100 695 5
127 634 331 685 στείλας
390 633 442 684 δὲ
499 635 676 683 τοῦτον
734 632 760 682 ὁ
821 633 1125 700 Περίανδρος
1184 633 1506 699 ἐστρατεύετο
1565 631 1646 684 ἐπὶ
1704 631 1791 684 τὸν

127 715 366 783 πενθερὸν
397 715 647 783 Προκλέα,
682 715 748 770 ὡς
783 721 881 768 τῶν
918 717 1203 784 παρεόντων
1233 719 1279 769 οἱ
1310 716 1612 784 πρηγμάτων
1644 717 1792 769 ἐόντα

126 801 432 860 αἰτιώτατον,
483 800 563 852 καὶ
611 801 717 853 εἷλε
761 802 853 866 μὲν
901 800 991 865 τὴν
1035 799 1348 869 Ἐπίδαυρον,
1395 802 1499 854 εἷλε
1545 804 1598 853 δὲ
1642 800 1791 853 αὐτὸν

127 884 362 952 Προκλέα
393 884 472 936 καὶ
503 885 771 952 ἐζώγρησε.
863 885 971 938 ἐπεὶ
1012 887 1066 937 δὲ
1095 890 1181 937 τοῦ
1211 886 1395 953 χρόνου
1426 887 1790 952 προβαίνοντος
1826 893 1891 943 53
1949 886 1953 890 ”

127 971 154 1020 ὁ
197 966 287 1044 [τε]
340 969 647 1037 Περίανδρος
697 968 985 1037 παρηβήκεε
1039 971 1118 1022 καὶ
1171 970 1572 1037 συνεγινώσκετο
1626 973 1788 1040 ἑωυτῷ

54 1074 104 1104 10
126 1053 287 1107 οὐκέτι
327 1054 453 1106 εἶναι
494 1058 698 1108 δυνατὸς
741 1056 803 1106 τὰ
843 1053 1108 1122 πρήγματα
1148 1055 1330 1122 ἐπορᾶν
1368 1077 1421 1107 τε
1460 1054 1538 1106 καὶ
1584 1054 1786 1114 διέπειν,

125 1137 330 1207 πέμψας
360 1140 410 1192 ἐς
440 1138 529 1203 τὴν
562 1138 815 1206 Κέρκυραν
856 1137 1101 1192 ἀπεκάλεε
1139 1143 1225 1191 τὸν
1256 1139 1557 1206 Λυκόφρονα
1588 1141 1670 1191 ἐπὶ
1700 1139 1790 1203 τὴν

125 1225 402 1291 τυραννίδα·
465 1225 520 1275 ἐν
571 1225 667 1290 γὰρ
717 1223 774 1287 δὴ
827 1229 893 1294 τῷ
943 1222 1269 1293 πρεσβυτέρῳ
1317 1229 1415 1276 τῶν
1462 1225 1653 1276 παίδων
1700 1208 2098 1294 οὗὲ-““Ῐ’“’“”“

125 1308 300 1380 ἐνώρα,
332 1306 467 1360 ἀλλά
498 1310 544 1360 οἱ
583 1308 906 1375 κατεφαίνετο
947 1308 1073 1360 εἶναι
1108 1307 1433 1375 νωθέρτερος.
1481 1310 1508 1359 ὁ
1543 1311 1598 1361 δὲ
1629 1309 1788 1360 Λυκό-
1828 1327 1854 1358 2
1875 1305 2098 1367 §Casu-202·

127 1398 268 1461 φρων
308 1391 420 1445 οὐδὲ
461 1394 748 1459 ἀνακρίσιος
788 1390 974 1457 ἠξίωσε
1016 1392 1102 1444 τὸν
1142 1391 1362 1460 φέροντα
1402 1391 1492 1457 τὴν
1529 1393 1787 1461 ἀγγελίην.

51 1495 98 1535 15
125 1477 430 1544 Περίανδρος
460 1479 514 1529 δὲ
544 1477 896 1545 περιεχόμενος
927 1481 1014 1528 τοῦ
1043 1478 1246 1542 νεηνίεω
1278 1477 1481 1544 δεύτερα
1517 1476 1790 1530 ἀπέστειλε
1816 1473 2098 1551 ᾋῑωννῦωι)

124 1560 202 1613 ἐπ’
243 1560 390 1614 αὐτὸν
431 1560 520 1626 τὴν
561 1559 830 1629 ἀδελφεήν,
866 1563 1047 1613 ἑωυτοῦ
1087 1563 1139 1613 δὲ
1182 1560 1441 1629 θυγατέρα,
1481 1560 1664 1614 δοκέων
1703 1582 1790 1627 μιν

122 1644 344 1712 μάλιστα
374 1646 554 1711 ταύτης
594 1645 656 1698 ἂν
693 1647 970 1698 πείθεσθαι.
1060 1645 1363 1712 ἀπικομένης
1404 1648 1457 1698 δὲ
1493 1646 1671 1712 ταύτης
1709 1647 1788 1698 καὶ
1830 1667 1854 1710 3

121 1731 387 1798 λεγούσης·
445 1729 520 1782 ςῺ.
565 1734 668 1790 παῖ,
712 1730 926 1796 βούλεαι
970 1728 1060 1795 τήν
1106 1752 1159 1783 τε
1203 1732 1468 1797 τυραννίδα
1512 1733 1563 1785 ἐς
1602 1730 1789 1785 ἄλλους

123 1820 300 1868 πεσεῖν
349 1815 428 1867 καὶ
474 1814 562 1867 τὸν
614 1814 750 1866 οἶκον
801 1819 889 1867 τοῦ
934 1814 1119 1882 πατρὸς
1171 1815 1540 1885 διαφορίθέντα
1591 1818 1788 1882 μᾶλλον
1816 1806 2005 1893 ,μείω

50 1895 155 1964 2Οῆ
190 1901 338 1955 αὐτός
377 1907 516 1968 σφεα
557 1900 789 1952 ἀπελθὼν
820 1899 980 1968 ἔχειν;
1029 1899 1169 1953 ἄπιθι
1215 1901 1265 1955 ἐς
1306 1902 1365 1951 τὰ
1410 1901 1556 1959 οἰκία,
1599 1904 1789 1953 παῦσαι
1886 1949 1892 1953 ,

0 1984 344 2063 ,Λαισεωυτὸν
376 1984 573 2050 ζημιῶν.
661 1984 691 2049 ἡ
724 1985 983 2055 φιλοτιμίη
1020 1987 1178 2050 κτῆμα
1216 1985 1410 2051 σκᾳ-ιόν·
1457 1984 1522 2050 μὴ
1555 1989 1623 2055 τῷ
1656 1989 1788 2055 κακῷ
1822 1983 2098 2049 41deth

0 2071 36 2130 L
122 2068 180 2121 τὸ
211 2068 360 2122 κακὸν
393 2070 464 2139 ἰῷ.
554 2068 739 2122 πολλοὶ
769 2073 867 2120 τῶν
907 2069 1110 2120 δικαίων
1146 2071 1207 2121 τὰ
1244 2068 1587 2136 ἐπιεικέστερα
1616 2090 1786 2136 προτι-
2020 2086 2024 2088 ·

123 2155 271 2205 θεῖσι.
359 2153 544 2206 πολλοὶ
582 2148 634 2206 δὲ
675 2152 766 2218 ἤδη
810 2155 870 2205 τὰ
907 2153 1129 2221 μητρώια
1167 2152 1416 2219 διζήμενοι
1460 2155 1521 2204 τὰ
1565 2153 1790 2221 πατρώια

122 2236 401 2303 ἀπέβαλον.
490 2238 718 2306 τυραννὶς
763 2240 931 2306 χρῆμα
978 2238 1256 2305 σφαλερόν,
1304 2238 1488 2290 πολλοὶ
1536 2241 1590 2291 δὲ
1637 2237 1788 2302 αὐτῆς

49 2336 96 2378 ²5
121 2322 333 2389 ἐρασταί
365 2324 481 2383 εἶσι,
515 2323 542 2374 ὁ
579 2324 632 2374 δὲ
673 2321 833 2390 γέρων
872 2343 926 2374 τε
967 2321 1058 2387 ἤδη
1104 2323 1182 2374 καὶ
1220 2323 1540 2389 παρηβηκώς·
1584 2322 1650 2389 μὴ
1694 2326 1790 2393 δῷς

120 2408 182 2460 τὰ
226 2412 448 2460 σεωυτοῦ
489 2408 653 2475 ἀγαθὰ
696 2405 919 2459 ἄλλοισι.
1006 2407 1036 2471 ἡ
1081 2409 1173 2472 μὲν
1219 2406 1277 2471 δὴ
1323 2408 1383 2458 τὰ
1428 2407 1790 2476 ἐπαγωγότατα
1827 2426 1849 2473 5

175 2559 200 2596 4
228 2545 358 2599 πλοίῳ
379 2545 410 2585 S
539 2547 567 2585 6
596 2548 632 2586 οἱ
651 2558 734 2585 om.
758 2544 796 2583 R
814 2544 895 2584 SV
1020 2545 1046 2583 8
1075 2544 1398 2597 παραβαίνοντος
1420 2544 1454 2583 C
1576 2558 1604 2596 9
1631 2561 1679 2586 τε
1701 2544 1785 2585 del.

121 2600 258 2640 Cobet
427 2613 476 2640 10
505 2601 672 2642 δυνατὸς
693 2601 791 2642 εἶναι
815 2599 854 2637 R
870 2599 953 2638 SV
1119 2611 1164 2638 11
1196 2598 1363 2653 πέμπων
1385 2599 1424 2637 R
1440 2598 1522 2638 SV
1670 2601 1726 2641 εἷς
1748 2598 1789 2638 R

124 2668 174 2696 12
213 2657 285 2697 οὐκ
315 2657 459 2709 ἐνεώρα
491 2655 594 2694 PS:
636 2658 764 2696 οὔκων
794 2656 895 2708 ἑώρα
923 2653 1060 2693 ABC
1277 2667 1325 2704 14
1366 2654 1595 2707 ἀποκρίσιος
1626 2653 1789 2693 RSV:

121 2710 347 2764 ὑποκρίσιος
366 2709 523 2750 Abicht
674 2722 722 2759 15
753 2708 1011 2750 ἀπέστελλεν
1032 2708 1071 2747 R
1089 2708 1118 2747 S
1131 2708 1170 2748 V
1300 2721 1347 2759 17
1379 2708 1508 2763 ταύτῃ
1530 2710 1578 2751 ἃν
1597 2707 1638 2747 Α
1655 2708 1690 2748 Β
1704 2708 1739 2748 C
1755 2708 1789 2747 P

124 2766 174 2804 18
211 2766 289 2815 τήν
317 2782 364 2806 τε
394 2778 475 2804 om.
511 2764 575 2805 R:
615 2782 662 2806 τε
692 2777 774 2804 om.
809 2764 892 2803 SV
1089 2775 1140 2813 19
1176 2762 1340 2805 πεσέειν
1371 2764 1405 2802 L
1590 2776 1644 2803 20
1682 2772 1791 2815 σφεα

120 2819 415 2860 Valckenaer:
446 2829 526 2872 σφε
548 2819 582 2858 L
695 2818 823 2871 ἄπιθι]
854 2819 1006 2860 ἄπελθε
1042 2818 1082 2856 R
1101 2818 1181 2857 SV
1347 2831 1394 2856 21
1437 2819 1462 2867 ἡ
1495 2818 1632 2858 RSV
1662 2818 1786 2858 Stob.

122 2875 210 2914 flor.
241 2887 306 2924 23,
338 2887 410 2915 12:
451 2879 533 2914 o'm.
568 2874 660 2914 rell.
811 2876 977 2923 κτῆσμα
1010 2872 1050 2911 R
1204 2875 1267 2915 καὶ
1299 2874 1354 2924 μὴ
1386 2873 1438 2922 Α,
1482 2874 1559 2913 sed
1598 2874 1662 2915 καὶ
1701 2872 1786 2913 del.

121 2941 173 2977 24
204 2929 412 2978 ἀπέβαλον
435 2929 472 2968 R
488 2929 568 2969 SV
590 2929 709 2970 Stob.
733 2944 742 2969 ε
770 2928 1004 2980 μετέβαλον
1024 2927 1116 2968 rell.
1330 2940 1383 2978 25
1411 2928 1507 2981 ἤδη]
1532 2929 1582 2979 δὴ
1604 2927 1645 2967 R
1666 2941 1675 2967 :
1704 2939 1789 2969 om.

123 2982 205 3025 SV
313 2988 451 3035 μηδοῒς
473 2983 579 3025 SV:
622 2984 760 3036 μηδεὶς
799 2983 839 3023 R
1007 2984 1061 3023 26
1101 2985 1249 3025 ἑωυτοῦ
1290 2982 1435 3023 RSV

177 3106 280 3136 nor.
303 3107 331 3137 1.
1028 3096 1038 3102 '
1626 3092 1678 3139 17
