2098 3320
769 186 1143 240 ΙΣΤΟΡΙΩΝ
1210 187 1253 240 Α
1894 195 1933 245 1.
1953 204 2046 248 '120

179 319 316 390 λόγῳ
349 316 595 385 βασιλέες
630 317 876 374 ἐτελέωσε
911 319 1142 386 ποιήσας·
1190 320 1270 373 καὶ
1305 322 1401 389 γὰρ
1436 323 1741 390 δορυφόρους
1780 323 1858 375 καὶ

107 464 111 468 .
179 403 427 472 θυρωροὺς
463 403 543 457 καὶ
577 403 979 474 ἀγγελιηφόρους
1015 407 1095 459 καὶ
1130 407 1193 459 τὰ
1231 407 1387 479 λοιπὰ
1426 405 1589 459 πάντα
1627 405 1860 474 διατάξας

179 487 317 558 ἦρχε.
408 488 487 541 καὶ
517 493 604 542 νῦν
634 490 685 544 ἐς
714 491 768 542 τί
791 490 905 556 ὑμῖν
934 494 1088 543 ταῦτα
1120 491 1351 559 φαίνεται
1387 490 1586 560 φέρειν,·
1635 490 1781 545 εἶπαν
1813 494 1860 545 οἱ
1892 516 1917 559 3

178 573 346 641 μάγοι·
394 574 456 626 Εἰ
499 575 590 640 μὲν
628 575 859 641 περίεστί
893 596 948 628 τε
993 576 1072 628 καὶ
1114 577 1427 641 ἐβασίλευσε
1471 577 1498 627 ὁ
1540 581 1657 632 παῖς
1695 575 1763 642 μὴ
1806 578 1860 629 ἐκ

131 679 154 722 5
181 659 413 726 προνοίης
462 658 613 718 τινός,
664 657 842 726 θάρσει
887 681 942 714 τε
989 660 1164 713 τούτου
1219 662 1383 714 εἵνεκα
1436 660 1514 713 καὶ
1568 664 1722 727 θυμὸν
1771 662 1859 731 ἔχε

179 743 384 811 ἀγαθόν·
431 744 487 797 οὐ
513 745 607 811 γὰρ
632 742 704 796 ἔτι
726 743 783 796 τὸ
806 744 1035 811 δεύτερον
1059 743 1214 814 ἄρξει.
1285 747 1635 814 πάρεξ-σμικρὰ
1658 747 1753 814 γὰρ
1779 747 1858 799 καὶ
1877 758 2098 791 vtum*

178 831 278 880 τῶν
313 828 501 897 λογίων
535 827 652 894 ἡμῖν
690 829 797 881 ἔνια
834 829 1100 898 κεχῴρηκε,
1143 829 1222 882 καὶ
1260 829 1322 882 τά
1358 851 1418 898 γε
1453 835 1553 883 τῶν
1590 830 2094 898 ὀνειράτωνωκωᾼ,

0 910 396 983 οννκιῖιηέχόμενα
417 911 600 984 τελ-έως
624 915 675 968 ἐς
699 914 909 968 ἀσθενὲς
940 914 1154 983 ἔρχεται.
1230 916 1492 981 ἀμείβεται
1522 916 1549 966 ὁ
1572 914 1857 983 Ἀστυάγης
1891 931 2098 994 4ααο3α

177 998 383 1050 τοισίδε·
432 997 528 1049 Καὶ
564 998 726 1058 αὐτός,
765 1003 803 1050 ὠ
838 997 1006 1066 μάγοι,
1040 999 1192 1072 ταύτῃ
1227 1004 1468 1053 πλεῖστος
1503 999 1702 1067 γνώμην
1740 1002 1855 1066 εἶμί,

106 1103 155 1133 ιο
176 1080 425 1148 βασιλέος
464 1081 835 1148 ὀνομασθέντος
873 1084 960 1135 τοῦ
996 1083 1173 1138 παιδὸς
1216 1082 1409 1150 ἐξήκειν
1445 1105 1500 1136 τε
1538 1088 1625 1137 τὸν
1665 1086 1857 1152 ὄνειρον

177 1167 264 1220 καί
293 1188 376 1234 μοι
405 1166 492 1219 τὸν
522 1171 673 1220 παῖδα
708 1171 880 1220 τοῦτον
918 1166 1044 1220 εἶναι
1080 1167 1243 1222 δεινὸν
1281 1169 1353 1221 ἔτι
1389 1167 1548 1221 οὐδέν.
1636 1170 1768 1241 ὅμως
1798 1191 1853 1236 γε

175 1250 346 1318 μέντοι
390 1251 807 1318 συμβουλεύσατέ
857 1273 941 1318 μοι
986 1253 1039 1305 εῦ
1084 1251 1527 1322 περισκεψάμενοι,
1574 1254 1635 1306 τὰ
1677 1252 1857 1319 μέλλει

178 1335 548 1404 ἀσφαλέστατα
585 1336 709 1390 εἶναι
744 1338 860 1407 οἴκῳ
897 1358 951 1390 τε
981 1342 1047 1407 τῷ
1088 1339 1188 1409 ἐμῷ
1227 1338 1306 1390 καὶ
1338 1338 1467 1413 ὑμῖν.
1559 1337 1703 1391 εἶπαν
1734 1337 1854 1406 πρὸς
1889 1359 1909 1404 5

176 1425 328 1474 ταῦτα
347 1422 393 1473 οἱ
410 1419 577 1488 μάγοι·
604 1419 675 1472 ⁴⁷52
692 1426 930 1487 βασιλεῦ,
952 1422 1030 1474 καὶ
1052 1422 1248 1475 αὐτοῖσι
1266 1422 1382 1488 ἡμῖν
1401 1422 1513 1489 περὶ
1532 1426 1724 1475 πολλοῦ
1744 1423 1855 1474 ἐστι

106 1526 153 1568 15
182 1509 541 1573 κατορθοῦσθαι
571 1504 732 1575 ἀρχὴν
765 1505 854 1570 τὴν
885 1505 998 1571 σήν.
1048 1507 1238 1577 ,κείνως
1267 1509 1359 1572 μὲν
1383 1509 1477 1574 γὰρ
1502 1507 2098 1578 ἀλλοτρρῦταιὶλζςιειμα.

179 1590 230 1645 ἐς
273 1589 360 1643 τὸν
404 1593 557 1643 παῖδα
599 1594 775 1643 τοῦτον
819 1595 1081 1658 περιιοῦσα
1126 1592 1273 1644 ἐόντα
1318 1589 1541 1658 Πέρσην,
1590 1591 1670 1643 καὶ
1712 1591 1853 1656 ἡμεῖς
1874 1578 2098 1680 W

177 1675 344 1730 ἐόντες
390 1677 557 1739 Μῆδοι
600 1674 906 1740 δουλούμεθά
950 1697 1003 1728 τε
1049 1675 1128 1728 καὶ
1171 1677 1326 1744 λόγου
1371 1674 1570 1730 οὐδενὸς
1613 1676 1852 1743 γινόμεθα

178 1758 300 1826 πρὸς
335 1758 591 1827 Περσέων,
633 1759 797 1814 ἐόντες
833 1759 1002 1826 ξεῖνοι·
1050 1759 1140 1813 σέο
1177 1759 1219 1813 δ’
1252 1762 1550 1814 ἐνεστεῶτος
1583 1759 1847 1825 βασιλέος,

179 1844 349 1899 ἐόντος
379 1842 645 1909 πολιήτεω,
680 1844 758 1896 καὶ
794 1843 1014 1913 ἄρχομεν
1044 1844 1100 1896 τὸ
1133 1844 1282 1912 μέρος
1319 1844 1398 1897 καὶ
1428 1845 1571 1910 τιμὰς
1600 1843 1722 1911 πρὸς
1759 1842 1849 1895 σέο

105 1949 155 1979 20
176 1927 400 1996 μεγάλας
429 1927 628 1997 ἔχομεν.
696 1930 823 1981 οὕτω
854 1926 922 1981 ὧν
953 1928 1147 1983 πάντως
1176 1929 1293 1995 ἡμῖν
1324 1928 1415 1981 σέο
1444 1950 1498 1981 τε
1530 1928 1608 1980 καὶ
1637 1931 1724 1993 τῆς
1755 1931 1849 1992 σῆς
1883 1939 1910 1982 6

178 2013 334 2080 ἀρχῆς
370 2012 646 2081 προοπτέον
683 2014 810 2066 ἐστί.
900 2013 980 2066 καὶ
1019 2018 1106 2066 νῦν
1142 2015 1184 2066 εἰ
1221 2013 1445 2081 φοβερόν
1483 2034 1531 2065 τι
1572 2013 1846 2079 ἐνωρῶμεν,

178 2101 277 2150 πᾶν
308 2096 367 2150 ἄν
398 2119 482 2150 σοι
511 2097 901 2165 προεφράζομεν.
990 2102 1078 2151 νῦν
1108 2101 1161 2151 δὲ
1197 2096 1592 2165 ἀποσκήψαντος
1622 2101 1709 2149 τοῦ
1740 2099 1845 2150 ἐνυ-

178 2182 320 2234 πνίου
352 2185 403 2236 ἐς
433 2188 658 2250 φλαῦρον
688 2182 830 2236 αὐτοί
855 2203 910 2236 τε
942 2182 1218 2250 θαρσέομεν
1250 2183 1330 2235 καὶ
1361 2183 1444 2234 σοὶ
1475 2182 1619 2249 ἕτερα
1648 2186 1849 2234 τοιαῦτα

178 2268 626 2334 παρακελευόμεθα·
673 2267 760 2320 τὸν
803 2269 857 2320 δὲ
901 2270 1052 2321 παῖδα
1090 2273 1265 2320 τοῦτον
1307 2266 1365 2332 ἐξ
1403 2268 1685 2334 ὀφθαλμῶν,
1724 2266 1845 2319 ἀπό-

107 2373 153 2415 ²5
178 2357 378 2421 πεμψαι
407 2354 458 2407 ἐς
482 2351 687 2421 Πέρσας
715 2374 770 2406 τε
802 2352 880 2405 καὶ
909 2353 1023 2407 τοὺς
1046 2351 1382 2420 γειναμένους.
1457 2351 1674 2406 ἀκούσας
1696 2355 1849 2403 ταῦτα
1888 2365 1965 2400 121

178 2436 205 2487 ὁ
228 2435 510 2507 Ἀστυάγης
537 2437 691 2508 ἐχάρη
722 2460 775 2492 τε
809 2438 887 2490 καὶ
921 2438 1139 2492 καλέσας
1161 2437 1248 2490 τὸν
1274 2441 1436 2504 Κῦρον
1460 2434 1607 2503 ἔλεγέ
1635 2437 1681 2488 οἱ
1711 2433 1844 2487 τάδε·

170 2519 244 2573 ‘³52
275 2527 380 2584 παῖ,
414 2525 475 2576 σὲ
505 2525 600 2591 γὰρ
631 2524 729 2595 ἐγὼ
769 2522 831 2576 δι’
862 2525 987 2590 ὄψιν
1023 2524 1215 2590 ὀνείρου
1248 2522 1306 2574 οὐ
1335 2519 1515 2586 τελέην
1545 2520 1753 2585 ἠδίκεον,
1788 2527 2098 2593 7·stan

179 2612 398 2661 σεωυτοῦ
437 2610 490 2662 δὲ
531 2610 675 2682 μοίρῃ
710 2609 911 2662 πεοίεις·
958 2613 1045 2660 νῦν
1084 2605 1153 2659 ὧν
1193 2608 1261 2659 ’ίθι
1301 2607 1490 2674 χαίρων
1531 2606 1582 2659 ἐς
1624 2603 1843 2670 Πέρσας,
1874 2600 2086 2675 mg)-

231 2765 256 2792 2
286 2753 508 2806 ἆγγελιαφ.
536 2751 574 2790 R
590 2751 672 2792 SV
849 2763 875 2800 3
906 2750 994 2803 εἶχε
1019 2749 1102 2790 SV
1213 2752 1383 2795 vvuom.
1413 2746 1452 2785 R
1469 2746 1498 2786 S
1514 2745 1551 2785 V
1664 2743 1753 2784 ἔστι
1778 2743 1846 2784 R:

178 2806 245 2848 ἔτι·
260 2807 342 2848 SV
390 2815 392 2817 ’
507 2819 531 2857 5
562 2807 744 2860 προνοίας
767 2807 806 2846 R
820 2807 859 2845 V
1023 2805 1051 2842 6
1079 2805 1130 2845 τᾶ
1150 2804 1298 2857 σμικρὰ
1319 2803 1352 2843 C
1520 2813 1541 2850 7
1574 2800 1684 2851 ἡμῶν
1707 2798 1745 2836 R
1764 2799 1794 2837 5
1809 2798 1846 2835 V

177 2876 205 2912 9
231 2866 371 2905 τοῖσδε
395 2862 430 2901 L·
626 2875 669 2902 11
703 2863 834 2903 δεινὸν
854 2874 935 2902 om.
961 2860 994 2898 P
1136 2858 1253 2900 οὐδὲν
1274 2858 1334 2899 ἔτι
1358 2858 1397 2897 R
1413 2856 1496 2896 SV
1635 2871 1685 2906 γε
1705 2852 1844 2904 μέντοι

180 2917 296 2958 Eltz:
326 2919 402 2969 μέν
419 2917 470 2971 γε’
489 2934 553 2959 τοι
577 2918 609 2958 L
823 2918 871 2956 16
899 2918 1093 2969 περιοῦσα
1116 2914 1204 2953 RV
1219 2914 1249 2953 S
1273 2914 1403 2966 (παρ.)
1610 2923 1663 2949 20
1692 2926 1739 2950 τε
1760 2920 1842 2947 om.

177 2971 218 3012 A
232 2972 267 3012 B
282 2974 315 3012 C
333 2973 366 3012 P
559 2986 608 3012 21
654 2972 859 3027 προπτέον
889 2972 920 3012 S
933 2971 971 3010 V
1117 2972 1323 3024 ἐνωρῶμεν
1358 2968 1526 3018 Lhardy
1544 2981 1551 3005 :
1597 2969 1780 3018 εωρῶμεν
1810 2961 1843 3000 L

181 3028 276 3080 (ἔορ.
296 3028 350 3077 C)
460 3042 512 3078 23
533 3033 689 3081 φαῦλον
707 3028 747 3066 Α
762 3029 796 3067 Β
812 3027 846 3067 C
862 3027 895 3066 P
997 3038 1048 3075 24
1073 3024 1284 3077 ἇπόπεμψε
1303 3023 1342 3062 R
1358 3023 1388 3063 S
1403 3022 1441 3062 V
1552 3034 1602 3072 27
1623 3017 1785 3062 τελέειν
1803 3015 1844 3056 R

176 3082 252 3131 τῆς
272 3084 420 3125 ἑωυτοῦ
442 3083 472 3124 S
486 3083 523 3122 V
634 3084 687 3122 28
714 3083 851 3136 μοίρης
874 3081 912 3121 R
930 3081 960 3122 S
973 3079 1012 3120 V
