2098 3320
54 64 237 113 11.16o

159 362 244 410 ὧι

220 551 245 582 ἢ.)

152 1631 247 1681 ffiz

222 1982 247 2013 2

903 64 949 111 H
964 65 1326 112 POAOTOT

283 191 513 243 ἐκέλευον
572 191 659 244 τὸν
721 193 890 259 ἀγῶνα
947 192 1152 251 τιθέναι,
1206 192 1426 245 Ἠλείων
1486 195 1539 245 δὲ
1595 193 1769 258 μηδενὶ
1819 193 1945 248 εἶναι

284 276 631 342 ἀγωνίζεσθαι.
720 281 873 328 ταῦτα
901 279 992 342 μὲν
1023 276 1286 344 Αἰγύπτιοι
1315 276 1571 329 Ἠλείοισι
1599 274 1921 343 ὑπεθήκαντο.

366 358 593 425 Ψάμμιος
623 362 676 412 δὲ
707 358 766 425 ἓξ
793 360 905 413 ἔτεα
934 365 1117 426 μοῦνον
1147 355 1552 427 βασιλεύσαντος
1583 362 1835 429 Αἰγύπτου
1867 362 1945 415 καὶ

286 442 722 511 στρατευσαμένου
755 447 806 499 ἐς
842 445 1107 510 Αἰθιοπίην
1140 445 1218 496 καὶ
1254 447 1519 510 μεταυτίκα
1554 444 1944 511 τελευτήσαντος

287 525 544 592 ἐξεδέξατο
591 528 800 596 Ἀπρίης
845 531 871 580 6
914 527 1157 594 Ψάμμιος·
1221 527 1274 582 ὃς
1317 531 1441 594 μετὰ
1486 528 1815 599 Ψαμμήτιχον
1858 530 1992 597 τὸν5

286 615 467 664 ἑωυτοῦ
507 612 796 681 προπάτορα
837 612 1034 680 ἐγένετο
1080 612 1521 679 εὐδαιμονέστατος
1565 618 1664 666 τῶν
1708 614 1946 682 πρότερον

285 695 563 761 βασιλέων,
598 696 675 748 ἐπ’
706 698 819 750 ἔτεα
854 696 1003 750 πέντε
1036 697 1113 748 καὶ
1146 698 1304 749 εἴκοσι
1327 695 1494 765 ἄρξας,
1528 699 1581 750 ἐν
1611 702 1746 750 τοῖσι
1782 700 1870 752 ἐπί
1893 721 1947 752 τε

286 784 479 833 Σιδῶνα
509 780 724 847 στρατὸν
754 780 915 846 ἤλασε
949 782 1028 834 καὶ
1058 780 1376 849 ἐναυμάχησε
1407 786 1473 851 τῷ
1497 783 1676 852 Τυρίῳ.
1765 782 1871 835 ἐπεὶ
1893 781 1948 835 δέ

286 867 333 917 οἳ
374 864 480 917 ἔδεε
520 870 677 925 κακῶς
720 865 971 933 γενέσθαι,
1005 864 1204 932 ἐγένετο
1249 865 1346 918 ἀπὸ
1390 864 1672 934 προφάσιος
1715 865 1808 931 τὴν
1848 866 2098 934 ἐγιῖκΐᾱω·Ι

285 950 503 1015 μεζόνως
560 953 652 1014 μὲν
711 952 765 1002 ἐν
823 954 957 1002 τοῖσι
1014 953 1284 1016 Λιβυκοῖσι
1341 949 1546 1018 λόγοισι
1605 948 1944 1018 ἀπηγήσομαι,
1975 974 2023 1003 ιο

284 1035 494 1101 μετρίως
525 1033 567 1085 δ’
592 1035 645 1086 ἐν
669 1039 735 1103 τῷ
770 1035 1020 1101 παρεόντι·
1070 1032 1373 1101 ἀποπέμψας
1397 1035 1491 1101 γὰρ
1516 1032 1798 1101 στράτευμα
1818 1033 1948 1102 μέγα

288 1119 314 1168 6
342 1117 549 1184 Ἀπρίης
580 1119 660 1171 ἐπὶ
695 1119 999 1186 Κυρηναίους
1028 1116 1260 1185 μεγάλως
1290 1116 1651 1185 προσέπταισε,
1684 1118 1949 1186 Αἰγύπτιοι

287 1204 339 1254 δὲ
371 1206 521 1254 ταῦτα
545 1203 937 1270 ἐπιμεμφόμενοι
969 1201 1264 1267 ἀπέστησαν
1289 1200 1371 1254 ἀπ’
1396 1201 1558 1262 αὐτοῦ,
1586 1201 1839 1257 δοκέοντες
1861 1201 1948 1255 τὸν

252 1323 261 1330 =
287 1285 499 1353 Ἀπρίην
529 1289 582 1338 ἐκ
606 1289 840 1353 προνοίης
863 1286 1036 1341 αὐτοὺς
1059 1285 1356 1354 ἀποπέμψαι
1381 1287 1431 1340 ἐς
1455 1287 1756 1354 φαινόμενον
1781 1287 1944 1345 κακόν,

286 1371 368 1422 ἵνα
387 1370 445 1436 δὴ
467 1369 644 1439 σφέων
664 1370 826 1440 φθορὴ
850 1371 1070 1438 γένηται,
1092 1370 1238 1425 αὐτὸς
1261 1372 1313 1423 δὲ
1332 1375 1430 1423 τῶν
1449 1375 1639 1423 λοιπῶν
1664 1372 1948 1438 Αἰγυπτίων
1975 1393 2021 1434 15

287 1454 675 1522 ἀσφαλέστερον
705 1454 865 1524 ἄρχοι.
953 1459 1106 1507 ταῦτα
1141 1457 1195 1507 δὲ
1231 1456 1366 1507 δεινὰ
1402 1455 1686 1520 ποιεύμενοι
1726 1455 1865 1507 οὗτοί
1893 1476 1947 1508 τε

287 1542 333 1592 οἱ
365 1538 805 1604 ἀπονοστήσαντες
830 1540 909 1592 καὶ
933 1542 978 1592 οἱ
1008 1545 1106 1591 τῶν
1128 1537 1455 1605 ἀπολομένων
1480 1540 1622 1607 φίλοι
1653 1538 1948 1604 ἀπέστησαν

288 1625 341 1675 ἐκ
383 1626 470 1688 τῆς
512 1623 659 1689 ἰθέης.
748 1625 1023 1689 πυθόμενος
1059 1626 1112 1676 δὲ
1151 1625 1177 1674 6
1213 1623 1420 1690 Ἀπρίης
1460 1628 1612 1675 ταῦτα
1651 1622 1833 1689 πέμπει
1869 1621 1946 1674 ἐπ’

254 1752 256 1754 .
286 1707 462 1762 αὐτοὺς
493 1706 716 1774 ’Ἄμασιν
758 1707 1141 1761 καταπαύσοντα
1180 1708 1398 1775 λόγοισι.
1473 1708 1499 1758 6
1541 1710 1593 1759 δὲ
1630 1708 1792 1760 ἐπείτε
1831 1708 1944 1759 ἀπι-

287 1793 492 1857 κόμενος
545 1791 894 1858 κατελάμβανε
937 1792 1049 1845 τοὺς
1095 1792 1393 1858 Αἰγυπτίους
1436 1796 1588 1843 ταῦτα
1631 1790 1697 1857 μὴ
1743 1790 1944 1850 ποιέειν,
1974 1813 2024 1842 20

286 1875 527 1944 λέγοντος
557 1876 704 1928 αὐτοῦ
742 1882 841 1929 τῶν
877 1898 950 1931 τις
993 1877 1276 1943 Αἰγυπτίων
1312 1877 1493 1928 ὄπισθε
1531 1878 1655 1929 στὰς
1688 1874 1948 1942 περιέθηκέ

277 1946 332 2012 ὀἱ
365 1960 539 2026 κυνέην
571 1961 649 2013 καὶ
679 1960 941 2027 περιτιθεὶς
972 1960 1069 2027 ἔφη
1095 1961 1175 2011 ἐπὶ
1205 1959 1454 2031 βασιληίῃ
1478 1958 1792 2026 περιτιθέναι.
1869 1958 1948 2010 καὶ

286 2049 352 2114 τῷ
386 2046 441 2096 οὔ
475 2068 568 2100 κως
602 2046 864 2097 ἀεκούσιον
901 2045 1093 2111 ἐγίνετο
1130 2043 1186 2095 τὸ
1222 2043 1529 2108 ποιεύμενον,
1565 2043 1629 2097 ὡς
1666 2043 1945 2096 διεδείκνυε.

287 2130 450 2181 ἐπείτε
482 2131 574 2197 γὰρ
612 2127 896 2192 ἐστήσαντό
924 2150 1008 2194 μιν
1044 2126 1270 2194 βασιλέα
1299 2132 1397 2179 τῶν
1434 2127 1720 2194 Αἰγυπτίων
1749 2129 1796 2179 οἱ
1825 2127 1943 2179 ἀπε-

289 2218 517 2272 στεῶτες,
551 2211 942 2280 παρεσκευάζετο
980 2212 1045 2265 ὡς
1083 2213 1210 2263 ἐλῶν
1248 2212 1328 2263 ἐπὶ
1365 2210 1452 2262 τὸν
1482 2210 1708 2278 Ἀπρίην.
1795 2211 1945 2264 πυθό-
1973 2231 2020 2272 25

287 2318 434 2361 μενος
458 2300 510 2349 δὲ
540 2302 690 2348 ταῦτα
714 2298 740 2347 ὁ
765 2296 971 2363 Ἀπρίης
1003 2296 1191 2360 ἔπεμπε
1216 2294 1291 2346 ἐπ’
1314 2294 1539 2360 ’Άμασιν
1562 2294 1716 2362 ἄνδρα
1744 2295 1946 2360 δόκιμον

287 2386 386 2432 τῶν
430 2381 541 2447 περὶ
586 2379 767 2432 ἑωυτὸν
813 2380 1113 2447 Αἰγυπτίων,
1158 2384 1226 2449 τῷ
1267 2379 1452 2444 οὔνομα
1492 2377 1550 2443 ἦν
1596 2378 1944 2445 Πατάρβημις,

288 2465 632 2531 ἐντειλάμενος
680 2464 808 2534 αὐτῷ
861 2465 1014 2528 ζῶντα
1048 2462 1271 2528 ’Ἀμασιν
1324 2463 1532 2529 ἀγαγεῖν
1582 2461 1696 2528 παρ’
1748 2462 1943 2514 ἑωυτόν.

289 2548 353 2601 ὡς
398 2553 451 2601 δὲ
496 2549 791 2614 ἀπικόμενος
844 2552 930 2600 τὸν
966 2546 1190 2612 ’Άμασιν
1236 2545 1410 2597 ἐκάλεε
1456 2547 1482 2595 ὁ
1528 2545 1871 2613 Πατάρβημις,
1919 2546 1945 2596 6

342 2698 367 2723 2
389 2685 660 2737 ἀγωνίσασθαι
683 2683 772 2721 RV
897 2694 917 2730 7
939 2680 1082 2732 πέντε]
1106 2680 1148 2722 έν
1168 2697 1214 2721 τε
1231 2679 1270 2718 R
1285 2680 1320 2718 V
1418 2679 1506 2720 ἐπεί
1527 2679 1618 2719 RV
1739 2693 1766 2729 9
1787 2680 1944 2733 ἐγίνετο

287 2739 474 2779 ABCP
588 2751 633 2777 11
663 2736 942 2791 whom-SV
1034 2733 1431 2788 ‚ue'ya’AvnRSVz
1463 2733 1940 2787 ὁἈπ.με’γαΡ;ὁἈπ.

289 2795 329 2833 Α
345 2794 379 2832 Β
395 2795 428 2834 C
615 2806 663 2832 12
683 2791 920 2845 μεγάλωστι
941 2789 978 2829 Α
993 2791 1028 2828 Β
1217 2790 1266 2827 16
1296 2789 1401 2842 ἄρχῃ
1426 2787 1500 2826 PS
1689 2789 1737 2827 18
1767 2788 1888 2837 ἰθείης
1908 2788 1942 2826 L

289 2852 309 2889 ὃ
331 2862 414 2888 om.
437 2847 477 2887 A
493 2848 527 2887 B
543 2848 576 2887 C
593 2847 626 2886 P
772 2859 824 2884 22
854 2848 889 2886 οἱ
908 2858 987 2885 om.
1010 2844 1048 2882 R
1064 2844 1144 2883 SV
1309 2856 1359 2893 27
1391 2842 1481 2895 παρ’
1503 2844 1634 2884 αὐτῶν
1656 2843 1685 2883 S
1699 2843 1789 2882 VR
1813 2842 1940 2896 (·τὸν)

289 2905 341 2941 28
371 2905 485 2955 ἄγειν
509 2903 546 2941 R
564 2902 642 2941 SV
808 2913 861 2950 29
889 2899 1087 2953 τάρβημις
1110 2897 1199 2938 RV
1771 2914 1777 2920 ·
